<?xml version="1.0" encoding="UTF-8"?>
<!DOCTYPE html PUBLIC "-//W3C//DTD XHTML 1.0 Transitional//EN"
    "http://www.w3.org/TR/xhtml1/DTD/xhtml1-transitional.dtd">
<html xmlns="http://www.w3.org/1999/xhtml" xml:lang="en" lang="en">
 <head>
  <title>
</title>
<meta http-equiv="Content-Type" content="text/html;charset=utf-8" />
  <meta name='ocr-system' content='tesseract 3.04.00' />
  <meta name='ocr-capabilities' content='ocr_page ocr_carea ocr_par ocr_line ocrx_word'/>
</head>
<body>
  <div class='ocr_page' id='page_1' title='image "./vitajesuchristi01rigogoog_0234.png"; bbox 0 0 2632 4320; ppageno 0'>
   <div class='ocr_carea' id='block_1_1' title="bbox 132 255 1203 319">
    <p class='ocr_par' dir='ltr' id='par_1_1' title="bbox 132 255 1203 319">
     <span class='ocr_line' id='line_1_1' title="bbox 132 255 1203 319; baseline 0.013 -14"><span class='ocrx_word' id='word_1_1' title='bbox 132 255 180 306; x_wconf 86' lang='lat' dir='ltr'>DE</span> <span class='ocrx_word' id='word_1_2' title='bbox 196 255 392 307; x_wconf 86' lang='lat' dir='ltr'>EJECTIONE</span> <span class='ocrx_word' id='word_1_3' title='bbox 403 258 640 309; x_wconf 85' lang='lat' dir='ltr'>VENDENTIUM</span> <span class='ocrx_word' id='word_1_4' title='bbox 653 259 699 309; x_wconf 90' lang='lat' dir='ltr'>ET</span> <span class='ocrx_word' id='word_1_5' title='bbox 708 260 904 314; x_wconf 89' lang='lat' dir='ltr'>EMENTIUM</span> <span class='ocrx_word' id='word_1_6' title='bbox 919 265 964 316; x_wconf 90' lang='lat' dir='ltr'>DE</span> <span class='ocrx_word' id='word_1_7' title='bbox 980 266 1135 319; x_wconf 85' lang='lat' dir='ltr'><strong>TEMPLO.</strong></span> <span class='ocrx_word' id='word_1_8' title='bbox 1154 269 1203 319; x_wconf 87' lang='lat'>225</span> 
     </span>
    </p>
   </div>
   <div class='ocr_carea' id='block_1_2' title="bbox 78 372 619 1156">
    <p class='ocr_par' dir='ltr' id='par_1_2' title="bbox 78 372 619 1156">
     <span class='ocr_line' id='line_1_2' title="bbox 82 372 619 439; baseline 0.004 -17"><span class='ocrx_word' id='word_1_9' title='bbox 82 373 195 439; x_wconf 84' lang='lat' dir='ltr'>quisque</span> <span class='ocrx_word' id='word_1_10' title='bbox 218 372 423 439; x_wconf 80' lang='lat' dir='ltr'><strong><em>constringitur.</em></strong></span> <span class='ocrx_word' id='word_1_11' title='bbox 451 374 529 425; x_wconf 86' lang='lat' dir='ltr'><strong>Unde</strong></span> <span class='ocrx_word' id='word_1_12' title='bbox 558 375 619 425; x_wconf 85' lang='lat' dir='ltr'>Au-</span> 
     </span>
     <span class='ocr_line' id='line_1_3' title="bbox 81 447 618 514; baseline 0 -18"><span class='ocrx_word' id='word_1_13' title='bbox 81 447 237 512; x_wconf 82' lang='lat' dir='ltr'>guttinus:</span> <span class='ocrx_word' id='word_1_14' title='bbox 261 448 364 512; x_wconf 81' lang='lat' dir='ltr'>«Ergo</span> <span class='ocrx_word' id='word_1_15' title='bbox 388 449 496 513; x_wconf 91' lang='lat' dir='ltr'>quando</span> <span class='ocrx_word' id='word_1_16' title='bbox 517 447 618 514; x_wconf 90' lang='lat' dir='ltr'>aliquid</span> 
     </span>
     <span class='ocr_line' id='line_1_4' title="bbox 81 520 617 587; baseline -0.002 -16"><span class='ocrx_word' id='word_1_17' title='bbox 81 520 225 583; x_wconf 90' lang='lat' dir='ltr'>patiuntur</span> <span class='ocrx_word' id='word_1_18' title='bbox 242 531 350 587; x_wconf 90' lang='lat' dir='ltr'>propter</span> <span class='ocrx_word' id='word_1_19' title='bbox 366 521 524 586; x_wconf 81' lang='lat' dir='ltr'>iniquitates</span> <span class='ocrx_word' id='word_1_20' title='bbox 547 537 617 581; x_wconf 91' lang='lat' dir='ltr'>suas,</span> 
     </span>
     <span class='ocr_line' id='line_1_5' title="bbox 82 592 618 660; baseline 0.006 -18"><span class='ocrx_word' id='word_1_21' title='bbox 82 593 111 643; x_wconf 92' lang='lat' dir='ltr'>hi</span> <span class='ocrx_word' id='word_1_22' title='bbox 136 593 185 659; x_wconf 93' lang='lat' dir='ltr'>qui</span> <span class='ocrx_word' id='word_1_23' title='bbox 200 594 241 644; x_wconf 93' lang='lat' dir='ltr'>vel</span> <span class='ocrx_word' id='word_1_24' title='bbox 264 592 324 643; x_wconf 90' lang='lat' dir='ltr'>ficte</span> <span class='ocrx_word' id='word_1_25' title='bbox 341 594 453 655; x_wconf 90' lang='lat' dir='ltr'>bonum,</span> <span class='ocrx_word' id='word_1_26' title='bbox 468 595 509 643; x_wconf 85' lang='lat' dir='ltr'>vel</span> <span class='ocrx_word' id='word_1_27' title='bbox 529 604 618 660; x_wconf 89' lang='lat' dir='ltr'>aperte</span> 
     </span>
     <span class='ocr_line' id='line_1_6' title="bbox 81 664 618 732; baseline 0.006 -18"><span class='ocrx_word' id='word_1_28' title='bbox 81 665 154 716; x_wconf 88' lang='lat' dir='ltr'>male</span> <span class='ocrx_word' id='word_1_29' title='bbox 175 665 279 715; x_wconf 90' lang='lat' dir='ltr'>faciunt</span> <span class='ocrx_word' id='word_1_30' title='bbox 295 664 323 715; x_wconf 92' lang='lat' dir='ltr'>in</span> <span class='ocrx_word' id='word_1_31' title='bbox 338 666 458 726; x_wconf 89' lang='lat' dir='ltr'>ecclesia,</span> <span class='ocrx_word' id='word_1_32' title='bbox 473 675 618 732; x_wconf 84' lang='lat' dir='ltr'>agnoscant</span> 
     </span>
     <span class='ocr_line' id='line_1_7' title="bbox 80 735 618 802; baseline 0.002 -17"><span class='ocrx_word' id='word_1_33' title='bbox 80 736 147 801; x_wconf 92' lang='lat' dir='ltr'>quia</span> <span class='ocrx_word' id='word_1_34' title='bbox 172 735 308 786; x_wconf 88' lang='lat' dir='ltr'>Dominus</span> <span class='ocrx_word' id='word_1_35' title='bbox 336 735 396 786; x_wconf 88' lang='lat' dir='ltr'>fecit</span> <span class='ocrx_word' id='word_1_36' title='bbox 424 736 560 802; x_wconf 88' lang='lat' dir='ltr'>flagellum</span> <span class='ocrx_word' id='word_1_37' title='bbox 585 737 618 786; x_wconf 92' lang='lat' dir='ltr'>de</span> 
     </span>
     <span class='ocr_line' id='line_1_8' title="bbox 81 803 618 872; baseline 0.004 -18"><span class='ocrx_word' id='word_1_38' title='bbox 81 803 215 856; x_wconf 88' lang='lat' dir='ltr'>resticulis</span> <span class='ocrx_word' id='word_1_39' title='bbox 248 815 416 872; x_wconf 89' lang='lat' dir='ltr'>peccatorum</span> <span class='ocrx_word' id='word_1_40' title='bbox 441 822 562 867; x_wconf 90' lang='lat' dir='ltr'>suorum,</span> <span class='ocrx_word' id='word_1_41' title='bbox 591 816 618 857; x_wconf 91' lang='lat' dir='ltr'>et</span> 
     </span>
     <span class='ocr_line' id='line_1_9' title="bbox 80 875 617 937; baseline 0 -11"><span class='ocrx_word' id='word_1_42' title='bbox 80 875 210 926; x_wconf 80' lang='lat' dir='ltr'>admonet</span> <span class='ocrx_word' id='word_1_43' title='bbox 226 891 272 926; x_wconf 89' lang='lat' dir='ltr'>ees</span> <span class='ocrx_word' id='word_1_44' title='bbox 287 886 317 927; x_wconf 92' lang='lat' dir='ltr'>ut</span> <span class='ocrx_word' id='word_1_45' title='bbox 333 887 439 927; x_wconf 89' lang='lat' dir='ltr'>mutent</span> <span class='ocrx_word' id='word_1_46' title='bbox 453 893 490 937; x_wconf 91' lang='lat' dir='ltr'>se,</span> <span class='ocrx_word' id='word_1_47' title='bbox 513 893 546 928; x_wconf 91' lang='lat' dir='ltr'>ne</span> <span class='ocrx_word' id='word_1_48' title='bbox 562 877 617 927; x_wconf 91' lang='lat' dir='ltr'>sint</span> 
     </span>
     <span class='ocr_line' id='line_1_10' title="bbox 80 949 614 1017; baseline 0.002 -17"><span class='ocrx_word' id='word_1_49' title='bbox 80 949 276 1017; x_wconf 57' lang='lat' dir='ltr'>negotiatorem</span> <span class='ocrx_word' id='word_1_50' title='bbox 301 966 333 1000; x_wconf 90' lang='lat' dir='ltr'>ne</span> <span class='ocrx_word' id='word_1_51' title='bbox 355 951 463 1001; x_wconf 87' lang='lat' dir='ltr'>tandem</span> <span class='ocrx_word' id='word_1_52' title='bbox 483 951 614 1001; x_wconf 86' lang='lat' dir='ltr'>audiant:</span> 
     </span>
     <span class='ocr_line' id='line_1_11' title="bbox 80 1019 615 1086; baseline 0 -16"><span class='ocrx_word' id='word_1_53' title='bbox 80 1020 174 1086; x_wconf 88' lang='lat' dir='ltr'>Ligate</span> <span class='ocrx_word' id='word_1_54' title='bbox 188 1019 243 1070; x_wconf 90' lang='lat' dir='ltr'>illis</span> <span class='ocrx_word' id='word_1_55' title='bbox 258 1035 354 1070; x_wconf 87' lang='lat' dir='ltr'>manus</span> <span class='ocrx_word' id='word_1_56' title='bbox 369 1030 394 1070; x_wconf 92' lang='lat' dir='ltr'>et</span> <span class='ocrx_word' id='word_1_57' title='bbox 407 1021 496 1086; x_wconf 89' lang='lat' dir='ltr'>pedes,</span> <span class='ocrx_word' id='word_1_58' title='bbox 511 1031 537 1071; x_wconf 89' lang='lat' dir='ltr'>et</span> <span class='ocrx_word' id='word_1_59' title='bbox 557 1036 615 1086; x_wconf 89' lang='lat' dir='ltr'>pro·</span> 
     </span>
     <span class='ocr_line' id='line_1_12' title="bbox 78 1089 615 1156; baseline 0 -15"><span class='ocrx_word' id='word_1_60' title='bbox 78 1091 151 1156; x_wconf 87' lang='lat' dir='ltr'>jicite</span> <span class='ocrx_word' id='word_1_61' title='bbox 165 1090 194 1140; x_wconf 93' lang='lat' dir='ltr'>in</span> <span class='ocrx_word' id='word_1_62' title='bbox 211 1091 335 1140; x_wconf 80' lang='lat' dir='ltr'>tenebras</span> <span class='ocrx_word' id='word_1_63' title='bbox 349 1089 511 1141; x_wconf 85' lang='lat' dir='ltr'>exteriores:</span> <span class='ocrx_word' id='word_1_64' title='bbox 527 1111 540 1138; x_wconf 81' lang='lat' dir='ltr'>n</span> <span class='ocrx_word' id='word_1_65' title='bbox 558 1091 615 1141; x_wconf 86' lang='lat' dir='ltr'>haec</span> 
     </span>
    </p>
   </div>
   <div class='ocr_carea' id='block_1_3' title="bbox 78 1161 634 1231">
    <p class='ocr_par' dir='ltr' id='par_1_3' title="bbox 78 1161 634 1231">
     <span class='ocr_line' id='line_1_13' title="bbox 78 1161 634 1231; baseline -0.004 -17"><span class='ocrx_word' id='word_1_66' title='bbox 78 1163 260 1228; x_wconf 72' lang='lat' dir='ltr'>Augustinus</span> <span class='ocrx_word' id='word_1_67' title='bbox 276 1163 305 1212; x_wconf 93' lang='lat' dir='ltr'>ln</span> <span class='ocrx_word' id='word_1_68' title='bbox 320 1162 372 1212; x_wconf 88' lang='lat' dir='ltr'>hoe</span> <span class='ocrx_word' id='word_1_69' title='bbox 389 1163 460 1229; x_wconf 90' lang='lat' dir='ltr'>quod</span> <span class='ocrx_word' id='word_1_70' title='bbox 481 1161 615 1212; x_wconf 89' lang='lat' dir='ltr'>Dominus</span> <span class='ocrx_word' id='word_1_71' title='bbox 631 1225 634 1231; x_wconf 31' lang='grc' dir='ltr'>Ι</span> 
     </span>
    </p>
   </div>
   <div class='ocr_carea' id='block_1_4' title="bbox 59 1233 613 3947">
    <p class='ocr_par' dir='ltr' id='par_1_4' title="bbox 59 1233 613 3947">
     <span class='ocr_line' id='line_1_14' title="bbox 78 1233 611 1300; baseline -0.002 -16"><span class='ocrx_word' id='word_1_72' title='bbox 78 1233 183 1300; x_wconf 84' lang='lat' dir='ltr'>expulit</span> <span class='ocrx_word' id='word_1_73' title='bbox 204 1234 237 1284; x_wconf 93' lang='lat' dir='ltr'>de</span> <span class='ocrx_word' id='word_1_74' title='bbox 261 1234 361 1298; x_wconf 91' lang='lat' dir='ltr'>templo</span> <span class='ocrx_word' id='word_1_75' title='bbox 383 1237 463 1284; x_wconf 90' lang='lat' dir='ltr'>boves</span> <span class='ocrx_word' id='word_1_76' title='bbox 489 1243 516 1283; x_wconf 89' lang='lat' dir='ltr'>et</span> <span class='ocrx_word' id='word_1_77' title='bbox 532 1249 611 1296; x_wconf 83' lang='lat' dir='ltr'>oves3</span> 
     </span>
     <span class='ocr_line' id='line_1_15' title="bbox 76 1304 613 1364; baseline -0.002 -10"><span class='ocrx_word' id='word_1_78' title='bbox 76 1314 103 1354; x_wconf 93' lang='lat' dir='ltr'>et</span> <span class='ocrx_word' id='word_1_79' title='bbox 124 1304 332 1364; x_wconf 86' lang='lat' dir='ltr'>nummularios,</span> <span class='ocrx_word' id='word_1_80' title='bbox 353 1312 380 1354; x_wconf 93' lang='lat' dir='ltr'>et</span> <span class='ocrx_word' id='word_1_81' title='bbox 398 1304 545 1354; x_wconf 89' lang='lat' dir='ltr'>vendentes</span> <span class='ocrx_word' id='word_1_82' title='bbox 565 1319 613 1353; x_wconf 93' lang='lat' dir='ltr'>co-</span> 
     </span>
     <span class='ocr_line' id='line_1_16' title="bbox 77 1375 613 1442; baseline 0 -17"><span class='ocrx_word' id='word_1_83' title='bbox 77 1377 185 1426; x_wconf 90' lang='lat' dir='ltr'>lumbas</span> <span class='ocrx_word' id='word_1_84' title='bbox 200 1375 304 1438; x_wconf 87' lang='lat' dir='ltr'>evertit,</span> <span class='ocrx_word' id='word_1_85' title='bbox 327 1376 439 1442; x_wconf 86' lang='lat' dir='ltr'>mystice</span> <span class='ocrx_word' id='word_1_86' title='bbox 458 1375 613 1440; x_wconf 88' lang='lat' dir='ltr'>designatur</span> 
     </span>
     <span class='ocr_line' id='line_1_17' title="bbox 76 1447 611 1514; baseline -0.002 -17"><span class='ocrx_word' id='word_1_87' title='bbox 76 1449 150 1514; x_wconf 92' lang='lat' dir='ltr'>quod</span> <span class='ocrx_word' id='word_1_88' title='bbox 165 1447 265 1512; x_wconf 80' lang='lat' dir='ltr'>praelati</span> <span class='ocrx_word' id='word_1_89' title='bbox 286 1456 438 1497; x_wconf 84' lang='lat' dir='ltr'>constanter</span> <span class='ocrx_word' id='word_1_90' title='bbox 452 1447 550 1496; x_wconf 90' lang='lat' dir='ltr'>debent</span> <span class='ocrx_word' id='word_1_91' title='bbox 567 1461 611 1496; x_wconf 89' lang='lat' dir='ltr'>re-</span> 
     </span>
     <span class='ocr_line' id='line_1_18' title="bbox 74 1518 610 1585; baseline 0.002 -17"><span class='ocrx_word' id='word_1_92' title='bbox 74 1518 192 1585; x_wconf 88' lang='lat' dir='ltr'>primere</span> <span class='ocrx_word' id='word_1_93' title='bbox 225 1519 378 1584; x_wconf 85' lang='lat' dir='ltr'>hypocritas</span> <span class='ocrx_word' id='word_1_94' title='bbox 405 1519 487 1585; x_wconf 88' lang='lat' dir='ltr'>pelles</span> <span class='ocrx_word' id='word_1_95' title='bbox 516 1518 610 1569; x_wconf 88' lang='lat' dir='ltr'>ovinas</span> 
     </span>
     <span class='ocr_line' id='line_1_19' title="bbox 74 1591 611 1658; baseline 0.004 -16"><span class='ocrx_word' id='word_1_96' title='bbox 74 1591 254 1653; x_wconf 87' lang='lat' dir='ltr'>simulantes,</span> <span class='ocrx_word' id='word_1_97' title='bbox 279 1601 408 1658; x_wconf 88' lang='lat' dir='ltr'>tyrannos</span> <span class='ocrx_word' id='word_1_98' title='bbox 440 1607 522 1642; x_wconf 90' lang='lat' dir='ltr'>cornu</span> <span class='ocrx_word' id='word_1_99' title='bbox 555 1607 611 1644; x_wconf 85' lang='lat' dir='ltr'>suae</span> 
     </span>
     <span class='ocr_line' id='line_1_20' title="bbox 74 1664 609 1729; baseline 0.002 -14"><span class='ocrx_word' id='word_1_100' title='bbox 74 1664 203 1729; x_wconf 80' lang='lat' dir='ltr'>potentiae</span> <span class='ocrx_word' id='word_1_101' title='bbox 234 1666 321 1716; x_wconf 91' lang='lat' dir='ltr'>bonos</span> <span class='ocrx_word' id='word_1_102' title='bbox 343 1664 514 1727; x_wconf 88' lang='lat' dir='ltr'>ventilantes,</span> <span class='ocrx_word' id='word_1_103' title='bbox 542 1680 609 1716; x_wconf 90' lang='lat' dir='ltr'>usu-</span> 
     </span>
     <span class='ocr_line' id='line_1_21' title="bbox 73 1735 609 1801; baseline 0.002 -16"><span class='ocrx_word' id='word_1_104' title='bbox 73 1735 161 1786; x_wconf 88' lang='lat' dir='ltr'>rarios</span> <span class='ocrx_word' id='word_1_105' title='bbox 179 1745 206 1786; x_wconf 88' lang='lat' dir='ltr'>et</span> <span class='ocrx_word' id='word_1_106' title='bbox 221 1735 384 1786; x_wconf 90' lang='lat' dir='ltr'>simoniacos</span> <span class='ocrx_word' id='word_1_107' title='bbox 401 1735 471 1785; x_wconf 90' lang='lat' dir='ltr'>dona</span> <span class='ocrx_word' id='word_1_108' title='bbox 492 1735 609 1801; x_wconf 89' lang='lat' dir='ltr'>Spiritus</span> 
     </span>
     <span class='ocr_line' id='line_1_22' title="bbox 72 1808 608 1876; baseline 0 -18"><span class='ocrx_word' id='word_1_109' title='bbox 72 1808 175 1869; x_wconf 86' lang='lat' dir='ltr'>Sancti,</span> <span class='ocrx_word' id='word_1_110' title='bbox 190 1824 251 1876; x_wconf 88' lang='lat' dir='ltr'>quae</span> <span class='ocrx_word' id='word_1_111' title='bbox 267 1825 315 1874; x_wconf 92' lang='lat' dir='ltr'>per</span> <span class='ocrx_word' id='word_1_112' title='bbox 330 1809 485 1859; x_wconf 88' lang='lat' dir='ltr'>columbam</span> <span class='ocrx_word' id='word_1_113' title='bbox 503 1808 608 1859; x_wconf 88' lang='lat' dir='ltr'>intelli-</span> 
     </span>
     <span class='ocr_line' id='line_1_23' title="bbox 72 1880 608 1947; baseline 0.004 -18"><span class='ocrx_word' id='word_1_114' title='bbox 72 1888 184 1947; x_wconf 90' lang='lat' dir='ltr'>guntur,</span> <span class='ocrx_word' id='word_1_115' title='bbox 206 1881 362 1930; x_wconf 88' lang='lat' dir='ltr'>vendentes.</span> <span class='ocrx_word' id='word_1_116' title='bbox 385 1880 502 1930; x_wconf 86' lang='lat' dir='ltr'>Maxime</span> <span class='ocrx_word' id='word_1_117' title='bbox 519 1890 608 1931; x_wconf 89' lang='lat' dir='ltr'>autem</span> 
     </span>
     <span class='ocr_line' id='line_1_24' title="bbox 72 1950 609 2004; baseline 0.006 -4"><span class='ocrx_word' id='word_1_118' title='bbox 72 1966 105 2000; x_wconf 84' lang='lat' dir='ltr'>ex</span> <span class='ocrx_word' id='word_1_119' title='bbox 119 1950 173 2001; x_wconf 84' lang='lat' dir='ltr'>hoc</span> <span class='ocrx_word' id='word_1_120' title='bbox 189 1950 259 2002; x_wconf 86' lang='lat' dir='ltr'>facto</span> <span class='ocrx_word' id='word_1_121' title='bbox 279 1953 389 2003; x_wconf 86' lang='lat' dir='ltr'>Domini</span> <span class='ocrx_word' id='word_1_122' title='bbox 409 1951 554 2003; x_wconf 88' lang='lat' dir='ltr'>enormitas</span> <span class='ocrx_word' id='word_1_123' title='bbox 568 1953 609 2004; x_wconf 89' lang='lat' dir='ltr'>si·</span> 
     </span>
     <span class='ocr_line' id='line_1_25' title="bbox 72 2023 609 2092; baseline 0.007 -19"><span class='ocrx_word' id='word_1_124' title='bbox 72 2023 205 2075; x_wconf 81' lang='lat' dir='ltr'>moniacae</span> <span class='ocrx_word' id='word_1_125' title='bbox 215 2025 353 2091; x_wconf 87' lang='lat' dir='ltr'>pravitatis</span> <span class='ocrx_word' id='word_1_126' title='bbox 367 2026 530 2089; x_wconf 82' lang='lat' dir='ltr'>ostenditur3</span> <span class='ocrx_word' id='word_1_127' title='bbox 546 2025 609 2092; x_wconf 89' lang='lat' dir='ltr'>quia</span> 
     </span>
     <span class='ocr_line' id='line_1_26' title="bbox 72 2094 608 2160; baseline 0.009 -18"><span class='ocrx_word' id='word_1_128' title='bbox 72 2107 208 2160; x_wconf 84' lang='lat' dir='ltr'>nusquam</span> <span class='ocrx_word' id='word_1_129' title='bbox 235 2094 301 2145; x_wconf 90' lang='lat' dir='ltr'>alibi</span> <span class='ocrx_word' id='word_1_130' title='bbox 326 2096 499 2160; x_wconf 85' lang='lat' dir='ltr'>corporaliter</span> <span class='ocrx_word' id='word_1_131' title='bbox 526 2096 608 2147; x_wconf 89' lang='lat' dir='ltr'>resti-</span> 
     </span>
     <span class='ocr_line' id='line_1_27' title="bbox 72 2162 607 2230; baseline 0.009 -18"><span class='ocrx_word' id='word_1_132' title='bbox 72 2162 147 2224; x_wconf 89' lang='lat' dir='ltr'>tisse,</span> <span class='ocrx_word' id='word_1_133' title='bbox 165 2173 192 2214; x_wconf 91' lang='lat' dir='ltr'>et</span> <span class='ocrx_word' id='word_1_134' title='bbox 204 2164 272 2214; x_wconf 87' lang='lat' dir='ltr'>alios</span> <span class='ocrx_word' id='word_1_135' title='bbox 293 2165 435 2230; x_wconf 89' lang='lat' dir='ltr'>impulisse</span> <span class='ocrx_word' id='word_1_136' title='bbox 446 2167 488 2216; x_wconf 92' lang='lat' dir='ltr'>vel</span> <span class='ocrx_word' id='word_1_137' title='bbox 500 2166 607 2230; x_wconf 88' lang='lat' dir='ltr'>ejecisse</span> 
     </span>
     <span class='ocr_line' id='line_1_28' title="bbox 71 2235 607 2303; baseline 0.009 -21"><span class='ocrx_word' id='word_1_138' title='bbox 71 2243 206 2285; x_wconf 87' lang='lat' dir='ltr'>narratur.</span> <span class='ocrx_word' id='word_1_139' title='bbox 221 2235 249 2284; x_wconf 91' lang='lat' dir='ltr'>Si</span> <span class='ocrx_word' id='word_1_140' title='bbox 264 2235 417 2300; x_wconf 90' lang='lat' dir='ltr'>igitureum</span> <span class='ocrx_word' id='word_1_141' title='bbox 432 2235 462 2285; x_wconf 93' lang='lat' dir='ltr'>in</span> <span class='ocrx_word' id='word_1_142' title='bbox 477 2237 528 2286; x_wconf 89' lang='lat' dir='ltr'>hoc</span> <span class='ocrx_word' id='word_1_143' title='bbox 541 2252 607 2303; x_wconf 90' lang='lat' dir='ltr'>quo·</span> 
     </span>
     <span class='ocr_line' id='line_1_29' title="bbox 69 2304 606 2369; baseline 0.009 -16"><span class='ocrx_word' id='word_1_144' title='bbox 69 2318 124 2369; x_wconf 91' lang='lat' dir='ltr'>que</span> <span class='ocrx_word' id='word_1_145' title='bbox 147 2304 250 2354; x_wconf 89' lang='lat' dir='ltr'>imitari</span> <span class='ocrx_word' id='word_1_146' title='bbox 271 2306 405 2365; x_wconf 87' lang='lat' dir='ltr'>volumus,</span> <span class='ocrx_word' id='word_1_147' title='bbox 420 2305 443 2356; x_wconf 90' lang='lat' dir='ltr'>si</span> <span class='ocrx_word' id='word_1_148' title='bbox 458 2323 514 2357; x_wconf 90' lang='lat' dir='ltr'>non</span> <span class='ocrx_word' id='word_1_149' title='bbox 528 2308 606 2359; x_wconf 88' lang='lat' dir='ltr'>aliter</span> 
     </span>
     <span class='ocr_line' id='line_1_30' title="bbox 70 2379 605 2438; baseline 0.009 -11"><span class='ocrx_word' id='word_1_150' title='bbox 70 2391 234 2438; x_wconf 86' lang='lat' dir='ltr'>possumus,</span> <span class='ocrx_word' id='word_1_151' title='bbox 260 2379 339 2430; x_wconf 88' lang='lat' dir='ltr'>etiam</span> <span class='ocrx_word' id='word_1_152' title='bbox 368 2379 498 2430; x_wconf 80' lang='lat' dir='ltr'>violenter</span> <span class='ocrx_word' id='word_1_153' title='bbox 519 2381 605 2432; x_wconf 92' lang='lat' dir='ltr'>simo-</span> 
     </span>
     <span class='ocr_line' id='line_1_31' title="bbox 68 2447 605 2516; baseline 0.009 -18"><span class='ocrx_word' id='word_1_154' title='bbox 68 2447 161 2499; x_wconf 89' lang='lat' dir='ltr'>niacos</span> <span class='ocrx_word' id='word_1_155' title='bbox 185 2449 220 2498; x_wconf 89' lang='lat' dir='ltr'>ab</span> <span class='ocrx_word' id='word_1_156' title='bbox 246 2449 365 2500; x_wconf 88' lang='lat' dir='ltr'>Ecclesia</span> <span class='ocrx_word' id='word_1_157' title='bbox 394 2451 493 2516; x_wconf 87' lang='lat' dir='ltr'>pellere</span> <span class='ocrx_word' id='word_1_158' title='bbox 521 2453 605 2503; x_wconf 90' lang='lat' dir='ltr'>debe-</span> 
     </span>
     <span class='ocr_line' id='line_1_32' title="bbox 67 2521 605 2591; baseline 0.009 -21"><span class='ocrx_word' id='word_1_159' title='bbox 67 2536 144 2584; x_wconf 90' lang='lat' dir='ltr'>mus;</span> <span class='ocrx_word' id='word_1_160' title='bbox 164 2521 188 2572; x_wconf 90' lang='lat' dir='ltr'>si</span> <span class='ocrx_word' id='word_1_161' title='bbox 203 2530 291 2572; x_wconf 88' lang='lat' dir='ltr'>tamen</span> <span class='ocrx_word' id='word_1_162' title='bbox 304 2523 374 2573; x_wconf 90' lang='lat' dir='ltr'>vires</span> <span class='ocrx_word' id='word_1_163' title='bbox 389 2534 534 2589; x_wconf 88' lang='lat' dir='ltr'>suppetant</span> <span class='ocrx_word' id='word_1_164' title='bbox 546 2526 605 2591; x_wconf 91' lang='lat' dir='ltr'>qui-</span> 
     </span>
     <span class='ocr_line' id='line_1_33' title="bbox 67 2593 603 2650; baseline 0.009 -6"><span class='ocrx_word' id='word_1_165' title='bbox 67 2593 120 2645; x_wconf 88' lang='lat' dir='ltr'>bus</span> <span class='ocrx_word' id='word_1_166' title='bbox 142 2595 195 2646; x_wconf 90' lang='lat' dir='ltr'>hoc</span> <span class='ocrx_word' id='word_1_167' title='bbox 219 2595 277 2646; x_wconf 90' lang='lat' dir='ltr'>sine</span> <span class='ocrx_word' id='word_1_168' title='bbox 302 2597 425 2647; x_wconf 87' lang='lat' dir='ltr'>Ecclesiae</span> <span class='ocrx_word' id='word_1_169' title='bbox 441 2597 603 2650; x_wconf 91' lang='lat' dir='ltr'>detrimento</span> 
     </span>
     <span class='ocr_line' id='line_1_34' title="bbox 65 2665 602 2730; baseline 0.011 -16"><span class='ocrx_word' id='word_1_170' title='bbox 65 2665 308 2718; x_wconf 82' lang='lat' dir='ltr'>lacerevaleamus.</span> <span class='ocrx_word' id='word_1_171' title='bbox 324 2669 421 2719; x_wconf 86' lang='lat' dir='ltr'>Audite</span> <span class='ocrx_word' id='word_1_172' title='bbox 434 2669 499 2730; x_wconf 88' lang='lat' dir='ltr'>haec,</span> <span class='ocrx_word' id='word_1_173' title='bbox 515 2669 602 2721; x_wconf 89' lang='lat' dir='ltr'>simo-</span> 
     </span>
     <span class='ocr_line' id='line_1_35' title="bbox 64 2737 599 2807; baseline 0.011 -21"><span class='ocrx_word' id='word_1_174' title='bbox 64 2737 146 2799; x_wconf 90' lang='lat' dir='ltr'>niaci,</span> <span class='ocrx_word' id='word_1_175' title='bbox 167 2738 267 2799; x_wconf 84' lang='lat' dir='ltr'>audite,</span> <span class='ocrx_word' id='word_1_176' title='bbox 285 2740 463 2806; x_wconf 87' lang='lat' dir='ltr'>negotiatores</span> <span class='ocrx_word' id='word_1_177' title='bbox 477 2741 599 2807; x_wconf 87' lang='lat' dir='ltr'>nefandi;</span> 
     </span>
     <span class='ocr_line' id='line_1_36' title="bbox 65 2811 602 2878; baseline 0.011 -19"><span class='ocrx_word' id='word_1_178' title='bbox 65 2818 113 2859; x_wconf 89' lang='lat' dir='ltr'>aut</span> <span class='ocrx_word' id='word_1_179' title='bbox 126 2825 142 2861; x_wconf 85' lang='lat' dir='ltr'>a</span> <span class='ocrx_word' id='word_1_180' title='bbox 158 2811 276 2878; x_wconf 88' lang='lat' dir='ltr'>negotiis</span> <span class='ocrx_word' id='word_1_181' title='bbox 296 2822 404 2872; x_wconf 89' lang='lat' dir='ltr'>cessate,</span> <span class='ocrx_word' id='word_1_182' title='bbox 425 2823 472 2864; x_wconf 92' lang='lat' dir='ltr'>aut</span> <span class='ocrx_word' id='word_1_183' title='bbox 485 2815 518 2864; x_wconf 89' lang='lat' dir='ltr'>de</span> <span class='ocrx_word' id='word_1_184' title='bbox 531 2825 602 2865; x_wconf 91' lang='lat' dir='ltr'>tem-</span> 
     </span>
     <span class='ocr_line' id='line_1_37' title="bbox 66 2879 600 2948; baseline 0.011 -17"><span class='ocrx_word' id='word_1_185' title='bbox 66 2879 113 2944; x_wconf 90' lang='lat' dir='ltr'>plo</span> <span class='ocrx_word' id='word_1_186' title='bbox 135 2881 216 2933; x_wconf 82' lang='lat' dir='ltr'>exite.</span> <span class='ocrx_word' id='word_1_187' title='bbox 244 2884 300 2934; x_wconf 90' lang='lat' dir='ltr'>Vos</span> <span class='ocrx_word' id='word_1_188' title='bbox 325 2885 502 2936; x_wconf 89' lang='lat' dir='ltr'>nummularii</span> <span class='ocrx_word' id='word_1_189' title='bbox 526 2886 600 2948; x_wconf 84' lang='lat' dir='ltr'>estis,</span> 
     </span>
     <span class='ocr_line' id='line_1_38' title="bbox 65 2952 602 3022; baseline 0.013 -22"><span class='ocrx_word' id='word_1_190' title='bbox 65 2966 116 3002; x_wconf 86' lang='lat' dir='ltr'>vos</span> <span class='ocrx_word' id='word_1_191' title='bbox 129 2952 270 3004; x_wconf 90' lang='lat' dir='ltr'>columbas</span> <span class='ocrx_word' id='word_1_192' title='bbox 281 2965 307 3005; x_wconf 89' lang='lat' dir='ltr'>et</span> <span class='ocrx_word' id='word_1_193' title='bbox 318 2955 431 3020; x_wconf 85' lang='lat' dir='ltr'>gratiam</span> <span class='ocrx_word' id='word_1_194' title='bbox 443 2957 532 3007; x_wconf 89' lang='lat' dir='ltr'>Sancti</span> <span class='ocrx_word' id='word_1_195' title='bbox 544 2958 602 3022; x_wconf 90' lang='lat' dir='ltr'>Spi-</span> 
     </span>
     <span class='ocr_line' id='line_1_39' title="bbox 67 3022 601 3086; baseline 0.013 -13"><span class='ocrx_word' id='word_1_196' title='bbox 67 3022 137 3075; x_wconf 88' lang='lat' dir='ltr'>ritus</span> <span class='ocrx_word' id='word_1_197' title='bbox 159 3026 288 3086; x_wconf 83' lang='lat' dir='ltr'>venditis‚</span> <span class='ocrx_word' id='word_1_198' title='bbox 305 3042 353 3077; x_wconf 89' lang='lat' dir='ltr'>vos</span> <span class='ocrx_word' id='word_1_199' title='bbox 374 3027 432 3077; x_wconf 88' lang='lat' dir='ltr'>sine</span> <span class='ocrx_word' id='word_1_200' title='bbox 447 3044 561 3078; x_wconf 91' lang='lat' dir='ltr'>nummo</span> <span class='ocrx_word' id='word_1_201' title='bbox 575 3039 601 3080; x_wconf 88' lang='lat' dir='ltr'>et</span> 
     </span>
     <span class='ocr_line' id='line_1_40' title="bbox 65 3095 600 3165; baseline 0.009 -20"><span class='ocrx_word' id='word_1_202' title='bbox 65 3095 154 3161; x_wconf 89' lang='lat' dir='ltr'>pretio</span> <span class='ocrx_word' id='word_1_203' title='bbox 169 3096 240 3147; x_wconf 90' lang='lat' dir='ltr'>nihil</span> <span class='ocrx_word' id='word_1_204' title='bbox 261 3097 349 3164; x_wconf 87' lang='lat' dir='ltr'>agitis.</span> <span class='ocrx_word' id='word_1_205' title='bbox 372 3099 476 3148; x_wconf 90' lang='lat' dir='ltr'>Omnes</span> <span class='ocrx_word' id='word_1_206' title='bbox 489 3099 600 3165; x_wconf 90' lang='lat' dir='ltr'>quidem</span> 
     </span>
     <span class='ocr_line' id='line_1_41' title="bbox 65 3163 600 3233; baseline 0.013 -19"><span class='ocrx_word' id='word_1_207' title='bbox 65 3163 211 3217; x_wconf 89' lang='lat' dir='ltr'>simoniaci</span> <span class='ocrx_word' id='word_1_208' title='bbox 235 3169 371 3233; x_wconf 83' lang='lat' dir='ltr'>atemplo</span> <span class='ocrx_word' id='word_1_209' title='bbox 396 3167 443 3218; x_wconf 92' lang='lat' dir='ltr'>Dei</span> <span class='ocrx_word' id='word_1_210' title='bbox 469 3168 511 3219; x_wconf 90' lang='lat' dir='ltr'>vel</span> <span class='ocrx_word' id='word_1_211' title='bbox 538 3179 600 3221; x_wconf 90' lang='lat' dir='ltr'>ante</span> 
     </span>
     <span class='ocr_line' id='line_1_42' title="bbox 64 3233 600 3305; baseline 0.009 -20"><span class='ocrx_word' id='word_1_212' title='bbox 64 3233 214 3298; x_wconf 87' lang='lat' dir='ltr'>humanos,</span> <span class='ocrx_word' id='word_1_213' title='bbox 233 3239 275 3288; x_wconf 86' lang='lat' dir='ltr'>vel</span> <span class='ocrx_word' id='word_1_214' title='bbox 298 3248 357 3288; x_wconf 89' lang='lat' dir='ltr'>ante</span> <span class='ocrx_word' id='word_1_215' title='bbox 372 3238 420 3288; x_wconf 91' lang='lat' dir='ltr'>Dei</span> <span class='ocrx_word' id='word_1_216' title='bbox 435 3239 528 3289; x_wconf 87' lang='lat' dir='ltr'>oculos</span> <span class='ocrx_word' id='word_1_217' title='bbox 549 3239 600 3305; x_wconf 85' lang='lat' dir='ltr'>eji-</span> 
     </span>
     <span class='ocr_line' id='line_1_43' title="bbox 64 3304 599 3374; baseline 0.009 -20"><span class='ocrx_word' id='word_1_218' title='bbox 64 3304 185 3372; x_wconf 86' lang='lat' dir='ltr'>ciuntur,</span> <span class='ocrx_word' id='word_1_219' title='bbox 203 3316 230 3358; x_wconf 90' lang='lat' dir='ltr'>et</span> <span class='ocrx_word' id='word_1_220' title='bbox 243 3307 291 3358; x_wconf 90' lang='lat' dir='ltr'>Dei</span> <span class='ocrx_word' id='word_1_221' title='bbox 303 3308 376 3358; x_wconf 91' lang='lat' dir='ltr'>dono</span> <span class='ocrx_word' id='word_1_222' title='bbox 389 3308 538 3374; x_wconf 87' lang='lat' dir='ltr'>privantur.</span> <span class='ocrx_word' id='word_1_223' title='bbox 552 3309 599 3359; x_wconf 91' lang='lat' dir='ltr'>Si-</span> 
     </span>
     <span class='ocr_line' id='line_1_44' title="bbox 64 3376 600 3448; baseline 0.013 -21"><span class='ocrx_word' id='word_1_224' title='bbox 64 3376 167 3430; x_wconf 85' lang='lat' dir='ltr'>militer</span> <span class='ocrx_word' id='word_1_225' title='bbox 191 3379 280 3430; x_wconf 89' lang='lat' dir='ltr'>clerici</span> <span class='ocrx_word' id='word_1_226' title='bbox 304 3390 329 3431; x_wconf 89' lang='lat' dir='ltr'>et</span> <span class='ocrx_word' id='word_1_227' title='bbox 349 3381 479 3448; x_wconf 85' lang='lat' dir='ltr'>religiosi,</span> <span class='ocrx_word' id='word_1_228' title='bbox 504 3382 551 3447; x_wconf 94' lang='lat' dir='ltr'>qui</span> <span class='ocrx_word' id='word_1_229' title='bbox 572 3382 600 3434; x_wconf 89' lang='lat' dir='ltr'>in</span> 
     </span>
     <span class='ocr_line' id='line_1_45' title="bbox 63 3449 600 3519; baseline 0.013 -21"><span class='ocrx_word' id='word_1_230' title='bbox 63 3450 167 3517; x_wconf 89' lang='lat' dir='ltr'>templo</span> <span class='ocrx_word' id='word_1_231' title='bbox 181 3449 231 3501; x_wconf 89' lang='lat' dir='ltr'>Dei</span> <span class='ocrx_word' id='word_1_232' title='bbox 248 3461 313 3502; x_wconf 88' lang='lat' dir='ltr'>sunt</span> <span class='ocrx_word' id='word_1_233' title='bbox 327 3452 447 3519; x_wconf 90' lang='lat' dir='ltr'>deputati</span> <span class='ocrx_word' id='word_1_234' title='bbox 455 3468 463 3515; x_wconf 92' lang='lat'>;</span> <span class='ocrx_word' id='word_1_235' title='bbox 483 3452 506 3503; x_wconf 91' lang='lat' dir='ltr'>si</span> <span class='ocrx_word' id='word_1_236' title='bbox 521 3468 600 3505; x_wconf 90' lang='lat' dir='ltr'>secu-</span> 
     </span>
     <span class='ocr_line' id='line_1_46' title="bbox 61 3519 600 3590; baseline 0.011 -21"><span class='ocrx_word' id='word_1_237' title='bbox 61 3519 167 3573; x_wconf 87' lang='lat' dir='ltr'>laribus</span> <span class='ocrx_word' id='word_1_238' title='bbox 189 3532 216 3572; x_wconf 90' lang='lat' dir='ltr'>et</span> <span class='ocrx_word' id='word_1_239' title='bbox 229 3523 343 3574; x_wconf 88' lang='lat' dir='ltr'>terrenis</span> <span class='ocrx_word' id='word_1_240' title='bbox 363 3524 480 3590; x_wconf 89' lang='lat' dir='ltr'>negotiis</span> <span class='ocrx_word' id='word_1_241' title='bbox 502 3539 530 3575; x_wconf 92' lang='lat' dir='ltr'>se</span> <span class='ocrx_word' id='word_1_242' title='bbox 544 3524 600 3575; x_wconf 91' lang='lat' dir='ltr'>im-</span> 
     </span>
     <span class='ocr_line' id='line_1_47' title="bbox 60 3588 598 3660; baseline 0.011 -19"><span class='ocrx_word' id='word_1_243' title='bbox 60 3588 170 3656; x_wconf 86' lang='lat' dir='ltr'>plicent,</span> <span class='ocrx_word' id='word_1_244' title='bbox 194 3591 292 3642; x_wconf 89' lang='lat' dir='ltr'>merito</span> <span class='ocrx_word' id='word_1_245' title='bbox 325 3593 480 3658; x_wconf 84' lang='lat' dir='ltr'>ejectionem</span> <span class='ocrx_word' id='word_1_246' title='bbox 499 3610 514 3645; x_wconf 83' lang='lat' dir='ltr'>a</span> <span class='ocrx_word' id='word_1_247' title='bbox 533 3595 598 3660; x_wconf 92' lang='lat' dir='ltr'>Deo,</span> 
     </span>
     <span class='ocr_line' id='line_1_48' title="bbox 59 3660 600 3728; baseline 0.011 -18"><span class='ocrx_word' id='word_1_248' title='bbox 59 3669 99 3713; x_wconf 78' lang='lat' dir='ltr'>et.</span> <span class='ocrx_word' id='word_1_249' title='bbox 111 3660 171 3727; x_wconf 87' lang='lat' dir='ltr'>ejus</span> <span class='ocrx_word' id='word_1_250' title='bbox 195 3660 412 3728; x_wconf 86' lang='lat' dir='ltr'>indignationem</span> <span class='ocrx_word' id='word_1_251' title='bbox 434 3663 531 3716; x_wconf 88' lang='lat' dir='ltr'>timere</span> <span class='ocrx_word' id='word_1_252' title='bbox 552 3667 600 3717; x_wconf 90' lang='lat' dir='ltr'>de-</span> 
     </span>
     <span class='ocr_line' id='line_1_49' title="bbox 60 3728 601 3802; baseline 0.017 -23"><span class='ocrx_word' id='word_1_253' title='bbox 60 3728 134 3782; x_wconf 85' lang='lat' dir='ltr'>bent.</span> <span class='ocrx_word' id='word_1_254' title='bbox 151 3731 177 3783; x_wconf 92' lang='lat' dir='ltr'>O</span> <span class='ocrx_word' id='word_1_255' title='bbox 200 3744 301 3799; x_wconf 90' lang='lat' dir='ltr'>quanta</span> <span class='ocrx_word' id='word_1_256' title='bbox 320 3736 389 3785; x_wconf 89' lang='lat' dir='ltr'>mala</span> <span class='ocrx_word' id='word_1_257' title='bbox 403 3745 499 3802; x_wconf 91' lang='lat' dir='ltr'>gerunt</span> <span class='ocrx_word' id='word_1_258' title='bbox 519 3737 601 3789; x_wconf 90' lang='lat' dir='ltr'>hodie</span> 
     </span>
     <span class='ocr_line' id='line_1_50' title="bbox 59 3795 601 3871; baseline 0.018 -23"><span class='ocrx_word' id='word_1_259' title='bbox 59 3795 87 3847; x_wconf 92' lang='lat' dir='ltr'>in</span> <span class='ocrx_word' id='word_1_260' title='bbox 103 3799 232 3865; x_wconf 84' lang='lat' dir='ltr'>Ecclesia,</span> <span class='ocrx_word' id='word_1_261' title='bbox 255 3821 317 3871; x_wconf 83' lang='lat' dir='ltr'>quae</span> <span class='ocrx_word' id='word_1_262' title='bbox 331 3804 354 3856; x_wconf 89' lang='lat' dir='ltr'>si</span> <span class='ocrx_word' id='word_1_263' title='bbox 374 3806 507 3858; x_wconf 91' lang='lat' dir='ltr'>Dominus</span> <span class='ocrx_word' id='word_1_264' title='bbox 522 3807 601 3858; x_wconf 87' lang='lat' dir='ltr'>inve·</span> 
     </span>
     <span class='ocr_line' id='line_1_51' title="bbox 61 3869 601 3947; baseline 0.02 -26"><span class='ocrx_word' id='word_1_265' title='bbox 61 3869 158 3933; x_wconf 81' lang='lat' dir='ltr'>nisset,</span> <span class='ocrx_word' id='word_1_266' title='bbox 180 3876 276 3944; x_wconf 88' lang='lat' dir='ltr'>utique</span> <span class='ocrx_word' id='word_1_267' title='bbox 297 3879 412 3946; x_wconf 85' lang='lat' dir='ltr'>graviter</span> <span class='ocrx_word' id='word_1_268' title='bbox 431 3890 496 3931; x_wconf 89' lang='lat' dir='ltr'>tunc</span> <span class='ocrx_word' id='word_1_269' title='bbox 516 3881 601 3947; x_wconf 89' lang='lat' dir='ltr'>puni·</span> 
     </span>
    </p>
   </div>
   <div class='ocr_carea' id='block_1_5' title="bbox 124 3984 569 4056">
    <p class='ocr_par' dir='ltr' id='par_1_5' title="bbox 124 3984 569 4056">
     <span class='ocr_line' id='line_1_52' title="bbox 124 3984 569 4056; baseline 0.02 -20"><span class='ocrx_word' id='word_1_270' title='bbox 124 3984 197 4037; x_wconf 78' lang='lat' dir='ltr'>vm</span> <span class='ocrx_word' id='word_1_271' title='bbox 210 3985 274 4041; x_wconf 75' lang='lat' dir='ltr'>lesu</span> <span class='ocrx_word' id='word_1_272' title='bbox 286 3991 407 4056; x_wconf 82' lang='lat' dir='ltr'>Cunrsrr,</span> <span class='ocrx_word' id='word_1_273' title='bbox 424 4007 512 4045; x_wconf 78' lang='lat' dir='ltr'>sottus</span> <span class='ocrx_word' id='word_1_274' title='bbox 526 3993 569 4045; x_wconf 93' lang='lat' dir='ltr'>lll.</span> 
     </span>
    </p>
   </div>
   <div class='ocr_carea' id='block_1_6' title="bbox 668 375 1206 948">
    <p class='ocr_par' dir='ltr' id='par_1_6' title="bbox 668 375 1206 948">
     <span class='ocr_line' id='line_1_53' title="bbox 671 375 1206 447; baseline 0.017 -22"><span class='ocrx_word' id='word_1_275' title='bbox 671 375 770 426; x_wconf 83' lang='lat' dir='ltr'>visset!</span> <span class='ocrx_word' id='word_1_276' title='bbox 787 377 863 428; x_wconf 92' lang='lat' dir='ltr'>Unde</span> <span class='ocrx_word' id='word_1_277' title='bbox 884 380 981 430; x_wconf 82' lang='lat' dir='ltr'>Beda:</span> <span class='ocrx_word' id='word_1_278' title='bbox 998 400 1011 427; x_wconf 78' lang='lat' dir='ltr'>u</span> <span class='ocrx_word' id='word_1_279' title='bbox 1026 381 1108 447; x_wconf 83' lang='lat' dir='ltr'>Ejecit</span> <span class='ocrx_word' id='word_1_280' title='bbox 1128 399 1206 434; x_wconf 91' lang='lat' dir='ltr'>com-</span> 
     </span>
     <span class='ocr_line' id='line_1_54' title="bbox 673 447 1204 505; baseline 0.019 -10"><span class='ocrx_word' id='word_1_281' title='bbox 673 447 770 502; x_wconf 81' lang='lat' dir='ltr'>mercia</span> <span class='ocrx_word' id='word_1_282' title='bbox 784 463 874 498; x_wconf 90' lang='lat' dir='ltr'>rerum</span> <span class='ocrx_word' id='word_1_283' title='bbox 887 450 1068 502; x_wconf 91' lang='lat' dir='ltr'>humanarum</span> <span class='ocrx_word' id='word_1_284' title='bbox 1080 454 1204 505; x_wconf 89' lang='lat' dir='ltr'>dedomo</span> 
     </span>
     <span class='ocr_line' id='line_1_55' title="bbox 672 517 1203 590; baseline 0.019 -25"><span class='ocrx_word' id='word_1_285' title='bbox 672 517 726 573; x_wconf 81' lang='lat' dir='ltr'>illa,</span> <span class='ocrx_word' id='word_1_286' title='bbox 742 517 770 567; x_wconf 84' lang='lat' dir='ltr'>in</span> <span class='ocrx_word' id='word_1_287' title='bbox 786 533 840 584; x_wconf 88' lang='lat' dir='ltr'>qua</span> <span class='ocrx_word' id='word_1_288' title='bbox 853 519 1080 576; x_wconf 81' lang='lat' dir='ltr'>divinastantum</span> <span class='ocrx_word' id='word_1_289' title='bbox 1095 539 1136 574; x_wconf 89' lang='lat' dir='ltr'>res</span> <span class='ocrx_word' id='word_1_290' title='bbox 1150 526 1203 590; x_wconf 88' lang='lat' dir='ltr'>agi,</span> 
     </span>
     <span class='ocr_line' id='line_1_56' title="bbox 671 590 1201 658; baseline 0.019 -20"><span class='ocrx_word' id='word_1_291' title='bbox 671 590 774 640; x_wconf 89' lang='lat' dir='ltr'>hostias</span> <span class='ocrx_word' id='word_1_292' title='bbox 806 601 833 641; x_wconf 93' lang='lat' dir='ltr'>et</span> <span class='ocrx_word' id='word_1_293' title='bbox 857 593 991 644; x_wconf 90' lang='lat' dir='ltr'>orationes</span> <span class='ocrx_word' id='word_1_294' title='bbox 1015 597 1070 646; x_wconf 88' lang='lat' dir='ltr'>Deo</span> <span class='ocrx_word' id='word_1_295' title='bbox 1096 596 1201 658; x_wconf 88' lang='lat' dir='ltr'>offerri,</span> 
     </span>
     <span class='ocr_line' id='line_1_57' title="bbox 669 661 1201 729; baseline 0.019 -20"><span class='ocrx_word' id='word_1_296' title='bbox 669 661 782 711; x_wconf 89' lang='lat' dir='ltr'>verbum</span> <span class='ocrx_word' id='word_1_297' title='bbox 796 663 845 712; x_wconf 93' lang='lat' dir='ltr'>Dei</span> <span class='ocrx_word' id='word_1_298' title='bbox 865 663 927 729; x_wconf 87' lang='lat' dir='ltr'>legi,</span> <span class='ocrx_word' id='word_1_299' title='bbox 949 667 1046 727; x_wconf 90' lang='lat' dir='ltr'>audiri,</span> <span class='ocrx_word' id='word_1_300' title='bbox 1064 678 1090 718; x_wconf 92' lang='lat' dir='ltr'>et</span> <span class='ocrx_word' id='word_1_301' title='bbox 1104 670 1201 718; x_wconf 91' lang='lat' dir='ltr'>decan-</span> 
     </span>
     <span class='ocr_line' id='line_1_58' title="bbox 670 733 1202 807; baseline 0.017 -25"><span class='ocrx_word' id='word_1_302' title='bbox 670 733 719 782; x_wconf 89' lang='lat' dir='ltr'>tari</span> <span class='ocrx_word' id='word_1_303' title='bbox 745 744 907 800; x_wconf 81' lang='lat' dir='ltr'>praeceptum</span> <span class='ocrx_word' id='word_1_304' title='bbox 930 748 994 788; x_wconf 89' lang='lat' dir='ltr'>erat.</span> <span class='ocrx_word' id='word_1_305' title='bbox 1025 740 1058 788; x_wconf 92' lang='lat' dir='ltr'>Et</span> <span class='ocrx_word' id='word_1_306' title='bbox 1091 741 1202 807; x_wconf 89' lang='lat' dir='ltr'>quidem</span> 
     </span>
     <span class='ocr_line' id='line_1_59' title="bbox 669 805 1201 874; baseline 0.017 -21"><span class='ocrx_word' id='word_1_307' title='bbox 669 805 834 856; x_wconf 89' lang='lat' dir='ltr'>credendum</span> <span class='ocrx_word' id='word_1_308' title='bbox 864 816 919 867; x_wconf 91' lang='lat' dir='ltr'>est,</span> <span class='ocrx_word' id='word_1_309' title='bbox 951 809 1015 874; x_wconf 89' lang='lat' dir='ltr'>quia</span> <span class='ocrx_word' id='word_1_310' title='bbox 1041 825 1072 859; x_wconf 91' lang='lat' dir='ltr'>ea</span> <span class='ocrx_word' id='word_1_311' title='bbox 1097 821 1201 862; x_wconf 90' lang='lat' dir='ltr'>tantum</span> 
     </span>
     <span class='ocr_line' id='line_1_60' title="bbox 668 876 1200 948; baseline 0.019 -25"><span class='ocrx_word' id='word_1_312' title='bbox 668 876 748 925; x_wconf 85' lang='lat' dir='ltr'>vendi</span> <span class='ocrx_word' id='word_1_313' title='bbox 761 878 803 927; x_wconf 85' lang='lat' dir='ltr'>vel</span> <span class='ocrx_word' id='word_1_314' title='bbox 824 879 876 928; x_wconf 91' lang='lat' dir='ltr'>emi</span> <span class='ocrx_word' id='word_1_315' title='bbox 892 879 1018 944; x_wconf 89' lang='lat' dir='ltr'>repererit</span> <span class='ocrx_word' id='word_1_316' title='bbox 1041 881 1069 930; x_wconf 92' lang='lat' dir='ltr'>in</span> <span class='ocrx_word' id='word_1_317' title='bbox 1090 883 1200 948; x_wconf 89' lang='lat' dir='ltr'>templo,</span> 
     </span>
    </p>
   </div>
   <div class='ocr_carea' id='block_1_7' title="bbox 668 948 1275 1010">
    <p class='ocr_par' dir='ltr' id='par_1_7' title="bbox 668 948 1275 1010">
     <span class='ocr_line' id='line_1_61' title="bbox 668 948 1275 1010; baseline 0.02 -16"><span class='ocrx_word' id='word_1_318' title='bbox 668 961 727 1010; x_wconf 87' lang='lat' dir='ltr'>quae</span> <span class='ocrx_word' id='word_1_319' title='bbox 742 948 774 996; x_wconf 93' lang='lat' dir='ltr'>ad</span> <span class='ocrx_word' id='word_1_320' title='bbox 792 949 971 1000; x_wconf 90' lang='lat' dir='ltr'>ministerium</span> <span class='ocrx_word' id='word_1_321' title='bbox 995 953 1141 1003; x_wconf 89' lang='lat' dir='ltr'>necessaria</span> <span class='ocrx_word' id='word_1_322' title='bbox 1155 970 1200 1005; x_wconf 90' lang='lat' dir='ltr'>es·</span> <span class='ocrx_word' id='word_1_323' title='bbox 1271 982 1275 990; x_wconf 93' lang='lat'>·</span> 
     </span>
    </p>
   </div>
   <div class='ocr_carea' id='block_1_8' title="bbox 652 1019 1199 3440">
    <p class='ocr_par' dir='ltr' id='par_1_8' title="bbox 655 1019 1199 2786">
     <span class='ocr_line' id='line_1_62' title="bbox 668 1019 1199 1087; baseline 0.019 -23"><span class='ocrx_word' id='word_1_324' title='bbox 668 1027 728 1066; x_wconf 90' lang='lat' dir='ltr'>sent</span> <span class='ocrx_word' id='word_1_325' title='bbox 755 1019 873 1082; x_wconf 88' lang='lat' dir='ltr'>ejusdem</span> <span class='ocrx_word' id='word_1_326' title='bbox 897 1020 1004 1086; x_wconf 89' lang='lat' dir='ltr'>templi;</span> <span class='ocrx_word' id='word_1_327' title='bbox 1027 1022 1100 1086; x_wconf 86' lang='lat' dir='ltr'>juxta</span> <span class='ocrx_word' id='word_1_328' title='bbox 1125 1024 1199 1087; x_wconf 90' lang='lat' dir='ltr'>quod</span> 
     </span>
     <span class='ocr_line' id='line_1_63' title="bbox 666 1089 1198 1158; baseline 0.015 -21"><span class='ocrx_word' id='word_1_329' title='bbox 666 1089 732 1140; x_wconf 86' lang='lat' dir='ltr'>alias</span> <span class='ocrx_word' id='word_1_330' title='bbox 754 1089 853 1141; x_wconf 86' lang='lat' dir='ltr'>factum</span> <span class='ocrx_word' id='word_1_331' title='bbox 885 1093 1016 1158; x_wconf 89' lang='lat' dir='ltr'>legimus,</span> <span class='ocrx_word' id='word_1_332' title='bbox 1041 1110 1102 1144; x_wconf 91' lang='lat' dir='ltr'>cum</span> <span class='ocrx_word' id='word_1_333' title='bbox 1125 1095 1198 1146; x_wconf 90' lang='lat' dir='ltr'>idem</span> 
     </span>
     <span class='ocr_line' id='line_1_64' title="bbox 666 1161 1198 1229; baseline 0.017 -22"><span class='ocrx_word' id='word_1_334' title='bbox 666 1161 797 1225; x_wconf 90' lang='lat' dir='ltr'>templum</span> <span class='ocrx_word' id='word_1_335' title='bbox 819 1162 971 1229; x_wconf 86' lang='lat' dir='ltr'>ingrediens</span> <span class='ocrx_word' id='word_1_336' title='bbox 997 1164 1096 1214; x_wconf 89' lang='lat' dir='ltr'>invenit</span> <span class='ocrx_word' id='word_1_337' title='bbox 1118 1166 1198 1217; x_wconf 90' lang='lat' dir='ltr'>ineo</span> 
     </span>
     <span class='ocr_line' id='line_1_65' title="bbox 665 1235 1198 1298; baseline 0.017 -17"><span class='ocrx_word' id='word_1_338' title='bbox 665 1235 811 1286; x_wconf 90' lang='lat' dir='ltr'>vendentes</span> <span class='ocrx_word' id='word_1_339' title='bbox 830 1246 855 1286; x_wconf 88' lang='lat' dir='ltr'>et</span> <span class='ocrx_word' id='word_1_340' title='bbox 879 1248 998 1288; x_wconf 89' lang='lat' dir='ltr'>ementes</span> <span class='ocrx_word' id='word_1_341' title='bbox 1021 1254 1093 1298; x_wconf 88' lang='lat' dir='ltr'>oves,</span> <span class='ocrx_word' id='word_1_342' title='bbox 1117 1239 1198 1290; x_wconf 91' lang='lat' dir='ltr'>boves</span> 
     </span>
     <span class='ocr_line' id='line_1_66' title="bbox 665 1307 1198 1376; baseline 0.017 -22"><span class='ocrx_word' id='word_1_343' title='bbox 665 1314 691 1355; x_wconf 90' lang='lat' dir='ltr'>et</span> <span class='ocrx_word' id='word_1_344' title='bbox 704 1307 853 1369; x_wconf 91' lang='lat' dir='ltr'>columbas,</span> <span class='ocrx_word' id='word_1_345' title='bbox 877 1325 938 1376; x_wconf 87' lang='lat' dir='ltr'>quae</span> <span class='ocrx_word' id='word_1_346' title='bbox 961 1309 1091 1361; x_wconf 89' lang='lat' dir='ltr'>nimirum</span> <span class='ocrx_word' id='word_1_347' title='bbox 1107 1311 1198 1363; x_wconf 89' lang='lat' dir='ltr'>omnia</span> 
     </span>
     <span class='ocr_line' id='line_1_67' title="bbox 665 1381 1196 1437; baseline 0.013 -8"><span class='ocrx_word' id='word_1_348' title='bbox 665 1395 720 1429; x_wconf 91' lang='lat' dir='ltr'>non</span> <span class='ocrx_word' id='word_1_349' title='bbox 746 1381 798 1432; x_wconf 91' lang='lat' dir='ltr'>nisi</span> <span class='ocrx_word' id='word_1_350' title='bbox 822 1392 853 1433; x_wconf 90' lang='lat' dir='ltr'>ut</span> <span class='ocrx_word' id='word_1_351' title='bbox 879 1384 1038 1434; x_wconf 86' lang='lat' dir='ltr'>offerrentur</span> <span class='ocrx_word' id='word_1_352' title='bbox 1062 1385 1090 1435; x_wconf 95' lang='lat' dir='ltr'>in</span> <span class='ocrx_word' id='word_1_353' title='bbox 1114 1387 1196 1437; x_wconf 92' lang='lat' dir='ltr'>domo</span> 
     </span>
     <span class='ocr_line' id='line_1_68' title="bbox 663 1450 1197 1520; baseline 0.015 -21"><span class='ocrx_word' id='word_1_354' title='bbox 663 1450 784 1512; x_wconf 88' lang='lat' dir='ltr'>Domini,</span> <span class='ocrx_word' id='word_1_355' title='bbox 801 1453 905 1520; x_wconf 87' lang='lat' dir='ltr'>eosqui</span> <span class='ocrx_word' id='word_1_356' title='bbox 919 1455 952 1505; x_wconf 92' lang='lat' dir='ltr'>de</span> <span class='ocrx_word' id='word_1_357' title='bbox 967 1456 1046 1520; x_wconf 89' lang='lat' dir='ltr'>longe</span> <span class='ocrx_word' id='word_1_358' title='bbox 1068 1466 1197 1508; x_wconf 89' lang='lat' dir='ltr'>venerant</span> 
     </span>
     <span class='ocr_line' id='line_1_69' title="bbox 662 1521 1195 1590; baseline 0.017 -20"><span class='ocrx_word' id='word_1_359' title='bbox 662 1523 696 1571; x_wconf 88' lang='lat' dir='ltr'>ab</span> <span class='ocrx_word' id='word_1_360' title='bbox 709 1521 846 1589; x_wconf 90' lang='lat' dir='ltr'>indigenis</span> <span class='ocrx_word' id='word_1_361' title='bbox 861 1541 1014 1590; x_wconf 88' lang='lat' dir='ltr'>comparare</span> <span class='ocrx_word' id='word_1_362' title='bbox 1033 1528 1195 1579; x_wconf 90' lang='lat' dir='ltr'>credendum</span> 
     </span>
     <span class='ocr_line' id='line_1_70' title="bbox 662 1592 1195 1658; baseline 0.015 -18"><span class='ocrx_word' id='word_1_363' title='bbox 662 1601 710 1641; x_wconf 89' lang='lat' dir='ltr'>est.</span> <span class='ocrx_word' id='word_1_364' title='bbox 733 1592 761 1641; x_wconf 93' lang='lat' dir='ltr'>Si</span> <span class='ocrx_word' id='word_1_365' title='bbox 783 1608 846 1658; x_wconf 89' lang='lat' dir='ltr'>ergo</span> <span class='ocrx_word' id='word_1_366' title='bbox 861 1595 997 1644; x_wconf 92' lang='lat' dir='ltr'>Dominus</span> <span class='ocrx_word' id='word_1_367' title='bbox 1010 1611 1058 1646; x_wconf 91' lang='lat' dir='ltr'>nec</span> <span class='ocrx_word' id='word_1_368' title='bbox 1074 1612 1104 1646; x_wconf 91' lang='lat' dir='ltr'>ea</span> <span class='ocrx_word' id='word_1_369' title='bbox 1117 1599 1195 1648; x_wconf 89' lang='lat' dir='ltr'>vole-</span> 
     </span>
     <span class='ocr_line' id='line_1_71' title="bbox 662 1662 1196 1732; baseline 0.013 -21"><span class='ocrx_word' id='word_1_370' title='bbox 662 1662 708 1712; x_wconf 90' lang='lat' dir='ltr'>bat</span> <span class='ocrx_word' id='word_1_371' title='bbox 734 1663 763 1713; x_wconf 90' lang='lat' dir='ltr'>in</span> <span class='ocrx_word' id='word_1_372' title='bbox 782 1664 884 1729; x_wconf 87' lang='lat' dir='ltr'>templo</span> <span class='ocrx_word' id='word_1_373' title='bbox 907 1666 1072 1726; x_wconf 89' lang='lat' dir='ltr'>venumdari,</span> <span class='ocrx_word' id='word_1_374' title='bbox 1089 1683 1149 1732; x_wconf 89' lang='lat' dir='ltr'>quae</span> <span class='ocrx_word' id='word_1_375' title='bbox 1166 1667 1196 1718; x_wconf 88' lang='lat' dir='ltr'>in</span> 
     </span>
     <span class='ocr_line' id='line_1_72' title="bbox 662 1735 1196 1800; baseline 0.013 -18"><span class='ocrx_word' id='word_1_376' title='bbox 662 1735 762 1799; x_wconf 88' lang='lat' dir='ltr'>templo</span> <span class='ocrx_word' id='word_1_377' title='bbox 791 1735 897 1785; x_wconf 88' lang='lat' dir='ltr'>volebat</span> <span class='ocrx_word' id='word_1_378' title='bbox 936 1736 1042 1800; x_wconf 88' lang='lat' dir='ltr'>offerri,</span> <span class='ocrx_word' id='word_1_379' title='bbox 1073 1738 1196 1789; x_wconf 88' lang='lat' dir='ltr'>videlicet</span> 
     </span>
     <span class='ocr_line' id='line_1_73' title="bbox 662 1806 1196 1870; baseline 0.009 -16"><span class='ocrx_word' id='word_1_380' title='bbox 662 1815 770 1870; x_wconf 88' lang='lat' dir='ltr'>propter</span> <span class='ocrx_word' id='word_1_381' title='bbox 782 1806 902 1857; x_wconf 88' lang='lat' dir='ltr'>studium</span> <span class='ocrx_word' id='word_1_382' title='bbox 917 1807 1043 1863; x_wconf 84' lang='lat' dir='ltr'>avaritiae,</span> <span class='ocrx_word' id='word_1_383' title='bbox 1059 1809 1114 1858; x_wconf 89' lang='lat' dir='ltr'>sive</span> <span class='ocrx_word' id='word_1_384' title='bbox 1126 1808 1196 1859; x_wconf 90' lang='lat' dir='ltr'>frau-</span> 
     </span>
     <span class='ocr_line' id='line_1_74' title="bbox 661 1876 1192 1944; baseline 0.013 -19"><span class='ocrx_word' id='word_1_385' title='bbox 661 1876 716 1937; x_wconf 90' lang='lat' dir='ltr'>dis,</span> <span class='ocrx_word' id='word_1_386' title='bbox 742 1878 816 1944; x_wconf 91' lang='lat' dir='ltr'>quod</span> <span class='ocrx_word' id='word_1_387' title='bbox 841 1878 980 1944; x_wconf 90' lang='lat' dir='ltr'>proprium</span> <span class='ocrx_word' id='word_1_388' title='bbox 1006 1879 1108 1929; x_wconf 89' lang='lat' dir='ltr'>solebat</span> <span class='ocrx_word' id='word_1_389' title='bbox 1135 1895 1192 1932; x_wconf 88' lang='lat' dir='ltr'>esse</span> 
     </span>
     <span class='ocr_line' id='line_1_75' title="bbox 660 1949 1194 2019; baseline 0.006 -20"><span class='ocrx_word' id='word_1_390' title='bbox 660 1949 855 2015; x_wconf 87' lang='lat' dir='ltr'>negotiatorum</span> <span class='ocrx_word' id='word_1_391' title='bbox 876 1949 994 2014; x_wconf 82' lang='lat' dir='ltr'>facinus3</span> <span class='ocrx_word' id='word_1_392' title='bbox 1018 1961 1119 2017; x_wconf 88' lang='lat' dir='ltr'>quanta</span> <span class='ocrx_word' id='word_1_393' title='bbox 1141 1968 1194 2019; x_wconf 92' lang='lat' dir='ltr'>pu-</span> 
     </span>
     <span class='ocr_line' id='line_1_76' title="bbox 661 2020 1193 2088; baseline 0.008 -19"><span class='ocrx_word' id='word_1_394' title='bbox 661 2030 701 2070; x_wconf 91' lang='lat' dir='ltr'>tas</span> <span class='ocrx_word' id='word_1_395' title='bbox 718 2020 948 2072; x_wconf 89' lang='lat' dir='ltr'>animadversione</span> <span class='ocrx_word' id='word_1_396' title='bbox 968 2023 1084 2088; x_wconf 87' lang='lat' dir='ltr'>puniret,</span> <span class='ocrx_word' id='word_1_397' title='bbox 1104 2023 1127 2072; x_wconf 87' lang='lat' dir='ltr'>si</span> <span class='ocrx_word' id='word_1_398' title='bbox 1147 2023 1193 2073; x_wconf 93' lang='lat' dir='ltr'>in-</span> 
     </span>
     <span class='ocr_line' id='line_1_77' title="bbox 660 2091 1192 2159; baseline 0 -17"><span class='ocrx_word' id='word_1_399' title='bbox 660 2091 776 2144; x_wconf 89' lang='lat' dir='ltr'>venisset</span> <span class='ocrx_word' id='word_1_400' title='bbox 790 2093 827 2143; x_wconf 95' lang='lat' dir='ltr'>ibi</span> <span class='ocrx_word' id='word_1_401' title='bbox 849 2093 955 2159; x_wconf 88' lang='lat' dir='ltr'>aliquos</span> <span class='ocrx_word' id='word_1_402' title='bbox 978 2094 1045 2144; x_wconf 90' lang='lat' dir='ltr'>risui</span> <span class='ocrx_word' id='word_1_403' title='bbox 1059 2095 1099 2144; x_wconf 91' lang='lat' dir='ltr'>vel</span> <span class='ocrx_word' id='word_1_404' title='bbox 1115 2093 1192 2143; x_wconf 89' lang='lat' dir='ltr'>vani-</span> 
     </span>
     <span class='ocr_line' id='line_1_78' title="bbox 659 2164 1192 2231; baseline 0.009 -19"><span class='ocrx_word' id='word_1_405' title='bbox 659 2164 753 2231; x_wconf 92' lang='lat' dir='ltr'>loquio</span> <span class='ocrx_word' id='word_1_406' title='bbox 780 2173 913 2225; x_wconf 87' lang='lat' dir='ltr'>vacantes,</span> <span class='ocrx_word' id='word_1_407' title='bbox 947 2175 993 2215; x_wconf 88' lang='lat' dir='ltr'>aut</span> <span class='ocrx_word' id='word_1_408' title='bbox 1015 2166 1060 2216; x_wconf 88' lang='lat' dir='ltr'>alii</span> <span class='ocrx_word' id='word_1_409' title='bbox 1081 2165 1192 2217; x_wconf 88' lang='lat' dir='ltr'>cuilibet</span> 
     </span>
     <span class='ocr_line' id='line_1_79' title="bbox 658 2234 1191 2302; baseline 0.004 -18"><span class='ocrx_word' id='word_1_410' title='bbox 658 2235 724 2285; x_wconf 91' lang='lat' dir='ltr'>vitio</span> <span class='ocrx_word' id='word_1_411' title='bbox 745 2235 928 2300; x_wconf 82' lang='lat' dir='ltr'>mancipatos?</span> <span class='ocrx_word' id='word_1_412' title='bbox 944 2236 972 2286; x_wconf 90' lang='lat' dir='ltr'>Si</span> <span class='ocrx_word' id='word_1_413' title='bbox 987 2234 1061 2286; x_wconf 88' lang='lat' dir='ltr'>enim</span> <span class='ocrx_word' id='word_1_414' title='bbox 1076 2252 1115 2295; x_wconf 94' lang='lat' dir='ltr'>ea,</span> <span class='ocrx_word' id='word_1_415' title='bbox 1133 2251 1191 2302; x_wconf 79' lang='lat' dir='ltr'>quae</span> 
     </span>
     <span class='ocr_line' id='line_1_80' title="bbox 658 2306 1191 2372; baseline 0.008 -18"><span class='ocrx_word' id='word_1_416' title='bbox 658 2306 722 2355; x_wconf 87' lang='lat' dir='ltr'>alibi</span> <span class='ocrx_word' id='word_1_417' title='bbox 736 2307 819 2357; x_wconf 89' lang='lat' dir='ltr'>libere</span> <span class='ocrx_word' id='word_1_418' title='bbox 834 2306 889 2372; x_wconf 88' lang='lat' dir='ltr'>geri</span> <span class='ocrx_word' id='word_1_419' title='bbox 905 2316 1035 2372; x_wconf 88' lang='lat' dir='ltr'>poterant,</span> <span class='ocrx_word' id='word_1_420' title='bbox 1058 2307 1191 2358; x_wconf 89' lang='lat' dir='ltr'>Dominus</span> 
     </span>
     <span class='ocr_line' id='line_1_81' title="bbox 660 2378 1191 2444; baseline 0.006 -17"><span class='ocrx_word' id='word_1_421' title='bbox 660 2378 688 2428; x_wconf 91' lang='lat' dir='ltr'>in</span> <span class='ocrx_word' id='word_1_422' title='bbox 708 2379 790 2428; x_wconf 91' lang='lat' dir='ltr'>domo</span> <span class='ocrx_word' id='word_1_423' title='bbox 815 2395 873 2439; x_wconf 91' lang='lat' dir='ltr'>sua,</span> <span class='ocrx_word' id='word_1_424' title='bbox 896 2379 1020 2430; x_wconf 89' lang='lat' dir='ltr'>videlicet</span> <span class='ocrx_word' id='word_1_425' title='bbox 1034 2379 1191 2444; x_wconf 89' lang='lat' dir='ltr'>temporalia</span> 
     </span>
     <span class='ocr_line' id='line_1_82' title="bbox 657 2449 1189 2515; baseline 0.004 -17"><span class='ocrx_word' id='word_1_426' title='bbox 657 2450 763 2515; x_wconf 89' lang='lat' dir='ltr'>negotia</span> <span class='ocrx_word' id='word_1_427' title='bbox 788 2449 844 2515; x_wconf 87' lang='lat' dir='ltr'>geri</span> <span class='ocrx_word' id='word_1_428' title='bbox 866 2465 921 2499; x_wconf 92' lang='lat' dir='ltr'>non</span> <span class='ocrx_word' id='word_1_429' title='bbox 943 2449 1060 2514; x_wconf 88' lang='lat' dir='ltr'>patitur;</span> <span class='ocrx_word' id='word_1_430' title='bbox 1088 2460 1189 2514; x_wconf 89' lang='lat' dir='ltr'>quanto</span> 
     </span>
     <span class='ocr_line' id='line_1_83' title="bbox 657 2519 1189 2587; baseline -0.002 -17"><span class='ocrx_word' id='word_1_431' title='bbox 657 2522 744 2587; x_wconf 91' lang='lat' dir='ltr'>magis</span> <span class='ocrx_word' id='word_1_432' title='bbox 761 2537 791 2572; x_wconf 90' lang='lat' dir='ltr'>ea</span> <span class='ocrx_word' id='word_1_433' title='bbox 810 2537 872 2587; x_wconf 90' lang='lat' dir='ltr'>quae</span> <span class='ocrx_word' id='word_1_434' title='bbox 893 2536 1027 2586; x_wconf 89' lang='lat' dir='ltr'>nusquam</span> <span class='ocrx_word' id='word_1_435' title='bbox 1048 2519 1104 2569; x_wconf 89' lang='lat' dir='ltr'>fieri</span> <span class='ocrx_word' id='word_1_436' title='bbox 1120 2521 1189 2581; x_wconf 88' lang='lat' dir='ltr'>licet,</span> 
     </span>
     <span class='ocr_line' id='line_1_84' title="bbox 656 2590 1190 2658; baseline -0.002 -17"><span class='ocrx_word' id='word_1_437' title='bbox 656 2594 717 2658; x_wconf 94' lang='lat' dir='ltr'>plus</span> <span class='ocrx_word' id='word_1_438' title='bbox 741 2593 854 2643; x_wconf 89' lang='lat' dir='ltr'>coelestis</span> <span class='ocrx_word' id='word_1_439' title='bbox 877 2594 923 2643; x_wconf 86' lang='lat' dir='ltr'>irae</span> <span class='ocrx_word' id='word_1_440' title='bbox 946 2601 1092 2650; x_wconf 88' lang='lat' dir='ltr'>merentur,</span> <span class='ocrx_word' id='word_1_441' title='bbox 1114 2590 1136 2640; x_wconf 91' lang='lat' dir='ltr'>si</span> <span class='ocrx_word' id='word_1_442' title='bbox 1161 2591 1190 2640; x_wconf 92' lang='lat' dir='ltr'>in</span> 
     </span>
     <span class='ocr_line' id='line_1_85' title="bbox 655 2659 1189 2728; baseline -0.004 -15"><span class='ocrx_word' id='word_1_443' title='bbox 655 2663 758 2714; x_wconf 78' lang='lat' dir='ltr'>aedibus</span> <span class='ocrx_word' id='word_1_444' title='bbox 772 2663 828 2713; x_wconf 92' lang='lat' dir='ltr'>Deo</span> <span class='ocrx_word' id='word_1_445' title='bbox 842 2662 951 2713; x_wconf 90' lang='lat' dir='ltr'>sacratis</span> <span class='ocrx_word' id='word_1_446' title='bbox 964 2659 1095 2728; x_wconf 81' lang='lat' dir='ltr'>aguntur?</span> <span class='ocrx_word' id='word_1_447' title='bbox 1107 2681 1120 2708; x_wconf 79' lang='lat' dir='ltr'>n</span> <span class='ocrx_word' id='word_1_448' title='bbox 1131 2660 1189 2711; x_wconf 88' lang='lat' dir='ltr'>haec</span> 
     </span>
     <span class='ocr_line' id='line_1_86' title="bbox 655 2735 740 2786; baseline -0.012 0"><span class='ocrx_word' id='word_1_449' title='bbox 655 2735 740 2786; x_wconf 85' lang='lat' dir='ltr'>Beda.</span> 
     </span>
    </p>

    <p class='ocr_par' dir='ltr' id='par_1_9' title="bbox 652 2807 1189 3440">
     <span class='ocr_line' id='line_1_87' title="bbox 687 2807 1187 2858; baseline -0.01 -1"><span class='ocrx_word' id='word_1_450' title='bbox 687 2807 701 2858; x_wconf 88' lang='lat'>5</span> <span class='ocrx_word' id='word_1_451' title='bbox 727 2808 791 2858; x_wconf 79' lang='lat' dir='ltr'>lrnu</span> <span class='ocrx_word' id='word_1_452' title='bbox 806 2823 959 2857; x_wconf 77' lang='lat' dir='ltr'>uontnrrrrn</span> <span class='ocrx_word' id='word_1_453' title='bbox 985 2807 1118 2856; x_wconf 80' lang='lat' dir='ltr'>Cuarsrus</span> <span class='ocrx_word' id='word_1_454' title='bbox 1144 2820 1187 2853; x_wconf 84' lang='lat' dir='ltr'>rn-</span> 
     </span>
     <span class='ocr_line' id='line_1_88' title="bbox 654 2892 1189 2934; baseline -0.011 -3"><span class='ocrx_word' id='word_1_455' title='bbox 654 2896 738 2931; x_wconf 78' lang='lat' dir='ltr'>rntus</span> <span class='ocrx_word' id='word_1_456' title='bbox 759 2897 785 2930; x_wconf 85' lang='lat' dir='ltr'>m</span> <span class='ocrx_word' id='word_1_457' title='bbox 807 2896 908 2930; x_wconf 70' lang='lat' dir='ltr'>insutu</span> <span class='ocrx_word' id='word_1_458' title='bbox 933 2893 1041 2929; x_wconf 82' lang='lat' dir='ltr'>uounus</span> <span class='ocrx_word' id='word_1_459' title='bbox 1066 2892 1189 2934; x_wconf 66' lang='lat' dir='ltr'>Quiruon</span> 
     </span>
     <span class='ocr_line' id='line_1_89' title="bbox 654 2951 1187 3015; baseline -0.009 -10"><span class='ocrx_word' id='word_1_460' title='bbox 654 2971 687 3004; x_wconf 78' lang='lat' dir='ltr'>nx</span> <span class='ocrx_word' id='word_1_461' title='bbox 701 2971 735 3005; x_wconf 78' lang='lat' dir='ltr'>st</span> <span class='ocrx_word' id='word_1_462' title='bbox 748 2971 852 3004; x_wconf 77' lang='lat' dir='ltr'>ratum.</span> <span class='ocrx_word' id='word_1_463' title='bbox 866 2982 896 2992; x_wconf 89' lang='lat'>-</span> <span class='ocrx_word' id='word_1_464' title='bbox 911 2951 1057 3010; x_wconf 88' lang='lat' dir='ltr'>Moraliter,</span> <span class='ocrx_word' id='word_1_465' title='bbox 1068 2961 1187 3015; x_wconf 90' lang='lat' dir='ltr'>tempore</span> 
     </span>
     <span class='ocr_line' id='line_1_90' title="bbox 654 3023 1188 3093; baseline -0.009 -16"><span class='ocrx_word' id='word_1_466' title='bbox 654 3027 708 3078; x_wconf 87' lang='lat' dir='ltr'>isto</span> <span class='ocrx_word' id='word_1_467' title='bbox 735 3036 836 3087; x_wconf 85' lang='lat' dir='ltr'>sancto,</span> <span class='ocrx_word' id='word_1_468' title='bbox 862 3026 1106 3093; x_wconf 88' lang='lat' dir='ltr'>appropinquante</span> <span class='ocrx_word' id='word_1_469' title='bbox 1134 3023 1188 3073; x_wconf 87' lang='lat' dir='ltr'>Pa·</span> 
     </span>
     <span class='ocr_line' id='line_1_91' title="bbox 653 3093 1185 3160; baseline -0.011 -11"><span class='ocrx_word' id='word_1_470' title='bbox 653 3098 743 3149; x_wconf 88' lang='lat' dir='ltr'>schate</span> <span class='ocrx_word' id='word_1_471' title='bbox 766 3098 931 3160; x_wconf 82' lang='lat' dir='ltr'>ludaeorum,</span> <span class='ocrx_word' id='word_1_472' title='bbox 947 3097 974 3147; x_wconf 92' lang='lat' dir='ltr'>id</span> <span class='ocrx_word' id='word_1_473' title='bbox 997 3106 1036 3146; x_wconf 92' lang='lat' dir='ltr'>est</span> <span class='ocrx_word' id='word_1_474' title='bbox 1051 3093 1185 3146; x_wconf 87' lang='lat' dir='ltr'>confiten-</span> 
     </span>
     <span class='ocr_line' id='line_1_92' title="bbox 654 3164 1185 3229; baseline -0.013 -10"><span class='ocrx_word' id='word_1_475' title='bbox 654 3169 733 3229; x_wconf 88' lang='lat' dir='ltr'>tium,</span> <span class='ocrx_word' id='word_1_476' title='bbox 749 3169 870 3219; x_wconf 81' lang='lat' dir='ltr'>asceudit</span> <span class='ocrx_word' id='word_1_477' title='bbox 882 3170 964 3219; x_wconf 66' lang='lat' dir='ltr'>iesus</span> <span class='ocrx_word' id='word_1_478' title='bbox 979 3166 1140 3226; x_wconf 82' lang='lat' dir='ltr'>Jerusalem,</span> <span class='ocrx_word' id='word_1_479' title='bbox 1158 3164 1185 3213; x_wconf 90' lang='lat' dir='ltr'>id</span> 
     </span>
     <span class='ocr_line' id='line_1_93' title="bbox 654 3237 1186 3312; baseline -0.011 -23"><span class='ocrx_word' id='word_1_480' title='bbox 654 3250 694 3289; x_wconf 92' lang='lat' dir='ltr'>est</span> <span class='ocrx_word' id='word_1_481' title='bbox 708 3255 753 3289; x_wconf 89' lang='lat' dir='ltr'>cor</span> <span class='ocrx_word' id='word_1_482' title='bbox 767 3239 918 3290; x_wconf 91' lang='lat' dir='ltr'>humanum</span> <span class='ocrx_word' id='word_1_483' title='bbox 933 3240 974 3289; x_wconf 90' lang='lat' dir='ltr'>vel</span> <span class='ocrx_word' id='word_1_484' title='bbox 989 3237 1107 3288; x_wconf 90' lang='lat' dir='ltr'>animam</span> <span class='ocrx_word' id='word_1_485' title='bbox 1129 3250 1186 3312; x_wconf 80' lang='lat' dir='ltr'>san-</span> 
     </span>
     <span class='ocr_line' id='line_1_94' title="bbox 652 3304 1185 3375; baseline -0.013 -16"><span class='ocrx_word' id='word_1_486' title='bbox 652 3319 722 3359; x_wconf 91' lang='lat' dir='ltr'>ctam</span> <span class='ocrx_word' id='word_1_487' title='bbox 737 3319 762 3359; x_wconf 90' lang='lat' dir='ltr'>et</span> <span class='ocrx_word' id='word_1_488' title='bbox 776 3310 908 3370; x_wconf 89' lang='lat' dir='ltr'>devotam,</span> <span class='ocrx_word' id='word_1_489' title='bbox 924 3325 971 3375; x_wconf 90' lang='lat' dir='ltr'>per</span> <span class='ocrx_word' id='word_1_490' title='bbox 990 3307 1081 3374; x_wconf 87' lang='lat' dir='ltr'>gratiae</span> <span class='ocrx_word' id='word_1_491' title='bbox 1096 3304 1185 3356; x_wconf 83' lang='lat' dir='ltr'>subli-</span> 
     </span>
     <span class='ocr_line' id='line_1_95' title="bbox 654 3375 1185 3440; baseline -0.011 -11"><span class='ocrx_word' id='word_1_492' title='bbox 654 3381 800 3430; x_wconf 85' lang='lat' dir='ltr'>mationem</span> <span class='ocrx_word' id='word_1_493' title='bbox 812 3382 948 3440; x_wconf 85' lang='lat' dir='ltr'>elevatam,</span> <span class='ocrx_word' id='word_1_494' title='bbox 964 3394 1025 3429; x_wconf 92' lang='lat' dir='ltr'>nam</span> <span class='ocrx_word' id='word_1_495' title='bbox 1039 3375 1185 3427; x_wconf 88' lang='lat' dir='ltr'>Jerusalem</span> 
     </span>
    </p>
   </div>
   <div class='ocr_carea' id='block_1_9' title="bbox 653 3443 1187 3661">
    <p class='ocr_par' dir='ltr' id='par_1_10' title="bbox 653 3443 1187 3661">
     <span class='ocr_line' id='line_1_96' title="bbox 653 3443 1185 3514; baseline -0.015 -14"><span class='ocrx_word' id='word_1_496' title='bbox 653 3450 682 3501; x_wconf 91' lang='lat' dir='ltr'>in</span> <span class='ocrx_word' id='word_1_497' title='bbox 697 3451 751 3501; x_wconf 89' lang='lat' dir='ltr'>alto</span> <span class='ocrx_word' id='word_1_498' title='bbox 763 3451 814 3502; x_wconf 90' lang='lat' dir='ltr'>sita</span> <span class='ocrx_word' id='word_1_499' title='bbox 827 3461 882 3514; x_wconf 86' lang='lat' dir='ltr'>est;</span> <span class='ocrx_word' id='word_1_500' title='bbox 905 3450 978 3500; x_wconf 87' lang='lat' dir='ltr'>unde</span> <span class='ocrx_word' id='word_1_501' title='bbox 991 3449 1098 3504; x_wconf 88' lang='lat' dir='ltr'>dicitur,</span> <span class='ocrx_word' id='word_1_502' title='bbox 1111 3443 1185 3510; x_wconf 90' lang='lat' dir='ltr'>quod</span> 
     </span>
     <span class='ocr_line' id='line_1_97' title="bbox 653 3516 1187 3589; baseline -0.013 -17"><span class='ocrx_word' id='word_1_503' title='bbox 653 3524 782 3575; x_wconf 86' lang='lat' dir='ltr'>ascendit.</span> <span class='ocrx_word' id='word_1_504' title='bbox 810 3524 955 3589; x_wconf 89' lang='lat' dir='ltr'>Templum</span> <span class='ocrx_word' id='word_1_505' title='bbox 986 3520 1013 3570; x_wconf 89' lang='lat' dir='ltr'>in</span> <span class='ocrx_word' id='word_1_506' title='bbox 1041 3516 1187 3569; x_wconf 84' lang='lat' dir='ltr'>Jerusalem</span> 
     </span>
     <span class='ocr_line' id='line_1_98' title="bbox 654 3592 1185 3661; baseline -0.019 -14"><span class='ocrx_word' id='word_1_507' title='bbox 654 3605 694 3647; x_wconf 88' lang='lat' dir='ltr'>est</span> <span class='ocrx_word' id='word_1_508' title='bbox 721 3596 883 3647; x_wconf 91' lang='lat' dir='ltr'>eminentior</span> <span class='ocrx_word' id='word_1_509' title='bbox 902 3610 963 3661; x_wconf 91' lang='lat' dir='ltr'>pars</span> <span class='ocrx_word' id='word_1_510' title='bbox 987 3592 1094 3652; x_wconf 83' lang='lat' dir='ltr'>animae,</span> <span class='ocrx_word' id='word_1_511' title='bbox 1121 3602 1185 3655; x_wconf 88' lang='lat' dir='ltr'>puta</span> 
     </span>
    </p>
   </div>
   <div class='ocr_carea' id='block_1_10' title="bbox 652 3657 1183 3791">
    <p class='ocr_par' dir='ltr' id='par_1_11' title="bbox 652 3657 1183 3791">
     <span class='ocr_line' id='line_1_99' title="bbox 653 3657 1183 3733; baseline -0.017 -16"><span class='ocrx_word' id='word_1_512' title='bbox 653 3665 777 3733; x_wconf 88' lang='lat' dir='ltr'>superior</span> <span class='ocrx_word' id='word_1_513' title='bbox 803 3681 863 3732; x_wconf 86' lang='lat' dir='ltr'>pars</span> <span class='ocrx_word' id='word_1_514' title='bbox 889 3662 1014 3721; x_wconf 86' lang='lat' dir='ltr'>rationis,</span> <span class='ocrx_word' id='word_1_515' title='bbox 1040 3675 1100 3727; x_wconf 87' lang='lat' dir='ltr'>quae</span> <span class='ocrx_word' id='word_1_516' title='bbox 1132 3657 1183 3708; x_wconf 91' lang='lat' dir='ltr'>soli</span> 
     </span>
     <span class='ocr_line' id='line_1_100' title="bbox 652 3728 1182 3791; baseline -0.021 -4"><span class='ocrx_word' id='word_1_517' title='bbox 652 3737 709 3787; x_wconf 91' lang='lat' dir='ltr'>Deo</span> <span class='ocrx_word' id='word_1_518' title='bbox 736 3747 762 3787; x_wconf 90' lang='lat' dir='ltr'>et</span> <span class='ocrx_word' id='word_1_519' title='bbox 794 3734 901 3787; x_wconf 86' lang='lat' dir='ltr'>aeternis</span> <span class='ocrx_word' id='word_1_520' title='bbox 932 3734 1009 3784; x_wconf 92' lang='lat' dir='ltr'>debet</span> <span class='ocrx_word' id='word_1_521' title='bbox 1032 3728 1182 3791; x_wconf 80' lang='lat' dir='ltr'>intendere3</span> 
     </span>
    </p>
   </div>
   <div class='ocr_carea' id='block_1_11' title="bbox 652 3800 1185 3945">
    <p class='ocr_par' dir='ltr' id='par_1_12' title="bbox 652 3800 1185 3945">
     <span class='ocr_line' id='line_1_101' title="bbox 653 3800 1182 3883; baseline -0.011 -28"><span class='ocrx_word' id='word_1_522' title='bbox 653 3806 717 3857; x_wconf 88' lang='lat' dir='ltr'>illuc</span> <span class='ocrx_word' id='word_1_523' title='bbox 739 3806 859 3857; x_wconf 83' lang='lat' dir='ltr'>ascendit</span> <span class='ocrx_word' id='word_1_524' title='bbox 882 3807 954 3856; x_wconf 89' lang='lat' dir='ltr'>Deus</span> <span class='ocrx_word' id='word_1_525' title='bbox 978 3818 1026 3870; x_wconf 91' lang='lat' dir='ltr'>per</span> <span class='ocrx_word' id='word_1_526' title='bbox 1059 3800 1182 3883; x_wconf 80' lang='lat' dir='ltr'>effectum</span> 
     </span>
     <span class='ocr_line' id='line_1_102' title="bbox 652 3877 1185 3945; baseline -0.017 -13"><span class='ocrx_word' id='word_1_527' title='bbox 652 3879 821 3945; x_wconf 86' lang='lat' dir='ltr'>sacramenti,</span> <span class='ocrx_word' id='word_1_528' title='bbox 829 3880 871 3931; x_wconf 84' lang='lat' dir='ltr'>vel</span> <span class='ocrx_word' id='word_1_529' title='bbox 883 3877 973 3940; x_wconf 88' lang='lat' dir='ltr'>etiam,</span> <span class='ocrx_word' id='word_1_530' title='bbox 986 3891 1034 3928; x_wconf 87' lang='lat' dir='ltr'>sua</span> <span class='ocrx_word' id='word_1_531' title='bbox 1045 3881 1185 3943; x_wconf 83' lang='lat' dir='ltr'>praesentia</span> 
     </span>
    </p>
   </div>
   <div class='ocr_carea' id='block_1_12' title="bbox 1026 3990 1058 4043">
    <p class='ocr_par' dir='ltr' id='par_1_13' title="bbox 1026 3990 1058 4043">
     <span class='ocr_line' id='line_1_103' title="bbox 1026 3990 1058 4043; baseline 0 0"><span class='ocrx_word' id='word_1_532' title='bbox 1026 3990 1058 4043; x_wconf 69' lang='lat' dir='ltr'>rt</span> 
     </span>
    </p>
   </div>
   <div class='ocr_carea' id='block_1_13' title="bbox 0 0 1320 4320">
    <p class='ocr_par' dir='ltr' id='par_1_14' title="bbox 0 0 1320 4320">
     <span class='ocr_line' id='line_1_104' title="bbox 0 0 1320 4320; baseline 0 7"><span class='ocrx_word' id='word_1_533' title='bbox 0 0 1320 4320; x_wconf 95' lang='lat' dir='ltr'> </span> 
     </span>
    </p>
   </div>
  </div>
 </body>
</html>
