2632 4320
117 256 168 327 392

116 372 173 433 nis,
197 382 223 424 et
254 373 368 424 aliorum
396 372 530 423 bonorum
555 387 651 440 regum

118 446 186 496 luda
208 456 235 496 et
247 447 404 497 Jerusalem.

150 513 163 565 3
197 517 328 568 Vssrruus
350 533 653 578 oeeosrrrs,r.1nrsosn

117 604 271 640 runcinam.
285 619 317 626 -
334 590 454 642 Veniens
477 606 541 656 ergo
555 590 653 640 Domi-

120 677 172 712 nus
196 661 310 712 inferius
334 678 396 713 cum
417 664 569 730 discipulis,
590 679 652 713 om·

120 747 169 783 nes
195 733 233 783 ibi
258 733 351 784 sedere
375 733 453 796 fecit,
479 750 576 802 aquam
600 734 652 785 sibi

118 803 204 854 efferri
219 804 302 868 jubet,
318 815 343 855 et
357 806 466 871 deponit
485 806 652 866 vestimenta,

118 883 149 924 ut
175 874 378 926 convenientius
398 877 449 926 hoc
471 876 653 927 ministerium

121 947 255 998 exhibeat.
278 948 331 999 Ubi
358 960 420 1000 nota
440 961 556 1017 quatuor
574 952 655 1017 depo-

122 1017 235 1070 sitiones
250 1020 366 1071 vestium
386 1021 488 1071 Christi
506 1038 513 1071 z
531 1021 559 1071 in
580 1038 654 1073 coena

118 1091 243 1156 deposuit
263 1108 316 1153 eas,
336 1103 363 1144 et
384 1095 531 1161 resumpsit
542 1111 549 1158 3
562 1097 595 1146 ad
610 1113 654 1147 co·

116 1161 240 1212 lumnam
256 1164 372 1214 nudatus
393 1173 441 1224 est,
456 1175 482 1214 et
495 1165 653 1233 reindutus3

119 1230 147 1281 in
163 1231 289 1283 illusione
301 1233 419 1283 militum
438 1235 554 1286 nudatus
567 1247 615 1300 est,
630 1246 656 1286 et

119 1304 269 1366 reindutus,
280 1307 326 1356 sed
336 1307 369 1356 ab
377 1307 482 1357 Herode
494 1323 547 1357 non
558 1308 656 1374 legitur

121 1375 253 1438 nudatus3
277 1377 309 1425 ad
331 1392 437 1427 crucem
467 1378 585 1428 nudatus
607 1389 655 1440 est,

120 1462 170 1497 nec
191 1447 340 1499 reindutus.
373 1449 462 1501 Prima
494 1462 595 1517 spectat
623 1451 655 1501 ad

118 1518 272 1584 Apostolos,
284 1534 353 1585 quos
364 1519 392 1569 in
407 1520 480 1571 brevi
493 1521 654 1588 resumpsit;

120 1588 245 1647 secunda,
257 1588 290 1639 ad
303 1589 363 1640 illos
384 1592 431 1657 qui
448 1592 579 1656 resumpti
593 1602 657 1642 sunt

120 1656 151 1709 in
171 1657 214 1707 die
237 1660 414 1721 Pentecostes,
430 1672 456 1712 et
470 1662 599 1727 paulatim
619 1677 657 1712 re·

120 1737 266 1778 sumuntur
275 1745 282 1792 ;
302 1731 389 1793 tertia,
406 1731 435 1781 in
446 1732 581 1799 reliquias,
597 1746 657 1798 quae

121 1814 291 1854 resumentur
315 1805 342 1855 iu
371 1805 447 1871 fine;
478 1817 593 1873 quarta,
623 1806 656 1857 ad

122 1891 272 1941 perversam
293 1879 464 1930 medietatem
487 1881 572 1931 nostri
593 1890 658 1931 tem-

122 1947 213 2012 poris,
241 1964 302 2015 quae
330 1965 469 2016 nunquam
497 1961 656 2002 resumetur.

120 2016 257 2082 Depositis
281 2019 364 2085 igitur
391 2021 561 2071 vestimentis
590 2019 656 2082 suis,

121 2085 202 2138 linteo
226 2103 255 2139 se
275 2090 435 2156 praecinxit,
459 2086 606 2156 disponens
629 2105 658 2141 se

121 2158 154 2207 ad
171 2160 327 2222 lavandum,
347 2172 373 2212 et
397 2162 466 2212 nihil
483 2163 608 2213 omittens
625 2163 658 2213 de

120 2227 165 2279 his
181 2245 242 2294 quae
262 2232 295 2280 ad
317 2232 388 2281 istud
407 2232 582 2298 requiruntur
595 2231 658 2282 offi-

120 2299 203 2351 cium.
222 2301 326 2352 Deinde
340 2303 421 2352 mittit
443 2317 540 2367 aquam
558 2303 585 2352 in
595 2303 657 2369 pel-

120 2370 172 2420 vim
197 2371 344 2436 lapideam,
370 2371 488 2437 propriis
514 2371 656 2434 manibus,

108 2456 177 2491 non
202 2456 248 2506 per
271 2442 386 2493 aliorum
409 2442 611 2507 ministerium3
631 2451 658 2493 et

120 2519 176 2562 tam
201 2512 346 2574 caritative,
373 2524 427 2564 tam
454 2515 574 2574 honeste,
602 2524 657 2566 tarn

122 2582 242 2634 officiose
275 2596 437 2651 praeparatus
465 2585 539 2637 venit
569 2586 658 2637 lavare

123 2655 203 2721 pedes
227 2657 423 2724 discipulorum
452 2659 568 2719 lutosos,
593 2659 658 2724 quia

122 2725 273 2777 discalceati
299 2729 472 2792 incedebant,
500 2736 526 2779 et
550 2735 658 2796 tergere

123 2798 204 2850 linteo
217 2815 268 2865 quo
284 2806 343 2850 erat
353 2802 536 2866 praecinetur,
560 2812 591 2851 ut
611 2817 659 2868 per

123 2870 214 2921 omnia
237 2871 399 2922 humilitatis
419 2872 539 2922 officium
560 2872 658 2939 imple-

123 2951 172 2993 ret.
195 2943 227 2993 Et
250 2944 317 3008 quid
341 2945 442 2994 mirum
463 2945 485 2995 si
510 2946 561 2996 hoc
586 2944 658 3007 fecit,

123 3011 172 3077 qui
193 3013 279 3063 multo
302 3016 402 3079 majora
425 3014 510 3066 facere
532 3016 658 3081 dignatus

123 3081 182 3134 est?
210 3083 287 3133 Unde
312 3086 466 3150 Agnetinus
490 3105 498 3138 .·
525 3106 539 3134 (ι
566 3087 659 3138 Posuit

123 3162 213 3205 autem
230 3153 389 3205 vestimenta
410 3172 467 3217 sua,
489 3158 610 3223 quicum
630 3159 657 3210 in

115 3227 212 3293 forma
237 3228 288 3279 Dei
311 3235 387 3292 esset,
407 3231 576 3298 semetipsum
593 3233 657 3283 exi·

122 3301 239 3363 nenivit,·
270 3300 410 3367 praecinxit
430 3318 459 3352 se
485 3304 584 3367 linteo,
609 3305 656 3371 qui

114 3369 239 3435 sormam
259 3373 333 3423 servi
345 3372 487 3439 accipiente,
503 3373 595 3424 habitu
613 3375 657 3424 in·

120 3450 215 3494 ventus
236 3451 276 3495 est
296 3451 324 3495 ut
342 3445 419 3497 homo
426 3463 437 3508 ,·
460 3445 536 3495 misit
558 3460 656 3511 aquam

122 3512 151 3563 in
166 3514 275 3579 pelvim,
300 3525 329 3566 ut
351 3516 450 3567 lavaret
469 3514 551 3581 pedes
574 3515 657 3566 disci-

121 3584 248 3648 pulorum
260 3624 268 3649 ,
293 3586 340 3652 qui
369 3586 397 3637 in
421 3597 519 3637 terram
544 3587 656 3653 sangui-

122 3671 183 3707 nem
196 3656 277 3719 fudit,
292 3675 346 3726 quo
361 3659 562 3710 immunditiam
574 3659 657 3710 dilue·

122 3735 165 3776 ret
182 3740 378 3794 peccatorum;
410 3731 490 3784 linteo
518 3745 569 3797 quo
598 3737 658 3782 erat

121 3799 284 3861 precinctus
302 3802 386 3867 pedes
400 3818 470 3868 quos
487 3802 552 3853 lavit
569 3801 655 3866 tersit,

60 3906 66 3921 .
124 3865 173 3934 qui
194 3882 270 3920 carne
284 3886 338 3937 qua
354 3882 409 3923 erat
432 3872 544 3925 indutus
570 3873 656 3925 Evan-

412 257 586 309 SECUNDAE
601 258 727 310 PauTls
743 259 861 311 CAPUT
877 259 944 311 LIV.

706 373 863 440 gelistarum
882 374 994 440 vestigia
1015 372 1196 426 confirmavit.
1207 375 1243 428 Et

706 444 790 494 linteo
801 445 911 510 quidem
923 455 953 495 ut
964 461 992 496 se
1002 445 1186 511 praecingeret,
1199 462 1244 513 po

707 513 761 564 suit
770 515 931 565 vestimenta
939 531 999 581 quae
1014 515 1145 580 habebat3
1156 524 1188 566 ut
1199 531 1244 567 au·

707 594 761 634 tem
771 583 889 635 formam
901 586 970 635 servi
980 586 1123 652 acciperet,
1133 587 1245 652 quando

707 655 883 721 semetipsum
907 655 1062 715 exinanivit,
1089 671 1146 706 non
1169 658 1244 722 quod

708 724 824 776 habebat
852 725 986 790 deposuit,
1013 727 1059 777 sed
1088 727 1164 793 quod
1188 742 1243 778 non

707 794 822 846 habebat
843 796 942 861 accepit
962 812 969 846 ε
990 815 1004 843 n
1026 797 1082 847 haec
1104 798 1244 864 Augusti·

708 882 769 919 nus.

740 955 759 1005 4
776 941 883 991 Paruus
897 956 1000 991 enruuu
1012 957 1148 992 ιοτιοιιιῑιι
1166 957 1247 993 neru-

709 1029 762 1073 orr,
791 1030 838 1064 sen
866 1031 893 1064 ar
921 1031 1090 1065 conamen-re
1117 1016 1244 1077 Domino,

709 1102 800 1137 uurnr
827 1103 968 1138 consumit
992 1103 1018 1138 ιιι
1041 1104 1148 1139 narius.
1166 1087 1247 1139 -Et

710 1165 742 1207 ut
755 1158 847 1208 omnia
864 1158 968 1209 ratione
983 1168 1009 1209 et
1026 1159 1125 1209 ordine
1138 1158 1246 1219 faceret,

710 1238 736 1279 et
759 1228 881 1279 faciendo
914 1246 964 1280 nos
993 1230 1148 1292 instrueret,
1178 1231 1248 1281 venii

712 1301 893 1353 ministerium
916 1303 1079 1365 inchoando,
1103 1303 1194 1370 primo
1210 1303 1248 1355 ad

711 1371 847 1423 Simonem
865 1373 993 1437 Petrum,·
1010 1373 1068 1438 ipse
1088 1374 1162 1424 enim
1179 1374 1248 1424 inter

710 1440 777 1490 alios
798 1441 882 1506 major
908 1453 973 1504 erat,
1000 1454 1026 1494 et
1047 1443 1110 1494 ideo
1130 1444 1164 1494 ab
1186 1444 1246 1510 ipso

711 1513 894 1564 inchoandum
908 1514 968 1567 fuit.
985 1517 1018 1566 Et
1031 1525 1098 1566 tunc
1108 1517 1202 1567 Petrus
1212 1531 1245 1567 ex

710 1584 925 1636 consideratione
953 1586 1105 1637 divinitatis
1118 1596 1144 1637 et
1161 1587 1244 1652 maje-

710 1657 787 1707 statis
811 1657 913 1708 Christi
937 1659 1055 1720 territus,
1065 1661 1141 1725 quod
1166 1658 1245 1710 etiarn

711 1727 826 1793 quilibet
840 1743 934 1778 eorum
949 1729 1110 1795 expavisset,
1131 1729 1246 1795 expavit,

711 1806 737 1848 et
750 1806 824 1848 totus
839 1798 1003 1864 stupefactus
1017 1809 1133 1860 recusat,
1146 1810 1174 1851 et
1191 1816 1245 1851 reru

712 1870 752 1920 sic
763 1887 812 1920 suo
827 1871 929 1936 judicio
944 1873 1112 1923 indecentem
1123 1873 1248 1923 declinat.

712 1941 773 1990 Non
794 1942 878 2002 decet,
902 1942 1001 2008 inquit,
1027 1959 1083 1993 non
1099 1944 1247 1995 convenit:

711 2023 741 2064 tu
755 2014 898 2076 Dominus,
922 2031 971 2080 ego
988 2031 1095 2079 servus;
1114 2026 1145 2067 tu
1168 2018 1246 2077 Deus,

711 2100 760 2152 ego
777 2086 877 2150 homo;
892 2098 921 2137 tu
936 2088 1056 2149 Creator,
1071 2104 1121 2154 ego
1145 2100 1247 2140 creatu·

711 2173 756 2223 ra3
772 2170 798 2209 et
815 2166 842 2210 tu
856 2161 921 2211 mihi
940 2161 1048 2222 misero,
1064 2163 1246 2228 pauperrimo,

711 2228 866 2279 humillimo
893 2231 1018 2297 piscatori
1047 2231 1127 2282 lavas
1148 2233 1245 2299 pedes,

712 2302 847 2363 sordidos,
874 2313 900 2352 ct
930 2303 1055 2354 intimum
1085 2305 1114 2354 in
1139 2319 1248 2371 corpore

711 2376 865 2425 membrum
881 2377 1006 2426 manibus
1021 2375 1065 2427 his
1080 2377 1183 2443 quibus
1193 2392 1247 2429 cte-

712 2445 751 2496 cis
763 2447 856 2496 oculos
870 2446 1009 2513 aperuisti,
1026 2447 1149 2512 leprosos
1165 2464 1247 2499 mun·

710 2516 789 2577 dasti,
809 2528 835 2567 et
850 2528 972 2568 mortuos
992 2518 1139 2579 suscitasti,
1157 2519 1185 2569 id
1208 2528 1249 2570 est

710 2587 752 2637 vis
768 2588 855 2638 lavare
875 2590 955 2653 pedes
971 2588 1040 2638 mihi
1060 2589 1202 2655 peccatori,
1219 2599 1247 2641 tu

710 2657 758 2724 qui
777 2673 805 2707 es
824 2658 911 2708 Filius
924 2659 993 2708 Dei?
1017 2658 1100 2718 Quasi
1125 2659 1246 2710 diceret:

712 2731 770 2780 Hoc
792 2730 921 2781 indecens
948 2741 996 2795 est,
1021 2740 1046 2781 et
1071 2732 1247 2783 nullomodo

712 2803 913 2854 sustinendum.
934 2803 1028 2854 Simile
1048 2804 1165 2855 verbum
1180 2805 1248 2856 dixit

712 2875 741 2924 in
755 2875 886 2941 principio
899 2876 1083 2927 conversionis
1096 2893 1153 2928 suae
1168 2877 1248 2929 :Exi

713 2960 730 2995 α
753 2960 801 3009 me,
834 2946 897 3012 quia
928 2947 1005 2998 homo
1025 2948 1244 3012 peccator'sum,

712 3017 839 3068 Domine.
854 3017 930 3067 Sicut
944 3028 984 3068 est
1000 3018 1138 3069 Dominus
1153 3018 1247 3069 humi·

711 3087 746 3138 lis
764 3087 797 3137 ad
818 3088 998 3151 serviendum,
1022 3088 1060 3139 ita
1078 3104 1172 3140 servus
1194 3105 1246 3140 uon

712 3157 883 3222 suscipiendo
903 3158 1053 3209 servitium.
1075 3160 1160 3220 Quasi
1175 3161 1245 3211 dice-

712 3237 760 3289 ret,
789 3230 937 3279 secundum
961 3230 1082 3294 Bedam,
1103 3231 1148 3281 Tu
1176 3233 1245 3282 Deus

711 3299 845 3360 deorum,
868 3309 897 3350 tu
925 3301 982 3350 Rex
1008 3302 1193 3367 Angelorum,
1217 3312 1244 3352 tu

711 3371 797 3422 Filius
820 3373 964 3432 Altissimi,
985 3382 1012 3423 et
1032 3374 1174 3438 speculum
1190 3374 1244 3425 siue

712 3444 816 3494 macula
844 3444 989 3509 majestatis
1014 3445 1081 3505 Dei,
1112 3455 1141 3496 tu
1166 3460 1244 3512 quem

709 3513 820 3564 adorant
830 3515 955 3580 angelicae
967 3515 1123 3580 Potestates‚
1135 3527 1165 3567 tu
1175 3517 1244 3568 Deus

710 3593 817 3645 aeterne,
842 3585 907 3636 mihi
928 3586 1077 3636 vermiculo
1101 3587 1181 3639 lavas
1195 3600 1243 3653 pe-

710 3657 782 3708 des?
810 3658 854 3709 Tu
883 3670 944 3710 ante
963 3675 1007 3710 me
1027 3661 1158 3723 curvaris,
1185 3670 1243 3712 ante

710 3745 792 3795 quem
815 3742 960 3782 curvantur
986 3732 1033 3798 qui
1058 3744 1168 3799 portant
1199 3748 1244 3784 or-

711 3802 790 3854 bem?
824 3805 867 3856 Tu
891 3816 952 3856 ante
979 3821 1023 3856 me
1041 3805 1166 3872 flecteris,
1186 3818 1243 3858 ante

710 3889 793 3941 quem
820 3873 938 3927 flectitur
959 3890 1035 3929 omne
1067 3891 1140 3943 genn
1164 3877 1242 3929 coele·
