2632 4320
193 273 242 324 DE
255 272 512 325 INSTITUTIONE
527 273 755 327 SACRAMENTI
780 275 1036 329 EUCHARISTIAE.

58 388 148 448 derit,
174 389 262 453 possit
287 397 312 439 et
335 389 393 454 eius
417 388 545 440 beneficia
566 400 593 441 et

58 461 193 514 amicitias
213 462 368 512 memorari.
392 462 478 522 Quem
501 462 524 513 si
548 463 594 513 ille

58 533 176 599 perfecte
196 532 334 593 dilexerit,
356 533 416 584 sine
433 533 535 600 ingenti
558 532 593 584 il-

58 603 107 655 lud
127 602 272 662 desiderio,
287 604 329 653 vel
351 603 416 655 fletu
438 619 491 655 non
506 613 594 670 potest

58 674 160 726 videre.
182 674 244 724 ldeo
264 674 316 724 hoc
337 675 458 726 Salvator
481 675 595 726 tradidit

58 753 268 805 sacramentum,
288 753 319 794 ut
341 760 389 810 per
408 745 460 796 hoc
488 760 594 811 semper

59 831 322 880 commemoremur,
347 816 412 883 quia
438 831 487 883 pro
514 815 594 867 nobis

59 897 187 939 mortuus
201 896 250 937 est.
267 886 335 937 Nam
355 897 383 938 et
396 887 457 938 ideo
471 902 535 938 cum
550 902 594 938 ac·

58 959 187 1027 cipimus,
201 973 217 1008 a
230 958 414 1009 sacerdotibus
433 973 593 1009 commone-

58 1047 132 1094 mur,
153 1030 217 1098 quia
240 1031 345 1098 Corpus
367 1041 394 1082 et
416 1032 533 1099 Sanguis
553 1041 595 1083 est

60 1102 175 1167 Christi,
189 1112 220 1154 ut
241 1120 295 1155 non
310 1104 398 1155 simus
413 1103 511 1171 ingrati
533 1113 595 1154 tan-

60 1175 81 1226 ti
103 1174 162 1240 ejus
186 1173 307 1224 beneficii
325 1187 337 1224 ἰ
363 1193 377 1222 n
406 1174 464 1225 haec
484 1175 595 1226 Hiero-

61 1259 171 1314 nymus.
190 1245 347 1296 institutum
374 1255 413 1296 est
437 1245 521 1311 igitur
543 1245 595 1295 hoc

61 1325 260 1367 sacramentum
274 1315 366 1366 altaris
381 1332 387 1365 :
403 1314 502 1381 primo,
515 1315 544 1365 in
558 1329 596 1365 re·

62 1386 245 1438 cordationem
256 1386 408 1437 Dominicae
420 1385 561 1437 Passionis
569 1393 596 1436 et

60 1457 247 1521 liberationis;
273 1460 408 1519 secundo,
433 1458 461 1508 in
485 1458 595 1525 signum

63 1530 205 1599 praecipua
227 1530 381 1584 dilectionis
406 1542 431 1583 et
459 1532 595 1583 imitatio-

63 1603 118 1669 nis;
141 1603 231 1668 tertio,
254 1603 283 1654 in
304 1605 387 1654 robur
412 1604 597 1655 confirmatio-

64 1674 117 1736 nis,
139 1683 232 1725 contra
252 1675 342 1742 lapsus
364 1676 491 1728 humanae
517 1675 596 1727 infir-

64 1746 184 1812 mitatis;
212 1758 326 1815 quarto,
355 1749 384 1799 in
409 1749 598 1816 purgationem

64 1817 180 1884 spiritus
203 1819 325 1870 hominis
350 1829 376 1870 et
399 1821 597 1871 nutrimentum

63 1889 124 1941 uitae
149 1889 312 1956 spiritualim
337 1891 444 1958 quinto,
467 1891 494 1942 in
517 1892 599 1943 viati-

65 1976 126 2014 cum
137 1963 281 2028 praesentis
293 1964 530 2030 peregrinationis3
544 1980 600 2016 sex-

64 2042 102 2094 to,
121 2032 153 2084 in
174 2032 274 2100 pignus
292 2044 319 2085 et
339 2035 448 2085 arrham
471 2035 599 2085 habenda

64 2102 237 2169 hereditatis3
262 2104 387 2171 septimo,
405 2106 434 2157 in
450 2105 598 2156 remedium

65 2173 258 2226 satisfactionis
289 2192 338 2242 pro
368 2178 490 2243 peccatis.
522 2177 600 2228 Unde

66 2244 205 2312 Sanguine
228 2246 331 2297 Christi
359 2263 457 2314 corpus
480 2257 506 2299 et
531 2247 621 2299 ani--

67 2334 140 2369 mam
162 2318 291 2382 linimus,
316 2321 381 2386 quia
405 2322 517 2387 sanguis
538 2322 600 2388 agni

68 2402 148 2455 super
160 2397 307 2456 utrumque
320 2400 425 2457 postem
441 2393 549 2454 domus,
570 2392 602 2442 li-

71 2457 174 2510 beravit
192 2460 321 2512 Hebraeos
341 2463 374 2513 ab
394 2463 497 2528 Angelo
514 2473 601 2514 exter-

69 2529 215 2581 minatore.

99 2616 116 2668 9
132 2601 309 2653 Pauramrro
322 2620 357 2653 nn
372 2619 490 2655 suucrnu
504 2621 603 2656 corruu-

68 2686 177 2723 mortun.
191 2701 222 2711 -
233 2674 264 2724 ln
275 2675 327 2725 hoc
336 2686 426 2727 autem
437 2687 602 2728 sacramento

69 2745 123 2797 duo
138 2746 316 2812 requiruntur
331 2764 362 2800 ex
380 2759 453 2816 parte
470 2751 603 2818 recipien-

70 2816 114 2880 tis,
125 2816 229 2868 scilicet
242 2834 249 2868 :
264 2818 430 2871 desiderium
442 2821 605 2888 conjunctio·

71 2887 113 2939 nis
126 2887 162 2939 ad
176 2888 326 2953 Christum,
342 2893 416 2958 quod
433 2909 509 2944 amor
522 2894 601 2957 facit3

70 2968 97 3012 et
114 2960 265 3012 reverentia
290 2965 459 3026 sacramenti,
486 2981 546 3032 quae
571 2965 604 3016 ad

70 3032 174 3085 donum
198 3034 306 3085 timoris
326 3037 448 3102 pertinet.
474 3038 604 3100 Primum,

71 3103 104 3153 ad
130 3104 320 3170 quotidianam
340 3107 422 3173 huius
440 3109 604 3159 ‘sacramenti

73 3173 317 3242 frequentationem
345 3178 454 3244 invitat,
484 3180 530 3231 sed
560 3195 605 3231 se-

72 3245 193 3297 cundum
213 3247 332 3299 retrahit.
355 3249 432 3300 Unde
458 3250 481 3300 si
506 3250 606 3317 aliquis

71 3316 317 3383 experimentaliter
353 3332 538 3387 cognosceret,
573 3338 605 3374 ex

72 3389 233 3456 quotidiana
273 3393 430 3459 sumptione
473 3394 606 3446 fervorem

72 3460 174 3511 amoris
193 3461 285 3528 augeri
308 3472 334 3514 et
356 3465 532 3517 reverentiam
553 3482 607 3516 non

72 3530 172 3594 minui,
189 3533 250 3584 talis
270 3534 379 3586 deberet
394 3537 517 3602 quotidie
531 3552 608 3588 com-

72 3602 227 3668 municare,
261 3605 284 3657 si
309 3615 400 3657 autem
427 3607 540 3658 sentiret
563 3623 609 3674 per

72 3673 260 3741 quotidianam
280 3675 523 3744 frequentationem
539 3693 609 3730 reve-

73 3746 192 3797 rentiam
215 3747 315 3815 minui,
342 3760 369 3801 et
390 3749 525 3802 fervorem
553 3766 609 3801 non

10 3820 20 3885 ζ
72 3818 194 3871 multum
209 3821 310 3888 augeri,
321 3822 383 3875 talis
397 3823 505 3875 deberet
523 3823 609 3874 inter.-

72 3886 143 3943 dum
162 3891 309 3957 abstinere,
330 3902 362 3946 ut
377 3909 441 3946 cum
455 3893 550 3961 majori
564 3909 610 3946 re·

647 392 766 443 verentia
788 402 814 444 et
836 393 979 445 devotione
1007 395 1181 460 postmodum

647 463 791 515 accederet.
812 465 900 527 Unde,
920 474 1052 532 quantum
1073 466 1106 517 ad
1119 466 1181 528 hoc,

649 535 840 602 unusquisque
861 546 902 587 est
923 552 972 587 suo
984 537 1085 602 judicio
1097 536 1182 587 relin-

649 607 785 672 quendus.
812 608 908 658 Modus
930 618 1019 658 autem
1044 608 1110 659 illud
1134 624 1183 660 su-

649 677 741 728 mendi
766 677 909 744 tripliciter
928 678 1081 729 dividitur:
1099 695 1184 729 come-

647 748 700 799 stio
735 749 808 800 enim
841 749 893 800 alia
924 749 954 800 fit
988 766 1051 814 ore,
1085 761 1111 801 et
1141 760 1181 803 est

649 819 861 883 sacramentalis;
882 821 934 871 alia
953 820 984 871 lit
998 823 1085 883 corde,
1101 833 1129 872 et
1141 833 1182 875 est

648 890 743 956 realis3
761 891 813 942 alia
831 890 861 941 fit
885 906 931 942 ore
948 901 973 942 et
985 893 1081 943 corde:
1095 893 1124 942 in
1137 895 1180 944 al-

648 970 705 1011 tero
719 971 924 1025 sacramentum,
940 961 967 1011 in
981 962 1063 1012 altero
1082 978 1125 1013 res
1137 978 1181 1014 sa·

648 1033 788 1083 eramenti.
810 1033 871 1083 Sola
890 1032 1019 1083 comestio
1034 1048 1181 1094 sacramen-

648 1105 710 1157 talis
726 1114 830 1157 tantum
846 1108 979 1157 malorum
994 1116 1043 1168 est,
1059 1108 1107 1174 qui
1129 1107 1181 1159 etsi
1268 1122 1275 1135 ·

648 1177 700 1227 sub
731 1175 834 1227 visibili
867 1177 953 1242 specie
985 1178 1182 1228 elementorum

649 1248 755 1312 Corpus
787 1247 889 1298 Christi
916 1247 1060 1314 accipiant,
1089 1258 1180 1299 tamen

649 1319 713 1386 quia
728 1334 776 1369 nec
787 1335 849 1370 vere
859 1321 979 1381 credunt,
995 1335 1043 1370 nec
1055 1320 1181 1389 diligunt,

649 1390 712 1456 pani
734 1389 835 1442 coelesti
859 1391 963 1441 couniri
982 1407 1037 1441 non
1058 1401 1181 1457 possunt.

649 1460 711 1511 Sola
724 1460 854 1511 comestio
871 1462 959 1522 realis,
972 1470 1077 1512 tantum
1092 1463 1181 1513 bono-

649 1545 712 1582 rum
727 1540 776 1592 est,
792 1531 839 1597 qui
855 1531 905 1581 etsi
918 1532 969 1582 sub
984 1532 1085 1583 visibili
1099 1548 1183 1584 sacra-

650 1613 742 1654 mento
756 1618 862 1654 carnem
882 1603 983 1654 Christi
996 1620 1051 1654 non
1066 1614 1182 1669 sumant,

650 1684 740 1724 tamen
754 1672 807 1724 fide
820 1683 845 1724 et
859 1673 1003 1724 dilectione
1016 1689 1114 1740 panem
1128 1690 1183 1726 coe-

650 1745 744 1795 lestem
760 1745 934 1804 manducant,
955 1744 1019 1795 etei
1045 1745 1182 1795 couniun-

651 1824 703 1867 tur.
719 1811 796 1866 U'nde
810 1815 1004 1879 Augustinus:
1021 1832 1034 1861 κ
1045 1813 1117 1874 Quid
1133 1829 1183 1880 pa-

651 1900 694 1936 ras
719 1885 813 1936 dentes
838 1896 863 1936 et
888 1884 1031 1935 ventrem?
1046 1886 1139 1946 Crede,
1157 1894 1183 1936 et

652 1958 831 2010 manducasti.
846 1978 859 2008 n
875 1958 964 2009 Realis
978 1973 1041 2009 vero
1056 1968 1083 2009 et
1096 1973 1183 2010 sacra-

653 2031 779 2082 mentalis
794 2030 924 2082 comestio
947 2029 1107 2096 junguntur,
1123 2045 1187 2080 cum

654 2104 814 2170 accipientes
837 2103 947 2168 inpane
964 2104 1037 2169 quod
1060 2103 1188 2169 pependit

655 2177 684 2228 in
698 2177 782 2243 ligno,
795 2175 955 2242 accipientes
972 2176 1001 2226 in
1016 2177 1098 2227 calice
1114 2176 1188 2243 quod
1272 2188 1275 2195 '

656 2246 776 2298 manavit
788 2247 822 2297 de
831 2247 921 2309 latere,
932 2245 1092 2314 pertingunt
1099 2254 1189 2297 mente

656 2336 744 2388 usque
764 2321 797 2371 ad
820 2336 898 2373 esum
924 2320 999 2388 panis
1021 2320 1094 2372 vitae.
1115 2321 1188 2383 Oris,

656 2393 779 2461 inquam,
803 2394 939 2460 perceptio
957 2404 983 2444 ct
999 2392 1188 2459 incorporatio,

654 2475 850 2517 sacramentum
873 2476 912 2515 est
931 2465 1106 2515 comestionis
1128 2478 1189 2514 cor-

655 2537 707 2598 dis,
720 2551 774 2602 qua
788 2536 985 2585 manducamus
994 2550 1057 2584 cum
1072 2533 1189 2583 Domino

656 2608 762 2672 Corpus
779 2619 868 2665 suum,
891 2614 917 2655 et
942 2604 1062 2654 bibimus
1081 2618 1143 2653 cum
1157 2617 1189 2653 eo

657 2675 820 2742 Sanguinem
839 2691 929 2736 suum,
947 2675 999 2725 hoc
1015 2682 1055 2725 est
1067 2689 1115 2740 per
1128 2671 1189 2723 effi-

657 2749 757 2801 caciam
774 2748 903 2815 Corporis
928 2747 971 2798 sui
997 2757 1023 2798 et
1044 2745 1190 2811 Sanguinis

657 2820 700 2871 sui
712 2834 853 2870 manemus
864 2819 893 2868 in
904 2833 945 2879 en,
958 2826 983 2867 et
993 2816 1089 2883 ipsein
1100 2815 1191 2866 nobis.

658 2893 750 2959 Itaque
760 2891 805 2941 alii
825 2889 959 2956 accipiunt
972 2890 1076 2954 Corpus
1092 2885 1192 2938 Domi-

657 2963 685 3012 ni
699 2963 732 3012 ad
751 2970 875 3024 mortem,
898 2960 1032 3026 quianon
1053 2959 1192 3024 attingunt

658 3049 754 3101 panem
777 3031 854 3094 vitae;
872 3031 918 3081 alii
940 3030 1079 3097 accipiunt
1101 3031 1133 3080 ad
1148 3028 1193 3080 vi·

658 3117 723 3167 tam,
749 3105 813 3172 quia
826 3104 994 3155 aduniuntur
1017 3119 1079 3154 cum
1093 3104 1191 3154 Verbo.

660 3181 738 3232 Unde
764 3178 976 3245 Chrysoslomus
991 3194 1000 3229 .·
1015 3175 1029 3225 ι’(
1050 3176 1192 3229 Credimus

660 3250 751 3316 itaque
764 3249 894 3315 quoniam
917 3257 943 3300 et
963 3263 1036 3299 nunc
1052 3248 1098 3297 illa
1117 3259 1193 3295 coena

661 3331 710 3382 est,
728 3320 757 3370 in
780 3334 834 3387 qua
849 3329 876 3372 et
892 3320 950 3386 ipse
965 3316 1097 3376 recubuit,
1122 3315 1194 3365 nihil

661 3393 735 3444 enim
755 3393 801 3443 illa
836 3393 869 3442 ab
896 3392 945 3441 hac
967 3390 1065 3439 differt.
1099 3388 1193 3453 Neque

662 3463 734 3515 enim
750 3463 819 3514 hanc
834 3461 945 3528 quidem
959 3459 1042 3509 homo
1057 3466 1193 3523 operatur,

662 3536 737 3586 illam
751 3545 841 3587 autern
854 3533 926 3598 ipse;
940 3532 986 3582 sed
999 3530 1067 3581 hanc
1083 3540 1108 3580 et
1118 3530 1192 3579 illam

662 3606 729 3672 ipse.
742 3605 811 3656 Cum
826 3618 889 3669 ergo
908 3601 1071 3652 sacerdotem
1083 3599 1192 3649 dantem

662 3679 712 3731 tibi
722 3677 830 3737 videris,
847 3691 901 3725 non
911 3674 1075 3726 sacerdotem
1090 3672 1194 3724 aestima

663 3765 721 3801 esse
755 3747 802 3814 qui
828 3745 880 3795 hoc
907 3743 986 3807 lacit3
1011 3743 1057 3794 sed
1082 3757 1194 3793 manum

664 3820 765 3874 Christi
780 3832 839 3869 esse
857 3832 917 3884 quae
942 3816 1103 3878 extenditur.
1119 3815 1195 3868 Sicut

664 3892 748 3959 igitur
761 3904 823 3942 cum
839 3886 991 3955 baptizaris,
1003 3902 1058 3936 non
1074 3885 1131 3952 ipse
1149 3901 1195 3938 sa-

1126 239 1307 345 413¹.
