2632 4320
107 228 112 253 l

69 362 191 416 Gentiles
214 362 250 413 ita
263 362 343 414 afficit
359 373 389 413 ut
402 363 506 425 virtus3
529 360 599 411 nihil
625 364 630 379 ·

70 437 106 487 ita
131 435 187 486 illis
204 435 365 486 offendiculo
384 444 433 495 est,
450 444 481 484 ut
499 433 602 500 impro-

70 508 150 567 bitas,
170 517 197 557 et
217 508 276 573 jure
295 508 414 573 quidem.
437 507 507 557 Cum
528 505 600 556 enim

69 577 167 628 viderit
181 592 294 628 avarum
316 587 343 627 et
362 577 512 643 rapientem
534 591 601 626 con·

69 647 152 698 traria
170 647 383 713 precipientem,
408 662 524 713 eumque
549 645 609 712 qui'

69 717 198 768 inimicos
211 718 321 784 diligere
335 718 444 783 jubetur
459 717 487 767 in
499 715 601 766 contri-

69 790 147 840 bules
163 805 237 849 suos,
259 800 387 856 tanquam
408 791 436 840 in
457 789 527 839 feras
552 803 602 838 sae-

69 860 197 920 vientem,
211 875 296 926 nugas
310 871 442 926 praecepta
459 861 506 910 illa
518 874 601 909 voca-

62 932 119 983 bit.
134 932 204 982 Cum
221 931 318 984 viderit
331 931 486 997 quempiam
507 929 602 980 mortis

69 1002 218 1053 formidine
239 1013 357 1068 captum,
376 1018 431 1068 quo
453 1012 530 1081 pacto
549 1000 602 1050 im-

70 1072 243 1123 mortalitatis
282 1072 430 1123 doctrinam
467 1070 602 1137 accipiet?

53 1145 141 1204 ,Cum
172 1145 331 1196 ambitiosos
360 1144 464 1204 viderit,
488 1144 602 1210 aliisque

69 1215 154 1267 animi
170 1215 274 1266 morbis
288 1226 390 1296 captos,
405 1215 494 1280 potius
509 1213 538 1263 in
554 1229 603 1263 sua

69 1285 193 1337 manebit
208 1285 348 1349 sententia,
361 1285 485 1352 nihilque
499 1285 533 1335 de
550 1300 602 1333 no-

68 1356 112 1409 bis
129 1372 260 1422 magnum
272 1357 385 1423 putabit.
399 1357 454 1407 Nos
466 1371 538 1421 ergo,
553 1370 602 1404 nos

67 1427 166 1493 utique
189 1427 216 1476 in
236 1442 316 1478 causa
331 1442 437 1486 sumus,
455 1441 502 1476 cur
519 1423 558 1475 illi
574 1425 601 1475 in

68 1514 120 1550 suo
135 1513 226 1549 errore
239 1498 393 1564 persistant.
411 1499 480 1548 Nam
500 1496 602 1547 doctri-

68 1585 132 1621 nam
150 1569 227 1620 illam
247 1569 313 1620 olim
329 1585 407 1621 suam
428 1569 603 1635 repudiarunt

69 1650 96 1692 et
118 1648 218 1694 nostra.
230 1641 415 1704 admirantur3
435 1640 481 1691 sed
501 1656 534 1691 ex
547 1639 602 1691 vita

69 1722 162 1766 nostra
177 1723 309 1765 arcentur.
320 1714 416 1765 Verbis
428 1714 502 1764 enim
516 1712 602 1780 philo·

68 1787 180 1855 sophari
200 1787 278 1838 facile
300 1796 348 1853 est,
372 1799 398 1839 et
422 1788 500 1838 multi
518 1786 600 1839 etiam

345 246 392 297 DE
407 245 585 298 1NvlTltTts
600 244 647 295 AD
664 244 824 308 NUPTIAS‚
843 245 920 296 ETC.
1134 244 1184 297 265

654 359 724 425 apud
737 359 798 410 illos
813 359 840 409 id
859 359 995 423 fecerunt;
1017 359 1104 410 adhuc
1124 377 1186 412 vero
1263 380 1264 383 ¹

655 432 796 504 requirunt
811 447 891 497 opera
907 433 987 482 bona.
1002 432 1111 484 Veteres
1126 433 1187 484 illos

654 505 702 572 qui
725 506 794 571 apud
827 521 877 555 nos
900 504 1008 555 fuerunt
1031 507 1186 572 recogitent,

654 576 724 626 dicet
744 576 851 642 aliquis.
866 577 901 626 At
917 576 970 626 illis
992 590 1048 626 non
1062 577 1182 641 credunt,

654 646 701 697 sed
709 661 759 696 nos
773 657 916 712 presentes
930 648 1086 710 observant;
1097 656 1187 699 osten-

655 720 710 770 dite
722 718 809 779 nobis,
820 719 957 785 inquiunt,
971 719 1051 770 fidem
1064 736 1111 785 per
1121 736 1186 786 ope-

655 806 692 842 ra.
708 791 772 840 llaec
782 799 872 841 autem
888 805 1022 855 nusquam
1038 800 1114 854 sunt;
1137 791 1182 841 sed

655 880 716 915 cum
740 878 790 913 nos
814 862 906 913 vident
928 863 990 929 plus
1016 878 1100 929 quam
1118 863 1188 914 feras

655 937 793 1003 proximos
813 947 919 986 nostros
953 934 1112 1002 discerpere,
1138 951 1188 988 nos

655 1010 729 1060 orbis
743 1009 887 1076 perniciem
905 1017 1010 1060 vocant.
1026 1009 1087 1058 Haec
1110 1009 1187 1058 Gen-

654 1081 715 1131 tiles
728 1080 854 1140 retinent,
869 1095 903 1130 ne
921 1080 954 1130 ad
970 1095 1019 1129 nos
1035 1087 1185 1128 transeant.

656 1155 747 1220 ltaque
765 1168 816 1203 nos
826 1152 924 1202 horum
939 1166 1033 1218 poenas
1046 1150 1187 1209 dabimus,

656 1241 712 1275 non
726 1224 814 1274 solum
829 1223 902 1289 quod
912 1224 982 1274 mala
992 1232 1186 1290 perpetremus,

656 1296 702 1346 sed
719 1295 800 1346 etiam
815 1294 888 1361 quod
902 1303 1011 1360 propter
1025 1308 1074 1343 nos
1088 1306 1186 1341 nomen

655 1367 704 1418 Dei
723 1366 931 1431 blasphemetur.
948 1366 1095 1430 Quousque
1107 1377 1188 1428 pecu·

656 1439 720 1500 niis,
741 1437 854 1499 deliciis,
878 1437 991 1503 aliisque
1008 1436 1083 1486 vitiis
1100 1433 1184 1484 dediti

655 1508 978 1561 erimus'tAbstineamus
1000 1507 1136 1572 denique,
1157 1513 1184 1555 et
1268 1539 1270 1546 .

654 1579 784 1629 virtutem
812 1592 922 1628 omnem
949 1589 1130 1637 exerceamus,
1157 1581 1188 1648 ut

655 1652 744 1702 futura
766 1665 973 1716 consequamur·
985 1649 1057 1699 bona
1075 1664 1082 1698 :
1097 1666 1109 1694 n
1127 1647 1185 1697 haec

655 1723 875 1790 chrysostomus.

563 2018 700 2071 ORATIO

101 2172 218 2223 Domine
230 2173 292 2223 lesu
303 2173 418 2235 Christe,
431 2174 488 2224 Rex
500 2134 615 2225 coelestis
627 2170 728 2239 gloriae,
737 2170 785 2236 qui
798 2185 847 2220 nos
861 2184 908 2235 per
922 2167 1033 2218 nuntios
1046 2175 1117 2225 tuos,
1130 2164 1185 2215 sci-

69 2243 132 2294 licet
142 2258 191 2311 per
206 2259 307 2294 sacram
327 2245 502 2310 Scripturam,
515 2243 696 2306 infirmitates,
707 2242 863 2327 periculum
876 2240 993 2299 vivendi,
1007 2237 1184 2288 mutationem

69 2319 198 2380 fortunae,
210 2329 236 2369 et
248 2319 390 2385 gratuitam
404 2320 579 2380 voluntatem,
591 2319 624 2369 ad
638 2317 746 2383 nuptias
759 2325 818 2366 tuas
832 2317 941 2376 vocasti,
956 2316 989 2365 da
1000 2313 1080 2363 nobis
1094 2313 1187 2362 carita·

70 2389 106 2441 tis
129 2399 232 2441 vestem
249 2390 408 2456 nuptialem,
424 2405 457 2441 ne
473 2405 488 2440 a
507 2389 675 2440 confessione
693 2387 802 2454 peccati,
819 2397 845 2437 et
860 2401 876 2436 a
889 2387 966 2436 laude
992 2383 1039 2434 Dei
1061 2397 1183 2448 unquam

70 2467 311 2526 obmutescamus,
327 2482 361 2516 ne
376 2481 392 2516 a
409 2466 605 2516 resurrectione
616 2463 763 2530 sprrrtuahs
779 2461 878 2528 gaudii,
896 2460 997 2510 scrltcet
1009 2473 1081 2523 pace
1106 2467 1131 2507 et
1142 2473 1185 2508 se

69 2537 192 2600 curitate,
208 2552 379 2603 separemur3
394 2547 420 2588 et
436 2537 558 2588 danobis
570 2546 671 2587 vestem
684 2533 799 2601 pietatis,
818 2542 843 2583 et
858 2534 935 2582 bonae
948 2529 1120 2596 operationis,
1142 2543 1186 2587 ne,

69 2607 162 2675 ligatis
172 2609 298 2660 manibus
309 2618 336 2660 et
348 2607 490 2674 pedibus,
483 2624 511 2657 tn
524 2607 648 2658 tenebras
659 2604 803 2656 exteriores
819 2602 966 2653 mittamur.
980 2602 1078 2650 Amen.
