2632 4320
160 320 210 356 too
452 301 627 354 SECUNDAE
648 300 772 353 PARTIS
788 302 905 354 CAPUT
920 302 988 354 XIII.

574 707 741 778 CAPUT
758 707 850 777 XIII

226 987 278 1055 De
298 983 504 1076 difficultate
524 994 558 1052 et
575 983 857 1077 impossibilitate
880 983 1042 1052 intrandi
1058 981 1204 1052 diuitem

152 1101 188 1168 in
212 1123 361 1194 regnum
377 1099 557 1181 coelorum,
584 1109 618 1168 et
630 1100 672 1169 de
681 1097 832 1191 praemio
851 1096 1120 1189 relinquentium
1138 1098 1257 1169 omniu

460 1226 494 1285 et
515 1215 730 1306 sequentium
759 1213 955 1283 Christum.

556 1464 700 1528 Matthaei
721 1485 788 1548 cap.
812 1487 859 1548 19.

180 1748 188 1781 1
214 1729 293 1791 Quint
318 1745 455 1782 nrrrrcuis
472 1745 513 1781 s1r
537 1745 620 1782 nrvrrr
634 1746 678 1781 rn-

145 1818 254 1856 onnssus
263 1818 342 1853 nsunt
352 1818 480 1853 centonum
491 1817 541 1852 nnn
550 1817 679 1853 conrint-

144 1892 242 1928 rrounu
253 1891 348 1926 cuum
357 1891 530 1926 osrnnurrun.
539 1904 568 1913 -
575 1875 677 1926 Videns

144 1957 234 1998 nutem
260 1947 338 1996 Iesus
358 1946 482 2011 juvenem
505 1946 610 1997 tristem
632 1945 674 1996 fa-

146 2026 219 2067 ctum
235 2031 267 2066 ex
278 2014 440 2082 paupertatis
457 2016 638 2081 persuasione,
651 2023 678 2067 et

144 2087 252 2151 ubilsse,
279 2086 416 2136 occasione
445 2087 526 2152 hujus
552 2086 676 2138 habentis

144 2158 259 2218 divitias,
292 2157 441 2223 ingreditur
467 2172 618 2208 sermonem
643 2159 677 2208 de

143 2242 221 2279 avaro
235 2227 286 2278 sub
303 2225 395 2277 divitis
409 2227 532 2290 nomine3
549 2237 575 2278 et
588 2237 619 2279 ut
639 2228 677 2278 di-

144 2297 263 2365 scipulos
275 2295 415 2348 confirmet
424 2297 453 2348 in
464 2309 602 2365 assumpta
614 2314 676 2366 per-

142 2367 266 2430 fectione,
295 2384 344 2420 nec
366 2367 406 2420 eis
429 2384 507 2436 grave
532 2369 568 2420 sit
592 2371 675 2437 quod,

141 2439 243 2491 relictis
266 2440 404 2502 omnibus,
417 2441 500 2492 secuti
515 2450 579 2492 sunt
593 2442 675 2493 Chri-

141 2522 223 2575 stum,
257 2512 375 2563 ostendit
410 2513 547 2579 quomodo
575 2512 675 2564 divititn

140 2582 244 2634 faciunt
269 2583 454 2635 difficultatem
475 2585 509 2635 ed
532 2584 675 2650 perlectio-

141 2668 203 2704 nem
218 2665 244 2704 et
262 2668 377 2719 regnum
392 2656 622 2721 consequendum,
636 2656 675 2706 di-

139 2739 202 2775 cens
214 2741 221 2774 :
234 2727 318 2775 Amen
332 2725 392 2776 dico
403 2726 477 2777 nobis
490 2743 498 2776 :
512 2726 585 2786 Quia
600 2725 674 2778 diues

140 2793 247 2860 dffcile
266 2794 378 2844 intrabit
404 2795 431 2845 in
454 2809 567 2861 regnum
591 2795 674 2846 coelo-

139 2883 207 2928 rum,
232 2868 305 2933 quod
330 2867 431 2918 scilicet
456 2877 496 2918 est
515 2882 673 2934 pauperum.

139 2937 199 2987 Non
213 2936 279 2987 dicit
293 2937 469 3004 impossibile,
491 2938 537 2988 sed
549 2937 657 2989 difficile
662 2953 670 3002 3

139 3009 204 3075 quia
219 3008 329 3060 difficile
343 3021 383 3062 est
405 3011 512 3062 divitias
527 3012 671 3079 possidere,

139 3093 165 3133 et
184 3098 240 3132 non
260 3083 344 3134 teneri
367 3084 449 3135 nimis
464 3100 554 3136 earum
571 3100 670 3137 amore.

139 3153 175 3204 Ut
189 3153 262 3203 enirn
282 3154 346 3204 dicit
359 3156 530 3221 Augustinus
544 3175 553 3208 .-
568 3175 582 3204 α
597 3157 673 3207 Bona

138 3235 244 3277 terrena
268 3226 420 3292 diliguntur
447 3228 546 3279 arctius
567 3230 670 3295 adepta,

138 3313 220 3364 quam
244 3299 399 3364 concupita3
426 3300 499 3351 aliud
531 3310 571 3351 est
597 3302 671 3352 enim

139 3368 211 3418 nolle
219 3367 389 3434 incorporare
399 3385 460 3436 quae
476 3371 582 3431 desunt,
597 3372 670 3422 aliud

137 3453 181 3488 am
192 3439 360 3505 incorporata
373 3440 520 3492 divellere:
533 3441 581 3492 illa
596 3442 670 3493 enim

137 3510 210 3560 velut
223 3519 346 3562 extranea
360 3511 413 3576 jam
425 3512 608 3577 repudiantur,
621 3513 671 3566 ista

136 3580 209 3631 velut
230 3583 351 3633 membra
363 3583 587 3649 praescinduntur.
598 3604 612 3632 n
627 3586 669 3648 Et,

136 3660 167 3699 ut
180 3651 247 3703 dicit
257 3653 469 3722 chrysostomus
480 3671 490 3706 .-
502 3672 516 3702 «
528 3655 669 3721 Appositio

137 3721 291 3777 divitiarum
314 3729 443 3795 majorem
466 3729 576 3794 apponit
590 3730 670 3781 flam-

136 3805 219 3854 mam,
243 3807 269 3847 et
284 3798 471 3849 vehementior
488 3797 518 3850 fit
532 3800 639 3866 cupido.
654 3821 668 3850 n

137 3862 189 3913 Ubi
203 3880 266 3932 ergo
280 3868 389 3920 difficile
402 3869 521 3936 ponitur,
538 3887 592 3921 non
612 3871 668 3923 im-

130 3937 302 3997 possibilitas
311 3943 501 4010 praetenditur;
516 3943 667 3998 sed-raritas

738 1729 945 1780 demonstratur.
957 1725 1073 1778 Difficile
1085 1725 1160 1777 enim
1168 1724 1270 1778 divitie

736 1800 834 1852 habitae
856 1808 1072 1860 contemnuntur,
1094 1807 1122 1849 et
1149 1797 1198 1849 vix
1219 1797 1271 1850 ali-

736 1874 799 1941 quis
813 1889 855 1925 res
871 1872 954 1924 seculi
969 1872 1027 1923 sine
1037 1871 1120 1922 seculi
1135 1870 1212 1922 vitiis
1224 1884 1270 1925 at·

735 1945 864 2013 sequitur.
887 1944 935 1994 Hae
958 1942 1032 1993 enirn
1052 1950 1117 1992 sunt
1140 1941 1227 2006 spinte
1242 1952 1270 1994 et

734 2014 838 2075 tribuli,
868 2013 916 2080 qui
951 2012 1147 2064 suffocaverunt
1172 2024 1268 2065 semen

735 2088 793 2139 Dei.
817 2088 906 2147 Quare
926 2095 1015 2137 tutum
1030 2097 1071 2137 est
1093 2100 1141 2136 nec
1155 2085 1265 2148 hebere,

736 2174 784 2209 nec
799 2172 888 2209 amare
901 2157 1021 2222 divitias3
1030 2157 1104 2223 quia,
1118 2167 1150 2207 ut
1164 2156 1202 2208 ait
1213 2156 1267 2210 Be-

735 2231 816 2281 diu«
832 2230 886 2291 Qui
905 2229 950 2280 hic
964 2227 1181 2294 multiplicandis
1195 2226 1265 2281 divi-

735 2302 780 2353 tiis
792 2301 961 2361 incumbunt,
972 2301 1082 2352 alterins
1091 2299 1154 2350 vitae
1169 2299 1267 2366 gaudia

735 2389 853 2439 quaerere
866 2380 1053 2423 contemnunt.
1068 2388 1082 2418 n
1098 2369 1177 2421 Unde
1195 2369 1268 2422 Hic-

734 2457 865 2512 ronymus
880 2461 888 2494 :
903 2461 917 2490 «
929 2441 1068 2508 Superflua
1090 2449 1132 2491 est
1152 2455 1218 2493 eure
1234 2440 1267 2492 de

734 2517 814 2568 rebus
827 2514 1130 2580 corruptibilibusque
1144 2528 1209 2565 cum
1223 2527 1265 2564 an·

733 2586 820 2653 gustia
833 2587 975 2653 prodeunt,
989 2584 1089 2648 adeptae
1108 2598 1192 2649 parvo
1204 2592 1268 2636 tem·

733 2674 797 2724 pore
827 2657 988 2717 subsistunt,
1010 2654 1189 2708 subsistentes
1210 2654 1267 2707 sol-

733 2731 899 2781 licitudinem
938 2728 1073 2796 ingerunt,
1112 2728 1265 2780 recedentes

732 2803 852 2854 dolorem
866 2802 976 2863 faciunt,
991 2812 1026 2863 et,
1040 2801 1113 2867 quod
1129 2801 1207 2867 pejus
1217 2808 1266 2860 est,

732 2872 884 2938 ingressum
909 2873 985 2939 regni
1008 2872 1164 2937 frequenter
1184 2870 1266 2937 impe·

731 2942 848 2993 diunt.»
867 2942 972 2993 Deinde
992 2941 1069 3009 quasi
1093 2938 1263 3008 impossibile

731 3012 783 3063 hoc
805 3013 931 3075 ostendit,
953 3022 980 3063 et
1003 3010 1142 3078 quomodo
1164 3009 1265 3063 divitie

730 3083 834 3135 faciunt
861 3083 1110 3150 impossibilitatem
1121 3082 1156 3133 ad
1172 3095 1268 3133 conec-

730 3155 868 3221 quendum
892 3153 1083 3219 perfectionem
1104 3161 1130 3203 et
1154 3165 1265 3218 regnum

729 3229 867 3289 coelorum,
877 3227 971 3278 dicens
981 3243 988 3277 ι
1000 3226 1124 3277 Facilius
1130 3231 1173 3277 est
1185 3237 1267 3279 cante

730 3299 783 3350 lum
786 3312 838 3366 per
838 3298 966 3364 foramen
979 3309 1045 3348 acus
1052 3294 1180 3358 transire,
1188 3307 1266 3361 quem

729 3371 846 3429 diuitem,
861 3369 961 3420 scilicet
979 3366 1148 3418 inordinatas
1160 3364 1267 3418 divitius

728 3449 872 3503 amantem,
888 3440 991 3490 intrare
1012 3437 1039 3488 in
1053 3450 1169 3503 reguum
1182 3435 1265 3488 coelo-

728 3528 796 3574 rum,
817 3511 917 3562 scilicet
940 3520 1046 3577 portam
1071 3516 1215 3575 angustam
1241 3516 1267 3559 ct

727 3594 835 3636 arctam.
857 3585 977 3635 Verbum
990 3580 1109 3634 terribile
1123 3579 1264 3642 divitibus.

728 3671 844 3722 quorum
868 3656 942 3707 nulla
963 3655 1034 3705 bona
1059 3660 1124 3704 sunt
1142 3650 1172 3702 in
1188 3651 1263 3711 ciclo,
1302 3714 1305 3719 Ι

727 3728 798 3780 sicut
819 3743 966 3795 pauperum
982 3726 1056 3777 nulla
1071 3726 1144 3775 bona
1155 3732 1224 3776 sunt
1236 3721 1264 3773 in
1298 3780 1307 3801 ⁴

727 3799 845 3850 mundo!
865 3799 943 3850 Unde
969 3795 1130 3848 Ambrosius
1145 3813 1155 3848 t
1170 3794 1261 3847 «Nan
1290 3798 1297 3825 ·“

727 3871 788 3922 ideo
811 3869 877 3922 nudi
898 3869 1050 3920 accedimus
1066 3867 1099 3918 ad
1115 3867 1259 3926 lavacrum.
1289 3930 1292 3935 ι

726 3951 756 3997 ut
766 3941 831 3997 nudi
842 3942 875 3997 nd
889 3941 947 3994 coeli
958 3941 1066 4007 ianuam
1077 3948 1261 4007 properemus·
