2632 4320
420 253 467 303 DE
483 252 604 302 DECEM
621 252 830 304 VIRGINIBUS.
1127 252 1176 305 353

58 367 165 426 ducere,
181 376 212 416 ut
230 382 283 415 non
305 382 392 416 coram
414 367 479 425 Deo,
495 366 540 416 sed
559 366 591 415 ab

59 436 221 487 hominibus
235 436 348 502 gloriam
360 437 523 502 quaereretis.
537 437 592 487 Ex-

58 510 197 577 probratio
223 520 263 560 est
289 509 418 560 fatuitatis
442 511 591 576 praeteritae,

59 584 88 633 in
108 583 160 632 hoc
174 582 246 648 quod
262 582 332 632 bona
346 598 426 646 opera
441 584 473 632 de
487 598 592 648 genere,

58 653 190 702 dederunt
209 667 256 717 pro
278 651 367 702 favore
383 653 470 702 laudis
495 654 594 702 huma-

60 739 115 786 nae;
131 726 196 790 quia
213 724 366 773 venditores
389 727 452 774 sunt
470 724 592 774 adulato-

58 813 111 847 res.
133 797 217 857 Quasi
234 796 352 846 dicerent
373 796 411 846 eis
434 814 440 846 :
461 796 592 847 Conside-

59 877 114 917 rate
124 866 189 932 quid
200 867 284 916 valuit
292 866 378 929 vobis,
391 883 439 932 pro
449 867 494 916 tali
506 868 593 917 favore

58 937 230 987 continenter
241 937 339 987 vivere.

92 1011 286 1076 70V1ncnusus
300 1026 482 1060 rnunsurrnus
496 1027 523 1060 ru
538 1025 592 1059 co:-

59 1098 115 1132 Luu
135 1098 320 1141 rurnooucrrs
343 1099 492 1133 crnunrrur
511 1098 593 1132 riuus

60 1168 153 1203 rarurs
168 1168 220 1202 nou
239 1169 396 1204 susurrant.
410 1183 440 1192 -
453 1155 524 1203 Dnrn
540 1168 592 1203 an-

60 1230 110 1274 tem
132 1223 202 1273 irent
226 1238 319 1284 emere,
344 1224 444 1289 tropice
463 1223 591 1289 loquitur,

59 1293 87 1343 id
108 1304 149 1343 est
164 1293 186 1343 si
202 1293 289 1343 adhuc
303 1294 422 1345 viverent
441 1306 466 1345 et
487 1293 592 1344 inveni-

59 1374 128 1423 rent,
144 1363 214 1413 irent
233 1380 332 1427 emere;
350 1365 376 1414 in
394 1381 447 1431 quo
470 1363 592 1430 implica-

59 1444 103 1485 tur
117 1435 198 1500 ‚quod
219 1445 340 1485 remanet
361 1435 471 1486 affectus
493 1444 518 1486 et
541 1435 612 1485 ha-'

59 1506 132 1556 bitus
156 1505 281 1557 vanitatis
306 1507 462 1572 praeteritae,
492 1506 519 1556 id
543 1515 592 1567 est,

58 1578 209 1629 secundum
235 1579 432 1645 Augustinnrn,
456 1581 521 1629 dum
547 1579 592 1628 in-

59 1651 192 1701 clinarent
206 1667 234 1702 se
256 1651 284 1701 in
309 1667 339 1701 ea
359 1668 420 1717 quae
438 1652 504 1702 foris
521 1663 592 1712 sunt,

58 1731 84 1772 et
105 1721 184 1771 solita
205 1722 302 1787 gaudia
326 1723 502 1788 requirerent,
523 1723 594 1774 uenit

58 1794 190 1860 Sponsus,
208 1795 309 1845 scilicet
322 1795 367 1846 ille
381 1796 427 1862 qui
443 1796 550 1862 judicat,
567 1797 593 1845 id

58 1877 98 1918 est
122 1867 266 1925 Christus,
298 1878 327 1918 ut
349 1869 593 1919 remunerationem

59 1938 194 1988 bonorum
216 1937 306 2003 facian
326 1946 351 1988 et
365 1955 432 2005 qnae,
449 1955 496 2004 per
514 1955 594 2005 opera

58 2009 168 2060 caritate
187 2008 311 2070 formata,
320 2017 430 2076 paratoe
446 2016 532 2072 erant,
546 2011 594 2061 sci-

57 2079 121 2130 licet
146 2081 291 2145 prudentes
313 2079 450 2147 virgines,
479 2081 593 2147 quibus,

58 2150 208 2200 secundum
222 2151 414 2215 Angustinnm,
434 2151 536 2202 bonum
554 2162 593 2202 te·

58 2221 220 2272 stimonium
243 2237 333 2271 corani
353 2223 409 2271 Deo
433 2222 595 2274 conscientia

59 2291 229 2358 perhibebat,
248 2292 417 2342 intraverunt
435 2308 493 2343 cnm
513 2309 542 2344 eo
557 2293 595 2344 ad

58 2361 181 2428 nuptias,
203 2361 305 2412 scilicet
328 2363 360 2412 ad
383 2363 499 2413 coelestis
518 2364 593 2429 regni

58 2434 183 2501 gloriam.
203 2434 251 2496 Et,
268 2434 349 2485 fatuis
368 2437 492 2496 exclusis,
514 2447 539 2487 et
561 2438 594 2487 ad

58 2521 167 2572 poenam
188 2505 296 2566 relictis,
318 2507 413 2556 clausa
438 2513 478 2557 est
493 2508 594 2573 janna,

57 2575 85 2625 id
101 2586 143 2625 est
161 2575 249 2625 aditus
268 2577 301 2626 ad
318 2592 431 2641 regnum
456 2578 593 2636 coelorum,

57 2646 106 2713 qui
133 2661 189 2694 non
211 2646 351 2696 est'alicui
376 2646 513 2712 possibilis
535 2657 595 2712 post

57 2717 202 2781 judicium.
224 2719 322 2778 lanua,
347 2718 473 2784 inquam,
499 2719 594 2785 triplex

58 2799 107 2851 est,
125 2787 228 2838 scilicet
250 2806 257 2839 ι
279 2789 480 2849 misericordiae,
497 2791 530 2839 ad
550 2790 594 2840 in-

57 2858 244 2924 dulgendum,
272 2875 332 2926 quae
361 2861 441 2909 modo
466 2860 594 2911 omnibus

57 2931 194 2998 aperitur3
222 2933 331 2997 gratiae,
359 2933 391 2982 ad
420 2934 593 2994 merendum,

57 3018 118 3069 quae
139 3003 224 3052 modo
244 3003 373 3052 omnibus
395 3002 518 3066 offertur3
533 3004 594 3070 glo-

57 3071 113 3133 rIae,
132 3072 166 3122 ad
180 3072 345 3136 intrandum,
361 3089 420 3139 quae
435 3075 516 3124 modo
531 3090 593 3124 om-

58 3143 141 3195 nibus
157 3144 351 3210 poenitentibus
366 3156 514 3209 reseratur;
530 3162 593 3212 ergo

57 3217 152 3268 ctansa
170 3223 210 3267 est
226 3217 341 3268 exclusis
358 3215 487 3284 reprobis,
504 3219 593 3269 inclu-

57 3287 94 3338 sis
115 3286 216 3348 electis,
238 3288 367 3354 operibus
389 3289 592 3340 consummatis.

58 3358 119 3408 Non
136 3357 221 3422 enim,
238 3369 268 3407 ut
281 3358 319 3408 ait
335 3360 516 3424 Augustiana,
534 3368 595 3422 post

57 3427 188 3491 judicium
207 3436 278 3494 patet
297 3443 406 3493 precum
420 3440 466 3479 aut
480 3429 593 3479 merito-

58 3514 119 3549 rum
145 3499 241 3566 locus.
260 3499 335 3549 Unde
366 3509 391 3549 et
418 3500 593 3566 chrysosto-

57 3585 116 3623 mus
137 3589 146 3623 .·
169 3589 183 3618 u
206 3571 244 3622 lta
261 3581 300 3621 est
324 3571 443 3621 terribile
465 3572 531 3623 illud
550 3573 593 3638 ju-

57 3643 178 3705 dicium,
211 3654 241 3694 ut
276 3658 322 3694 nec
354 3643 508 3695 innocentia
540 3646 592 3696 sibi

57 3716 183 3767 confidat.
208 3717 312 3766 Tantus
338 3715 421 3766 timor
449 3716 499 3767 erlt
527 3734 592 3767 om-

58 3787 145 3852 nium,
165 3787 245 3838 etiam
269 3788 438 3848 Sanctorum,
458 3800 488 3839 ut
512 3805 592 3839 nemo

56 3867 145 3924 speret
158 3872 187 3908 se
201 3857 303 3922 justum
319 3856 529 3924 inveniendum3
545 3861 592 3912 sed

119 3975 189 4026 Vrra
204 3974 268 4026 Jrsu
283 3973 501 4038 Cunrsr1‚rouus
515 3978 564 4028 III.

644 367 732 418 adhuc
757 368 850 420 timeat
876 386 909 420 ne
936 368 1003 420 forte
1034 385 1095 420 reus
1121 370 1178 420 exi-

646 449 705 488 stat.
724 440 869 498 Quomcdo
887 456 950 505 ergo
968 455 1015 505 pro
1032 440 1179 504 peccatori-

646 511 696 560 bus
720 520 783 561 tunc
808 511 974 562 intercedant
994 511 1092 573 Sancti,
1116 529 1178 562 cum

646 582 758 633 timeant
773 583 822 649 ipsi
838 584 929 633 dese?
950 584 1016 633 Nam
1033 583 1102 633 sicut
1116 592 1180 633 tem·

647 668 696 717 pus
711 653 899 703 misericordiae
913 653 1042 718 judicium
1066 669 1119 721 non
1136 670 1179 704 re-

646 725 719 790 cipit,
741 725 780 774 slc
805 735 831 775 et
853 734 961 791 tempus
981 726 1073 791 judicii
1095 725 1179 775 mise·

647 796 789 846 ricordiam
815 812 869 845 non
891 796 998 862 recipit5
1022 797 1068 846 ubi
1089 808 1177 847 autem

646 868 735 918 locum
757 868 939 919 misericordia
955 886 1008 918 non
1025 869 1114 930 habet,
1130 886 1178 920 nec

646 939 801 989 intercessio
817 939 895 989 valet.
913 959 926 986 i>
944 939 996 990 Ubi
1016 940 1096 989 etiam
1112 941 1179 990 Gre-

646 1012 771 1076 gorius:
794 1028 807 1056 n
829 1011 853 1060 Ο
875 1011 896 1060 si
924 1026 1015 1075 sapere
1035 1010 1063 1059 in
1089 1010 1177 1061 cordis

646 1082 733 1146 palato
746 1081 841 1146 possit,
856 1081 921 1147 quid
938 1080 1122 1130 admirationis
1134 1081 1178 1132 ha·

646 1152 690 1201 bet
706 1153 778 1218 quod
797 1153 895 1202 dicitur
914 1169 920 1202 :
948 1153 1024 1202 Venit
1039 1152 1177 1218 Sponsus!

647 1222 718 1282 Quid
734 1223 883 1272 dulcedinis
905 1240 911 1272 ε
932 1224 1103 1273 Intraverunt
1118 1236 1176 1271 cnm

646 1309 676 1345 eo
691 1295 728 1344 ad
742 1296 865 1360 nuptias!
879 1295 950 1354 Quid
965 1293 1151 1344 amaritudinis
1169 1309 1176 1343 t

645 1367 684 1417 Et
704 1367 799 1418 clausa
822 1375 862 1417 est
876 1368 980 1434 janna!
1000 1369 1076 1416 Tunc
1101 1365 1176 1431 regni

645 1439 725 1504 janua
754 1437 908 1503 lugentibus
937 1437 1086 1496 clauditur,
1117 1451 1178 1502 quae

647 1513 728 1562 modo
753 1510 874 1577 quotidie
899 1506 1092 1577 poenitentibus
1113 1524 1178 1574 ape·

646 1585 722 1642 ritur,
735 1583 799 1648 quia
811 1598 981 1649 nequaquam
997 1593 1059 1632 tunc
1073 1580 1177 1632 veniam

646 1654 758 1714 invenit,
783 1653 831 1718 qui
856 1654 936 1703 modo
962 1662 1067 1716 tempus
1094 1651 1179 1701 veniae

646 1734 767 1791 apertum
783 1724 878 1790 perdit.
894 1724 932 1773 lbi
951 1739 965 1773 a
983 1721 1102 1772 Domino
1125 1737 1179 1770 non

646 1805 733 1862 potest
753 1795 849 1845 mereri
873 1795 945 1861 quod
966 1793 1040 1859 petit,
1063 1792 1110 1857 qui
1135 1791 1180 1842 hic

646 1860 732 1917 noluit
755 1866 847 1917 audire
873 1865 945 1931 quod
970 1865 1047 1930 jussit
1066 1880 1072 1912 :
1091 1882 1104 1910 u
1122 1863 1179 1912 haec

647 1938 807 2004 Gregorius
833 1937 995 2000 NouIssime,
1021 1951 1068 2002 per
1096 1933 1179 1985 nimis

645 2010 748 2060 tardam
773 2018 799 2060 et
823 2007 1018 2058 infructuosam
1043 2005 1178 2072 poeniten·

645 2080 726 2139 tiam,
748 2079 855 2129 veniunt
871 2085 897 2128 et
916 2079 1027 2144 retz'qnoe
1047 2076 1176 2142 virgines,

646 2150 762 2201 dicentes
784 2167 792 2200 :
812 2149 933 2212 Domine,
956 2147 1077 2208 Domine,
1100 2145 1177 2211 aperi

646 2221 737 2284 nobis;
748 2237 795 2286 per
805 2220 856 2269 hoc
870 2219 942 2285 quod
952 2228 1045 2268 vocant
1057 2233 1118 2268 eum
1129 2217 1179 2266 Do-

647 2293 763 2352 minum,
780 2289 946 2358 significatur
962 2290 1034 2356 quod
1057 2287 1179 2338 credide·

647 2373 710 2413 runt
729 2363 757 2413 in
779 2362 928 2412 Christum.
946 2361 1023 2411 Unde
1037 2360 1179 2425 Hierony-

630 2454 633 2459 <
648 2450 705 2485 mus
721 2453 729 2484 .·
744 2434 883 2500 «Egregia
898 2432 1008 2498 quidem
1027 2431 1055 2479 in
1069 2427 1178 2479 Domini

647 2504 823 2571 appellatione
838 2502 982 2560 confessi0,
997 2501 1123 2563 idemque
1143 2513 1181 2547 re·

648 2576 761 2642 petitum
769 2574 899 2637 judicium
914 2571 975 2621 fidei
988 2581 1036 2620 est.
1051 2569 1102 2618 Sed
1115 2568 1180 2634 quid

648 2648 755 2713 prodest
774 2661 840 2695 voce
857 2645 988 2702 invocare,
1008 2642 1031 2691 si
1054 2640 1180 2705 operibus

647 2719 742 2786 neges?
758 2738 771 2766 i
787 2719 848 2768 Non
870 2715 997 2767 humanis
1020 2713 1108 2763 verbis
1124 2712 1180 2761 haec

647 2801 773 2856 aguntur,
795 2789 841 2839 sed
863 2785 1033 2839 conscientiae
1059 2783 1110 2834 sibi
1134 2784 1179 2862 lo·

646 2870 773 2928 quuntur.
795 2861 828 2910 Et
847 2859 910 2925 quia
931 2857 996 2906 fides
1020 2871 1113 2905 eorum
1129 2861 1180 2902 tuit

645 2931 778 2991 informis,
789 2940 823 2990 et,
833 2929 978 2980 secundum
989 2926 1179 2992 Augustinnm,

646 3017 743 3067 magna
757 3001 813 3065 ejus
826 2999 950 3050 severitas
964 3007 1026 3063 post
1040 2995 1179 3061 iudicium,

646 3075 720 3138 cujus
737 3084 798 3122 ante
810 3072 940 3138 judicium
965 3067 1110 3120 ineffabilis
1127 3066 1179 3115 mi-

646 3144 789 3194 sericordia
804 3153 948 3209 praerogata
970 3153 1024 3203 est;
1047 3141 1116 3198 ideo,
1133 3151 1179 3186 re-

647 3215 787 3280 spondens,
799 3215 840 3264 ait
852 3231 860 3264 .·
874 3216 957 3264 Amen
970 3212 1029 3262 dico
1040 3209 1122 3270 vobis,
1134 3220 1180 3256 ne-

648 3289 701 3339 scio
727 3303 792 3350 vos,
822 3288 849 3338 id
875 3296 916 3337 est
946 3303 1001 3336 non
1027 3294 1178 3348 cognosco,
1258 3309 1261 3315 -

645 3360 745 3412 scilicet
768 3360 862 3410 notitia
885 3355 1099 3425 approbationis,
1126 3365 1180 3417 qua

647 3433 696 3485 soli
709 3433 784 3484 electi
795 3450 810 3485 a
822 3435 877 3484 Deo
890 3438 1094 3498 cognoscuntur.
1111 3424 1179 3503 Qua·

647 3504 669 3554 si
688 3504 787 3554 diceret
811 3521 818 3554 z
842 3504 904 3553 Ideo
927 3516 975 3552 vos
996 3500 1098 3555 desero,
1115 3508 1179 3559 quia

646 3575 708 3626 vitae
723 3574 849 3625 meritum
866 3574 894 3623 in
915 3570 993 3621 vobis
1008 3583 1061 3618 nou
1077 3579 1179 3630 cogno-

647 3661 700 3696 sco.
715 3645 803 3718 Nqscit
822 3659 866 3694 eas
880 3654 905 3693 et
924 3639 1037 3707 repellit,
1058 3636 1115 3703 qui,
1135 3649 1179 3683 se-

646 3717 765 3768 cundum
786 3713 977 3781 Angustinnm,
1000 3726 1054 3759 non
1078 3706 1179 3756 intrant

647 3789 675 3838 in
701 3786 829 3854 gaudium
850 3787 917 3848 ejus,
943 3781 990 3848 qui
1015 3794 1069 3829 non
1090 3789 1180 3856 coram

645 3860 711 3922 Deo,
731 3855 778 3907 sed
799 3863 829 3905 ut
853 3856 988 3920 placerent
1010 3845 1179 3906 hominibus,

1051 3963 1082 4015 23
