2632 4320
198 266 245 318 DE
262 263 432 317 ADVENTU
448 263 493 316 ET
512 246 780 314 PERSECUTIONE
795 260 1031 312 ANTICHRISTI.
1126 259 1174 311 301

549 511 687 562 ORATIO

88 685 207 737 Domine
219 685 284 736 Jesu
298 683 415 748 Christe,
430 683 516 735 ludex
537 681 661 734 omnium
679 691 798 743 venture,
812 682 846 733 da
864 681 934 732 mihi
957 682 1135 733 constantiam
1149 681 1178 733 in

55 758 118 810 fidei
132 757 254 818 veritate,
270 771 304 807 ne
318 758 429 807 seducar
443 771 458 806 a
474 754 608 806 simulatis
622 764 649 806 et
664 753 739 806 falsis
753 753 922 815 hominibus,
937 769 985 805 nec
1003 755 1178 805 succumbam

56 831 87 880 in
104 827 342 891 tribulationibus;
357 827 403 878 sed
421 826 449 876 in
466 825 635 877 confessione
655 825 694 877 tui
708 824 838 887 nominis,
854 834 881 875 et
899 824 1045 876 assertione
1060 825 1179 876 veritatis

54 901 160 951 valeam
174 897 281 949 fortiter
294 897 447 964 persistere,
462 906 489 948 et
503 911 552 963 pro
566 896 616 947 hac
637 896 699 947 odia
714 895 858 947 hominum
873 905 899 946 et
911 896 1020 946 adversa
1033 896 1180 962 gaudenter

56 971 201 1024 sustinere.
216 968 320 1020 Tribue
341 968 411 1018 mihi
431 967 560 1019 virtutem
584 967 729 1034 patientie,
746 976 772 1018 et
795 976 835 1027 ut,
852 967 1005 1019 abundante
1025 967 1178 1034 iniquitate,

57 1056 114 1094 non
131 1039 285 1107 refrigescat
306 1039 334 1089 in
352 1054 396 1088 me
412 1039 490 1089 ardor
504 1038 638 1100 caritatis3
658 1038 705 1088 sed
721 1038 850 1104 usquein
867 1039 949 1089 finem
962 1038 1024 1089 vitae
1041 1037 1180 1104 praesentis

57 1129 228 1182 perseverem
243 1113 272 1162 in
287 1111 339 1162 fide
356 1110 488 1169 veritatis,
509 1118 536 1160 et
556 1124 648 1160 amore
665 1108 803 1170 bonitatis,
819 1119 963 1176 quatenus,
979 1121 1006 1161 te
1024 1111 1177 1169 miserante,

58 1188 152 1239 salvus
165 1184 240 1249 fiam,
255 1181 373 1253 Domine
384 1182 457 1233 Deus
471 1180 568 1232 salutis
583 1195 660 1232 meae.
674 1181 772 1231 Amen.
1211 1188 1214 1199 ·

491 1589 658 1660 CAPUT
680 1589 746 1657 XL

234 1869 286 1936 De
304 1869 455 1938 aduentu
475 1876 509 1934 et
520 1865 762 1958 persecutione
777 1863 1009 1934 Antichristt'.

165 2139 313 2202 Matthaei
338 2158 405 2221 cap.
424 2159 477 2222 24,
500 2139 601 2203 Marci
623 2159 690 2222 cap.
716 2142 757 2229 gl
780 2152 810 2202 et
833 2139 928 2202 Lucae
948 2160 1015 2223 cap.
1045 2163 1092 2224 17.

94 2397 104 2431 r
127 2379 327 2429 Anrrcrrmsrus
346 2393 507 2429 nuounrarro
528 2393 597 2428 orcr-
645 2378 809 2444 perdurabit
833 2379 973 2430 desolatio.
1001 2381 1059 2430 Hoc
1086 2381 1183 2447 imple-

61 2466 124 2502 rua.
145 2448 259 2499 -Post
283 2447 376 2516 praelia
396 2458 487 2499 autem
508 2458 535 2500 et
552 2463 597 2499 se·
651 2458 709 2500 tum
737 2458 778 2501 est
802 2450 910 2515 quando
935 2448 1024 2499 AElius
1049 2450 1185 2502 Adrianus

61 2520 189 2579 ditiones,
199 2527 225 2569 et
236 2517 288 2568 alia
300 2533 360 2584 quae
373 2517 510 2584 praemissa
523 2528 596 2579 sunt,
652 2519 799 2587 imaginem
813 2536 890 2571 suam
905 2521 986 2571 statui
1000 2521 1064 2572 fecit
1077 2522 1124 2571 ubi
1138 2532 1188 2574 ste-

62 2589 187 2657 sequitur
202 2587 332 2639 adventus
346 2587 517 2652 Antichristi,
533 2588 598 2654 quia

61 2674 90 2716 ut
102 2678 157 2732 pax
169 2660 306 2729 precessit
317 2661 474 2721 Christum,
486 2661 523 2713 ita
539 2661 598 2712 dis-

61 2733 153 2786 cordia
164 2731 295 2799 proecedst
305 2730 513 2793 Antichristum,
523 2742 558 2792 et,
569 2741 603 2782 ut·

60 2806 97 2858 ait
109 2804 335 2873 chrysostomus,
352 2803 421 2853 sicut
435 2813 497 2855 ante
509 2803 599 2870 ignem

62 2875 156 2928 fumus
173 2873 309 2942 praecedit,
327 2882 354 2924 et
374 2884 435 2925 ante
459 2873 600 2925 victoriam

63 2962 164 3016 pogna.
182 2945 221 2997 sic
238 2954 341 2997 stante
356 2945 469 3012 gloriam
487 2946 600 3007 Christi,

63 3020 176 3073 tentatio
197 3017 368 3069 Antichristi.
388 3019 465 3070 Unde
484 3019 600 3082 subjun-

64 3091 102 3158 git
122 3108 131 3142 ε
149 3090 217 3142 Cum
243 3087 375 3150 videritis,
400 3088 501 3140 scilicet
514 3089 600 3140 oculis

65 3159 187 3228 corporis
211 3158 239 3208 in
264 3158 466 3210 successoribus
490 3159 600 3218 vestris,

67 3231 290 3286 abominationem
320 3231 512 3293 desolationis,
541 3244 601 3296 quae

67 3304 150 3367 dicta,
166 3303 195 3354 id
208 3312 250 3353 est
262 3300 388 3368 praedicta
401 3307 449 3364 est,
465 3316 483 3352 a
496 3301 601 3351 Danie-

67 3375 92 3426 le
108 3373 258 3440 Propheta,
273 3373 400 3424 dicente:
416 3373 482 3423 Erit
494 3373 520 3423 in
534 3379 601 3422 tem-

65 3445 112 3511 plo
120 3442 288 3496 abominatio
297 3441 522 3506 desolationis,....
532 3450 603 3494 stan·

69 3522 120 3567 tera
150 3515 178 3566 in
209 3513 267 3565 loco
299 3520 410 3576 sancto,
442 3513 469 3563 id
505 3524 546 3565 est
573 3513 602 3564 in

69 3588 171 3654 templo
184 3585 235 3638 Dei
257 3602 264 3636 ε
286 3587 332 3652 qui
352 3585 428 3652 legit,
445 3585 545 3638 scilicet
558 3586 603 3636 di-

68 3671 140 3721 cam
165 3659 354 3728 prophetiam,
381 3659 519 3726 intelligat
544 3675 603 3711 eam

68 3742 135 3785 tunc
150 3730 269 3798 impleri,
290 3739 317 3781 et
343 3731 604 3782 consummationem

69 3804 181 3856 instare.
204 3802 273 3853 Nam
295 3800 398 3852 ibidem
418 3801 519 3852 dicitur
538 3817 545 3852 ε
566 3802 606 3853 Et

71 3887 156 3942 usque
170 3873 209 3924 ad
224 3872 476 3926 consummationem
489 3878 516 3924 et
521 3872 606 3940 finem

651 2601 719 2642 terat
741 2605 800 2642 arca
820 2590 997 2652 Testamenti,
1019 2600 1045 2642 et
1067 2591 1119 2641 hoc
1138 2591 1190 2643 fuit

653 2661 763 2728 signum
785 2661 977 2713 destructionis
1002 2672 1028 2713 et
1051 2661 1190 2714 desolatio-

653 2733 697 2784 nis
717 2732 830 2785 civitatis
849 2742 876 2784 et
895 2732 990 2799 templi
1001 2749 1009 2799 ;
1033 2733 1087 2784 hoc
1108 2734 1188 2785 etiam

653 2806 687 2854 de
707 2803 883 2854 abominabili
907 2802 1074 2854 Antichristo
1103 2813 1191 2871 potest

654 2877 781 2944 intelligi,
792 2878 840 2944 qui
856 2878 955 2928 dicitur
966 2878 1137 2942 abominatio,
1153 2895 1191 2932 ra·

655 2951 730 3001 tione
747 2951 947 3017 superbiaeque
965 2966 994 3002 se
1009 2952 1112 3002 confert
1123 2953 1188 3012 Deo,

655 3036 688 3071 ex
711 3021 763 3071 hoc
789 3022 862 3088 quod
886 3021 1013 3071 adversus
1038 3022 1125 3072 Deum
1149 3038 1191 3073 ve·

657 3091 744 3152 niens,
765 3092 897 3143 honorem
918 3092 967 3143 Dei
985 3092 1037 3142 sibi
1060 3093 1189 3150 vendicat,

657 3171 684 3212 et
706 3162 806 3213 dicitur
830 3162 1018 3224 desolationis,
1043 3162 1107 3229 quia
1129 3173 1191 3212 tunc

656 3232 708 3283 erit
730 3232 848 3283 maxima
872 3234 1017 3283 electorum
1043 3232 1190 3296 desolatio,

656 3304 765 3369 quando
778 3304 865 3355 cultus
883 3303 932 3355 Dei
951 3304 1119 3365 destruetur;
1139 3303 1190 3360 vel,

657 3375 722 3441 quia
741 3383 813 3426 terra
831 3385 857 3426 et
875 3375 963 3425 cultus
978 3372 1025 3423 Dei
1041 3388 1091 3438 per·
1101 3373 1190 3438 ipsum

657 3445 832 3497 desolabitur.
843 3445 921 3496 Tunc
934 3443 1017 3503 enim,
1034 3452 1064 3492 ut
1077 3441 1193 3508 aitApo-

658 3516 754 3576 stolus,
765 3516 935 3576 revelabitur,
947 3513 975 3563 id
987 3520 1029 3564 est
1041 3510 1193 3562 manifesta-

659 3586 748 3648 bitur,
773 3588 850 3639 bomo
872 3585 980 3651 peccati
996 3583 1077 3650 filius
1093 3583 1192 3648 perdi-

659 3659 749 3722 tionis,
766 3658 812 3724 qui
825 3657 988 3708 adversatur
1008 3660 1033 3706 et
1050 3653 1192 3705 extollitur

660 3743 753 3794 supra,
778 3727 867 3778 idest
892 3735 994 3786 contra,
1020 3738 1096 3776 omne
1122 3722 1193 3789 quod

660 3801 760 3853 dicitur
781 3800 867 3862 Deus,
879 3804 928 3850 aut
946 3799 1018 3864 quod
1032 3796 1139 3859 colitur,
1154 3796 1193 3846 ita

662 3878 690 3924 ut
708 3873 734 3924 in
756 3870 850 3936 templo
866 3869 919 3920 Dei
933 3869 1033 3932 sedeat,
1053 3867 1193 3920 ostendens
