2632 4320
345 222 400 317 'DE
412 265 564 317 PUSlLLlS
579 267 653 318 NON
667 267 974 324 SCANDALIZANDIS.
1186 279 1220 344 45

101 382 265 447 adjutorium
278 382 416 448 impendit.
428 392 454 433 et
466 382 514 448 qui
530 392 555 433 te
566 382 635 433 sicut
660 395 666 454 Ι
689 383 792 446 dinem,
804 387 870 453 ejice
880 387 962 439 etiam
973 399 1000 440 et
1008 383 1113 458 projiee
1121 395 1170 444 abs
1180 402 1205 445 te
1211 414 1221 458 ,-

101 456 207 506 dextera
226 465 273 505 tua
291 453 424 518 defendit;
443 456 485 506 vel
501 469 550 520 pes
564 461 633 518 tuus,
660 456 665 544 Ι
689 457 753 522 quia
773 459 929 511 occasiones
945 465 1071 526 peccandi
1092 477 1156 516 sunt
1174 467 1219 519 fu·

101 527 180 577 idest
207 527 347 577 discursor
360 537 432 587 tuus,
453 527 500 593 qui
523 527 551 576 in
569 542 636 577 usus

100 609 158 650 tuos
171 598 311 659 discurrit,
336 610 362 650 et
386 610 412 650 te
431 599 460 649 in
483 599 574 650 labore
593 601 635 650 vel

100 669 283 721 sollicitudine
309 680 460 736 supportat,
488 680 513 721 et
536 679 565 721 ut
588 685 635 736 pes

100 743 206 795 infirma
223 755 270 794 tua
292 755 388 810 portat,
408 745 581 812 scandalizat
600 751 632 806 te,

99 816 124 866 id
139 828 182 867 est
196 816 271 866 laedit
280 827 306 866 te
320 815 349 865 in
363 831 440 866 causa
451 816 560 877 animoe,
572 818 636 867 abs-

101 887 154 940 cide
177 902 248 949 eum,
264 888 353 953 quoad
380 886 513 951 affectum,
534 887 635 938 scilieet

101 959 224 1009 affectum
239 957 331 1024 ipsum
348 958 510 1022 rumpendo,
525 963 552 1008 et
564 973 633 1024 pro-

95 1028 145 1094 jice
158 1029 210 1079 abs
230 1034 265 1092 le,
281 1029 370 1095 quoad
385 1028 519 1088 effectum,
534 1028 635 1078 scilicet

100 1101 253 1159 societatem
267 1099 324 1163 ejus
338 1099 496 1163 devitand03
512 1109 538 1149 et
553 1099 634 1149 intel-

99 1172 200 1238 ligitur,
223 1172 246 1222 si
267 1171 395 1237 castigare
418 1188 472 1221 non
491 1182 576 1238 potes.
597 1170 634 1220 Et

102 1243 190 1295 subdit
213 1244 356 1303 rationem,
371 1243 461 1293 dicens
487 1259 495 1292 :
519 1244 631 1305 Bonum,

102 1314 124 1364 id
149 1324 190 1365 est
223 1315 332 1374 melius,
352 1321 392 1364 est
416 1315 465 1364 tibi
492 1315 530 1364 ad
550 1314 631 1364 vitam

102 1386 208 1452 ingredi
223 1385 343 1448 debilem,
362 1385 388 1434 id
406 1385 524 1435 estsine
538 1385 633 1450 perni-

104 1455 170 1506 cioso
185 1457 307 1521 adiutore
329 1457 370 1506 vel
389 1456 472 1515 socio,
493 1455 535 1505 vel
554 1454 632 1506 clau-

104 1527 167 1590 dum,
190 1527 217 1577 id
251 1537 292 1577 est
315 1525 374 1577 sine
395 1526 546 1592 pernicioso
568 1542 632 1576 sus-

103 1607 227 1647 tentatore
241 1598 283 1647 vel
296 1597 392 1657 amico,
413 1607 438 1647 et
456 1597 588 1662 adjutorio
603 1612 632 1646 ac

104 1670 299 1736 supportatione
328 1669 443 1720 istorum
479 1669 631 1736 privatum

106 1757 176 1808 quum
189 1745 260 1794 duas
283 1757 378 1793 ananus
400 1744 442 1795 vel
460 1745 529 1794 duos
547 1745 631 1810 pedes

108 1812 241 1877 haimim,
256 1814 284 1863 id
303 1825 342 1864 est
358 1815 412 1864 duo
429 1815 577 1880 adjutoria,
590 1815 631 1864 vel

109 1883 166 1934 duas
186 1884 422 1951 [supportationem
448 1884 550 1936 scilicet
574 1885 630 1935 tui-

109 1952 184 2019 ipsius
197 1968 224 2006 et
244 1955 324 2006 amici
337 1956 549 2016 scandalizantis,
561 1957 631 2007 mitti

108 2023 234 2092 inignem
259 2033 397 2078 aeternum.
424 2029 463 2079 Et
491 2028 517 2078 si
537 2028 630 2079 oculus

109 2104 168 2164 tuus,
187 2101 270 2152 idest
289 2103 429 2152 consultor
447 2105 488 2154 vel
507 2103 629 2170 provisor

109 2179 129 2218 et
156 2172 318 2236 gubernator
355 2172 388 2222 ad
425 2173 628 2239 percipiendum

110 2251 198 2301 acutus,
213 2243 262 2308 qui
283 2252 308 2293 te
328 2251 359 2292 ut
375 2245 469 2294 oculus
483 2245 564 2303 ducit,
587 2244 628 2294 vel

110 2309 208 2363 dilectus
240 2312 310 2364 sicut
341 2314 443 2376 oculus,
459 2315 630 2383 scandalizat

111 2384 135 2442 te,
152 2380 177 2430 id
198 2393 240 2433 est
264 2383 292 2432 in
315 2399 432 2434 errorem
447 2386 505 2436 vult
524 2387 629 2447 ducere,

112 2464 162 2504 crue
184 2469 253 2517 eum,
284 2458 428 2521 separando
456 2475 471 2508 a
495 2458 628 2509 societate.

112 2521 208 2588 Bonum,
227 2525 254 2575 id
279 2537 320 2576 cst
340 2528 416 2587 utile,
441 2535 481 2579 est
502 2530 552 2580 tibi
571 2546 629 2580 cum

94 2594 99 2607 ¹
112 2605 152 2643 uno
164 2595 247 2657 oculu,
265 2596 365 2648 scilicet
379 2597 497 2663 simplici
510 2600 628 2660 veritate,

112 2672 199 2716 utnon
220 2665 273 2716 nisi
289 2677 363 2717 tuam
386 2668 471 2734 ipsius
484 2669 628 2734 providen-

111 2733 171 2797 tiam,
193 2753 223 2789 ac
241 2738 386 2790 consilium
409 2750 435 2791 et
452 2741 629 2806 gubernatio-

110 2820 160 2856 nem
189 2808 298 2872 habeas,
331 2811 367 2861 ad
399 2811 482 2862 vitam
516 2813 626 2877 intrare,

109 2889 174 2938 quarn
187 2880 255 2930 duos
276 2881 367 2932 oculos
384 2881 530 2946 habentem,
547 2883 629 2935 idest

108 2948 232 3016 duplicem
251 2953 444 3018 provisionem,
466 2957 508 3006 vel
530 2957 629 3023 duplex

107 3023 249 3085 consilium,
267 3026 369 3077 scilicet
384 3027 512 3093 tuiipsius
528 3039 554 3079 et
569 3045 629 3079 ma-

105 3090 217 3156 laniet,
233 3096 305 3145 mitti
329 3096 355 3146 in
374 3097 523 3162 gehennam
543 3099 626 3164 ignis.

104 3160 251 3215 Secundum
273 3169 466 3232 Augustinum,
490 3185 538 3234 per
560 3185 628 3219 ocu-

103 3231 153 3284 lum
168 3235 347 3302 intelligimus
361 3237 488 3288 dilectum
510 3239 628 3290 amicum

101 3305 294 3365 consiliarium,
311 3307 376 3374 quia
396 3310 491 3359 oculus
515 3309 565 3360 iter
579 3311 629 3360 de-'

101 3385 242 3440 monstrat;
256 3378 329 3442 qnod
342 3393 404 3428 vero
421 3379 512 3429 dexter
526 3390 573 3439 est,
590 3380 629 3430 in-

98 3448 225 3515 telligitur
236 3450 406 3502 consiliarius
420 3451 449 3501 in
463 3453 543 3503 rebus
558 3453 628 3504 divi-

97 3519 153 3584 nis3
185 3521 297 3572 sinister
332 3533 422 3573 autem
459 3525 553 3574 oculus
590 3535 651 3576 est¹

96 3593 266 3644 consiliarius
289 3593 317 3644 in
339 3595 460 3646 terrenis.
475 3596 511 3646 Ut
528 3596 564 3646 sit
578 3597 629 3648 iste

97 3677 192 3715 sensus
208 3682 214 3716 :
231 3664 372 3731 Quidquid
395 3665 462 3717 illud
491 3677 531 3717 est
554 3670 629 3734 quod

96 3735 129 3786 ita
145 3738 248 3803 diligis,
263 3748 293 3788 ut
307 3754 356 3804 pro
368 3739 476 3789 dextero
489 3742 566 3790 oculo
583 3741 629 3793 ha-

96 3806 167 3870 beas,
181 3808 205 3858 si
220 3809 380 3860 scandalizat
394 3819 429 3873 te,
444 3810 471 3859 id
486 3822 525 3861 est
539 3811 629 3878 impe-

94 3877 218 3927 dimento
239 3888 279 3929 est
297 3878 347 3928 tibi
358 3880 389 3928 ad
415 3895 503 3930 reram
519 3882 630 3935 beatitu-

689 526 800 592 giendae.
823 530 862 580 De
886 531 998 583 sinistro
1031 546 1119 586 autern
1140 541 1219 590 oculo

688 603 882 656 scandalizante
896 607 1063 670 superfluum
1078 610 1128 661 erit
1145 612 1220 663 dice·

688 686 725 731 re,
740 674 848 738 quando
860 676 971 741 quidem
986 693 1034 729 nec
1049 679 1140 731 dextro
1157 698 1219 748 par-

687 743 800 792 cendum
815 755 864 794 est.
888 746 1001 797 Dextera
1017 760 1105 800 autem
1123 768 1219 804 manus

687 812 816 877 accipitur
828 815 942 866 dilectus
956 817 1061 883 adjutor
1077 820 1104 870 in
1120 823 1220 874 divinis

687 883 824 947 operibus,
842 900 902 950 quae
916 886 979 936 huic
997 888 1060 939 vitae
1075 902 1100 941 et
1113 893 1218 958 corpori

686 964 749 1004 sunt
764 957 920 1008 necessaria.
932 957 1063 1011 Similiter
1073 977 1122 1012 suo
1137 967 1218 1016 modo

687 1037 727 1077 est
740 1029 773 1078 de
785 1030 860 1094 pede.

717 1113 735 1162 4
758 1099 954 1151 Consauournsr
977 1119 1010 1152 er
1027 1121 1099 1155 nurci
1122 1123 1217 1159 saturi

685 1185 876 1222 aosrnnaenor.
893 1174 968 1224 -Et
982 1175 1074 1225 subdit
1084 1177 1218 1231 Dominus
1279 1170 1282 1179 ¹

685 1240 719 1290 de
728 1240 787 1306 ipso
799 1241 861 1308 igne
871 1244 997 1308 praedicto
1015 1262 1021 1294 :
1044 1247 1095 1296 Ubi
1110 1249 1216 1312 vermis,

686 1310 713 1360 id
738 1323 777 1362 est
793 1328 929 1364 remorsus
947 1325 973 1365 et
987 1317 1135 1366 cauterium
1157 1335 1218 1369 con-

686 1382 814 1446 scientiae,
838 1399 928 1436 eorum
952 1401 1002 1436 non
1031 1389 1144 1438 moritur
1169 1404 1217 1439 nec

686 1455 808 1521 quiescit,
820 1472 933 1508 moerore
947 1459 1044 1509 rodens
1056 1471 1082 1510 et
1092 1462 1218 1512 mordens

685 1528 812 1589 animam,
828 1531 900 1596 quod
920 1547 974 1581 non
989 1531 1024 1581 sit
1044 1543 1151 1599 operata
1166 1535 1217 1584 bo-

686 1613 767 1661 num,
790 1599 977 1666 unusquisque
994 1601 1068 1652 enim
1087 1603 1218 1669 suiipsius

684 1682 820 1720 accusator
834 1671 888 1730 fiet,
905 1688 1087 1725 rememorans
1110 1692 1170 1742 quae
1190 1677 1217 1727 in

683 1740 738 1790 vita
752 1741 842 1805 gessit.
857 1742 909 1792 Ubi
922 1745 1081 1795 Ambrosius
1097 1764 1106 1794 .·
1120 1765 1134 1792 a
1150 1748 1215 1806 Quae

684 1825 763 1876 poena
781 1811 895 1876 gravior,
915 1826 997 1877 quarn
1020 1813 1134 1865 interius
1154 1817 1217 1866 vul-

685 1900 736 1934 nus
746 1885 938 1937 conscientiae?
954 1887 1051 1936 Nonne
1064 1887 1115 1937 hoc
1130 1891 1217 1955 tnagis

683 1954 843 2020 fugiendum
857 1967 906 2015 cst,
927 1972 1009 2023 quam
1027 1973 1110 2021 mors,
1135 1976 1217 2025 quarn

682 2026 863 2092 dispendium,
882 2038 963 2094 quarn
980 2029 1154 2080 exsiliunt»
1178 2032 1217 2083 Et

683 2097 765 2164 ignis,
801 2098 928 2164 gehennae
965 2099 1082 2150 exterius
1118 2115 1216 2166 corpus

682 2185 763 2221 urens
777 2186 828 2221 non
841 2171 1036 2237 exstinguitur,
1053 2188 1102 2222 nec
1115 2172 1218 2236 deficit,
1270 2179 1272 2184 '

682 2252 722 2291 est
733 2241 806 2291 enim
824 2241 896 2307 ignis
911 2241 1061 2303 afflictivus,
1078 2260 1132 2293 non
1148 2259 1215 2294 con-

682 2311 844 2377 sumptivos,
878 2322 904 2362 et
932 2312 992 2362 ideo
1019 2315 1131 2364 materia
1157 2315 1215 2379 ejus

682 2398 788 2448 semper
811 2383 927 2442 durabit,
943 2398 989 2432 nec
1012 2383 1092 2434 habet
1106 2394 1215 2434 eontra·

682 2452 753 2502 rium
772 2467 856 2518 aquo
872 2453 1009 2518 corrumpi
1023 2454 1118 2518 possit.
1138 2454 1216 2504 Unde

681 2523 758 2573 Beda
773 2540 782 2573 .·
797 2542 810 2570 n
836 2523 910 2573 Sicut
938 2533 1026 2573 autern
1051 2524 1151 2573 vermis
1175 2534 1215 2574 est

681 2594 759 2643 dolor
785 2593 899 2643 interius
920 2608 1056 2653 accusans,
1081 2594 1121 2644 sic
1143 2595 1215 2660 ignis

682 2682 761 2733 poena
781 2666 945 2718 extrinsecus
966 2666 1088 2718 saeviens.
1118 2669 1151 2719 Et
1173 2679 1215 2719 est

682 2754 778 2788 sensus
802 2754 1004 2804 praemrssorum
1029 2755 1057 2788 in
1085 2755 1213 2791 summa:

682 2811 798 2860 Societas
832 2810 990 2870 amicorum,
1019 2811 1061 2860 vel
1090 2828 1214 2862 necessa-

683 2881 796 2942 riorum,
825 2892 1066 2947 quantumcunque
1091 2882 1214 2934 videatur

681 2953 758 3004 utilis
772 2968 838 3011 esse,
851 2963 940 3003 tamen
954 2953 1154 3018 prascindenda
1165 2965 1215 3014 est,

682 3034 708 3074 et
722 3023 892 3082 removenda,
916 3023 939 3072 si
958 3023 994 3073 sit
1011 3023 1114 3073 occasio
1130 3024 1216 3075 ruinae

682 3095 781 3147 animae
798 3104 860 3146 tuae.
883 3095 981 3146 Melius
1005 3106 1046 3146 est
1066 3096 1136 3147 enim
1157 3097 1216 3148 sine

683 3166 844 3231 hujusmodi
869 3166 965 3216 amicis
993 3168 1035 3217 vel
1059 3168 1232 3217 necessariis

684 3252 740 3288 esse
750 3237 779 3287 in
789 3238 922 3303 paradiso,
935 3253 1017 3304 quam
1030 3239 1128 3288 habere
1140 3239 1213 3294 tales.

675 3319 709 3359 *et
721 3309 895 3374 postmodum
910 3324 969 3360 esse
981 3309 1010 3359 in
1025 3309 1141 3359 inferno.
1164 3308 1214 3357 Ni-

683 3381 723 3431 hil
737 3380 810 3430 enim
830 3390 879 3441 est,
897 3382 971 3447 quod
990 3392 1082 3432 contra
1100 3380 1215 3429 salutem

682 3451 779 3502 animae
808 3451 954 3501 debeamus
981 3451 1100 3516 diligere.
1139 3450 1216 3501 Unde

684 3522 868 3573 Cassiodorus
888 3540 925 3572 :a
945 3521 1054 3571 iustitia
1087 3533 1141 3567 non
1166 3535 1216 3585 pa-

682 3604 760 3653 trem,
777 3608 832 3642 non
848 3601 960 3642 matrem
974 3591 1058 3649 novit,
1073 3604 1215 3654 personam

682 3683 737 3716 non
759 3665 864 3730 accipit,
878 3666 966 3716 solum
982 3665 1068 3713 Deum
1089 3664 1215 3714 conside-

682 3748 722 3788 rat
734 3747 760 3786 et
781 3735 914 3786 attendit:
929 3755 942 3782 »
958 3735 1064 3796 Rumpe
1077 3746 1140 3798 ergo
1154 3751 1216 3784 om-

683 3823 743 3858 nem
765 3806 889 3856 aflectum
910 3803 1053 3866 carnalem,
1072 3812 1098 3852 et
1122 3819 1215 3870 separa

683 3896 745 3931 eum
764 3894 779 3929 a
793 3889 827 3937 te,
843 3879 866 3928 si
881 3877 967 3942 major
979 3886 1006 3927 et
1023 3875 1159 3942 potentior
1172 3891 1214 3940 es,
