2632 4320
132 275 186 328 286

132 391 295 443 crificiorum
322 375 522 451 fraudarentui;
556 398 581 438 et
606 387 666 437 ideo

133 480 213 532 prava
225 461 391 528 expositione
400 471 426 510 et
445 477 568 526 perversa
589 459 668 510 inter-

135 535 283 602 pretatione
297 541 360 581 ante
380 541 553 596 conspectum
574 528 667 597 populi

135 605 294 656 claudebant
314 603 424 666 januam
455 602 533 667 Legis
553 611 580 652 et
602 601 668 650 Pro-

133 678 286 744 phetarum,
304 675 351 740 qui
375 675 408 724 de
428 674 543 724 adventu
564 671 666 723 Christi

135 748 357 800 manifestissime
380 746 462 796 locuti
481 745 595 803 fuerant,
608 752 668 794 uta

134 819 186 869 fide
212 817 313 868 Ghristi
339 817 464 866 homines
491 814 666 864 retraherent.

134 891 212 941 Malis
225 906 334 957 quoque
350 889 476 955 operibus
492 898 517 937 et
538 887 668 952 exemplis

100 999 102 1003 .
135 961 272 1026 simplices
295 977 310 1011 a
330 960 382 1010 fide
405 960 570 1022 avertebant;
590 958 668 1009 etsie

136 1049 182 1083 eos
206 1031 423 1090 scandalizantes,
447 1046 560 1095 regnum
584 1029 667 1080 coelo-

138 1122 199 1155 rum
222 1115 283 1155 ante
303 1104 364 1152 illos
391 1102 558 1152 claudebant.
578 1102 668 1151 Primo

137 1178 247 1243 quidem
268 1176 319 1242 ipsi
339 1174 523 1240 cognitionem
537 1174 570 1222 de
585 1172 668 1223 Chri-

137 1258 177 1298 sto
195 1248 362 1309 habuerunt;
387 1245 432 1294 sed
449 1253 541 1309 postea
564 1259 611 1309 per
626 1244 669 1292 in-

136 1319 236 1369 vidiam
258 1316 345 1366 caecati
369 1315 562 1381 perdiderunt,
591 1323 616 1363 et
639 1314 668 1362 in

136 1406 253 1443 errorem
278 1389 399 1439 conversi
426 1397 504 1447 sunt,
524 1398 550 1436 et
568 1388 668 1436 multos

137 1463 203 1513 alios
231 1476 319 1510 errare
344 1460 474 1510 fecerunt.
495 1459 554 1516 Vel,
575 1472 669 1508 secun-

133 1536 201 1586 dum
223 1533 315 1584 alios:
337 1548 450 1597 regnum
474 1531 603 1582 coelorum
624 1529 669 1580 hic

136 1604 265 1672 accipitur
286 1620 334 1671 pro
363 1614 463 1654 aeterna
487 1602 669 1663 beatitudine,

135 1677 245 1735 ostium,
267 1692 314 1742 per
336 1675 409 1742 quod
435 1676 551 1724 intratur
573 1674 606 1723 ad
632 1673 669 1739 ip·

135 1765 203 1808 sam,
225 1746 350 1798 Christus
369 1754 418 1805 est,
436 1745 586 1796 secundum
595 1745 668 1810 quod

136 1824 251 1890 ipsemet
271 1820 336 1871 dicit
360 1821 452 1886 :Ego
473 1834 531 1870 sum
553 1819 667 1882 ostium,

134 1910 184 1960 par
205 1909 245 1945 me
263 1893 288 1943 si
308 1892 368 1958 quis
380 1891 524 1953 introierit,
548 1890 668 1942 salvabi-

136 1970 199 2027 tur5
222 1963 303 2014 clavis
327 1971 367 2014 est
390 1961 524 2024 doctrina;
557 1971 583 2011 et
608 1961 668 2011 ideo

135 2052 182 2101 per
198 2051 292 2086 sanam
306 2032 457 2083 doctrinam
480 2030 598 2096 aperitur
617 2031 669 2081 hoc

135 2106 246 2169 ostium,
272 2114 298 2154 et
321 2119 368 2169 per
402 2101 496 2152 falsam
520 2100 668 2151 doctrinam

82 2213 85 2222 .
135 2176 279 2227 clauditur.
302 2175 387 2239 Igitur
406 2171 471 2238 quia
495 2171 622 2222 Pharisaei
641 2182 667 2222 et

135 2247 236 2296 Scribae
256 2244 441 2303 auctoritates,
466 2258 526 2308 quae
552 2252 616 2292 sunt
639 2243 667 2292 in

137 2318 206 2382 Lege
220 2325 246 2367 et
262 2314 404 2379 Prophetis
424 2315 457 2364 de
474 2311 593 2375 Christo,
609 2329 669 2363 cor-

136 2389 308 2455 rumpebant,
320 2387 381 2438 ideo
402 2403 516 2452 regnum
540 2388 669 2438 coelorum

136 2471 199 2512 ante
208 2459 335 2511 homines
349 2459 518 2523 claudebant,
532 2473 578 2509 eos
589 2475 605 2509 a
616 2457 670 2510 fide

136 2545 162 2584 et
193 2532 289 2583 notitia
311 2529 413 2582 Christi
436 2530 492 2581 veri
514 2532 669 2593 avertendo,

136 2615 163 2654 et
180 2605 209 2654 in
231 2619 349 2654 errorem
368 2602 517 2666 mittend03
547 2600 598 2668 ipsi
617 2619 668 2654 au-

135 2687 190 2727 tem
207 2691 258 2727 non
275 2674 426 2737 intrabant,
449 2674 513 2740 quia
533 2690 549 2724 a
572 2675 668 2742 cogni-

135 2748 210 2796 tione
231 2760 314 2811 quam
336 2745 370 2794 de
387 2744 494 2795 Christo
515 2744 670 2796 habuerunt

135 2832 183 2883 per
195 2816 291 2865 odium
305 2825 331 2866 et
346 2831 486 2866 rancorem
504 2814 532 2863 in
550 2830 669 2867 errorem

136 2885 256 2939 conversi
284 2895 358 2949 sunt;
381 2900 428 2936 nec
448 2886 622 2947 introeuntes,
641 2886 668 2937 id

136 2967 176 3008 est
194 2956 293 3006 intrare
320 2957 449 3016 volentes,
476 2957 568 3022 quales
594 2967 670 3008 erant

136 3026 272 3092 simplices
293 3027 395 3093 populi,
414 3028 536 3079 sinebant
556 3028 669 3093 intrare,

136 3099 202 3166 quia
228 3114 275 3164 per
295 3113 342 3149 eos
364 3098 475 3150 fuerunt
500 3101 615 3168 decepti,
644 3111 670 3153 et

136 3187 151 3221 a
177 3169 230 3220 fide
260 3168 361 3220 Christi
392 3185 442 3236 pro
464 3171 559 3235 majori
595 3183 672 3239 parte

135 3232 233 3292 aversi.

169 3314 251 3365 3Vn
270 3330 304 3364 nn
330 3329 409 3363 euna.
427 3342 457 3353 -
474 3316 505 3364 ln
532 3317 670 3380 secundo,

137 3385 273 3452 redarguit
286 3401 333 3436 eos
347 3385 380 3434 de
395 3385 467 3450 gula,
479 3395 506 3436 et
520 3388 671 3452 gastrimar-

137 3456 190 3522 gia,
212 3456 277 3522 quia
299 3455 350 3506 sub
373 3454 462 3519 specie
484 3457 571 3506 cultus
584 3457 671 3524 divini

138 3537 164 3576 et
177 3525 327 3592 religionis,
342 3526 478 3576 orationes
495 3524 602 3592 longas,
622 3528 671 3578 sci·

136 3597 199 3648 licet
211 3597 239 3648 in
250 3597 348 3657 verbis,
363 3596 410 3646 sed
425 3596 518 3647 breves
533 3597 560 3646 in
576 3597 672 3648 affectu

138 3678 165 3717 et
177 3667 326 3731 sententiis,
341 3673 457 3729 orantes,
477 3677 507 3717 ut
522 3669 670 3719 sanctiores

137 3749 303 3804 apparerent,
321 3749 348 3789 et
367 3739 468 3804 majora
481 3739 550 3789 dona
572 3740 671 3806 recipe-

137 3818 207 3869 rent,
222 3809 397 3859 comedebant
410 3806 587 3859 substantiam
600 3825 670 3875 pau-

137 3895 242 3945 perum,
262 3881 362 3932 scilicet
376 3897 383 3931 ι
399 3879 492 3932 domos
510 3881 667 3946 viduarum,

387 270 560 323 securare
574 269 698 322 PARTlS
715 242 833 320 carui·
846 271 988 325 xxxvia.

725 385 851 435 affectum
886 386 991 454 pietatis
1016 391 1048 439 ad
1076 406 1123 441 eos
1152 391 1252 443 haben·

721 456 801 516 tium,
812 457 884 508 bona
898 474 990 509 earum
1011 461 1063 511 sibi
1079 463 1252 525 attrahentes,

720 537 746 577 et
761 540 950 580 consumentes
968 532 1018 581 sub
1037 531 1212 584 simulatione
1231 546 1255 585 et

721 600 788 652 falsa
818 603 906 667 specie
929 605 1087 669 sanctitatis3
1115 608 1181 673 quia
1209 624 1256 660 sua

721 674 914 737 superstitione
954 675 1024 725 nihil
1060 676 1254 742 intendebant,

721 742 773 794 nisi
791 751 823 794 ut
837 746 960 810 {praedam
983 749 1015 797 de
1040 749 1158 813 subjecta
1180 752 1257 816 plebe

722 815 850 878 facerent,
874 827 900 867 et
919 820 1005 884 magis
1026 821 1060 871 de
1074 820 1182 882 viduis,
1198 838 1258 889 quae

721 885 799 937 facile
814 888 994 954 decipiuntur,
1013 907 1070 956 non
1080 892 1213 944 habentes
1222 894 1258 945 vi·

721 976 782 1009 rum
797 962 845 1026 qui
865 964 995 1024 consulat,
1012 974 1038 1014 et
1050 965 1182 1015 habentes
1196 967 1259 1017 dan·

722 1031 748 1081 di
769 1031 929 1094 libertatem,
953 1035 1026 1100 quod
1048 1037 1176 1086 voluntas
1190 1053 1259 1104 sug-

722 1102 799 1169 gerit.
829 1104 862 1153 Et
883 1120 915 1153 ex
944 1105 1004 1164 hoc,
1031 1105 1133 1157 factum
1162 1122 1258 1158 eorum

722 1183 889 1239 aggravatur,
905 1176 1035 1240 quoniam
1055 1193 1140 1228 nona
1162 1179 1259 1230 diviti-

724 1243 784 1304 bus,
805 1244 850 1294 sed
875 1260 890 1294 a
913 1246 1004 1296 viduis
1024 1257 1145 1298 ventrem
1165 1248 1260 1315 imple·

724 1316 805 1382 bant;
830 1327 857 1367 et
871 1318 978 1369 illarum
994 1319 1114 1385 inopiam
1137 1322 1260 1372 attrahe-

724 1391 799 1454 bant,
828 1407 910 1457 quam
939 1394 1081 1444 emendare
1107 1395 1259 1460 oportebat.

725 1461 778 1512 Ubi
794 1462 1007 1530 Chryrostomus
1022 1482 1032 1514 .·
1048 1483 1062 1510 a
1076 1464 1149 1514 Dum
1161 1466 1270 1516 Judai-=

723 1548 770 1582 cos
788 1535 937 1584 sacerdotes
959 1534 1108 1599 confundit,
1121 1535 1259 1588 Christis·

723 1619 774 1653 nos
798 1604 947 1654 sacerdotes
967 1615 1060 1656 monet
1079 1622 1134 1655 non
1156 1621 1260 1673 perma-

725 1689 788 1724 nere
812 1690 874 1725 curn
910 1675 1000 1726 viduis
1026 1677 1146 1742 amplius
1173 1691 1258 1744 quam

723 1759 786 1795 curn
800 1745 909 1812 ceteris3
923 1746 986 1812 quia
997 1747 1048 1797 etsi
1062 1748 1192 1799 voluntas
1203 1760 1259 1799 ms·

723 1819 748 1867 la
768 1833 824 1866 non
849 1827 898 1878 est,
922 1818 1041 1883 suspicio
1067 1829 1161 1868 tamen
1186 1819 1257 1870 mala

723 1897 771 1939 est.
787 1907 801 1936 r
815 1888 920 1939 Deinde
933 1897 960 1938 et
975 1889 1057 1952 hujus
1074 1889 1178 1955 rapinae
1192 1904 1255 1941 mo-

721 1963 772 2010 dus
797 1970 852 2011 erat
884 1961 1005 2026 gravior,
1025 1971 1055 2010 ut
1090 1961 1167 2011 enim
1191 1960 1259 2014 dicit

723 2033 794 2082 idem
826 2032 1052 2096 chrysostomus,
1081 2031 1130 2096 qui
1152 2032 1255 2083 malum

721 2103 791 2162 facit,
802 2104 900 2169 dignus
912 2111 954 2153 est
963 2118 1053 2168 poena3
1064 2103 1111 2154 sed
1126 2103 1175 2169 qni
1186 2119 1204 2155 a
1215 2118 1256 2155 re-

722 2174 823 2242 ligione
832 2190 941 2225 causam
956 2174 1053 2240 accipit
1067 2176 1188 2238 malitia,
1200 2190 1258 2244 gra·

721 2246 789 2297 viori
824 2256 865 2297 est
891 2246 1024 2297 obnoxius
1056 2262 1155 2312 poenae.
1176 2248 1258 2300 Unde

721 2316 844 2382 sequitur
859 2334 866 2367 :
882 2318 999 2383 Propter·
1015 2317 1072 2381 lroc,
1088 2318 1191 2370 scilicet
1200 2332 1257 2369 non

722 2388 811 2438 solum
829 2397 940 2452 propter
958 2386 1092 2452 rapinam,
1106 2389 1155 2439 sed
1172 2387 1256 2439 &am

722 2469 830 2525 propter
843 2460 958 2509 vestram
973 2459 1188 2524 simulationem,
1201 2474 1260 2512 aare·

718 2531 792 2598 plius
817 2531 955 2596 accipietis
969 2531 1113 2598 judiciam,
1128 2541 1156 2582 et
1168 2533 1259 2598 majo·

722 2620 780 2655 rem
796 2603 1007 2654 damnationem.
1036 2603 1090 2654 Ubi
1114 2603 1259 2671 Chrysas-

722 2683 831 2726 tomus:
847 2673 999 2724 «Primum
1021 2673 1136 2741 quidem
1160 2688 1214 2740 pro
1224 2688 1258 2725 eo

721 2746 794 2813 quod
809 2745 969 2812 figmentum
984 2744 1135 2796 sanctitatis
1144 2743 1259 2797 mumi-

721 2819 765 2876 tis,
778 2815 918 2868 avaritiam
932 2815 1005 2866 enim
1018 2823 1137 2865 vestram
1151 2814 1259 2882 religio·

721 2888 765 2939 nis
794 2888 883 2937 colore
915 2886 1084 2952 depingitis,
1113 2895 1143 2936 et
1177 2884 1258 2953 qnasi

722 2958 829 3008 diabolo
845 2956 976 3023 prastatis
990 2971 1064 3006 arma
1084 2956 1145 3017 Dei,
1159 2966 1193 3006 ut
1212 2970 1257 3007 sr-

723 3038 812 3078 metur
824 3026 955 3092 iniquitas
964 3025 1031 3076 dum
1044 3026 1130 3092 pietas
1142 3026 1259 3076 aestimn

722 3110 774 3150 tur.
790 3118 805 3146 n
819 3098 907 3162 Unde,
928 3106 955 3146 et
975 3097 1125 3147 secundum
1141 3096 1256 3161 Bedam,

722 3185 779 3221 non
795 3177 902 3219 tanturn
927 3169 966 3218 ait
987 3185 994 3218 ι
1017 3166 1164 3233 Accipietis
1175 3167 1257 3234 judi·

722 3241 806 3304 cium,
831 3239 879 3289 sed
905 3239 1048 3304 adjunxit:
1065 3238 1204 3304 arrtpiius,
1226 3247 1257 3289 ut

722 3312 842 3363 insinuet
856 3310 976 3377 illosqui
986 3320 1066 3362 orant
1087 3321 1118 3362 ut
1141 3311 1257 3362 videsn-

723 3393 767 3433 tur
793 3382 827 3432 ab
852 3382 1029 3443 hominibus,
1051 3381 1258 3432 damnationem

723 3453 830 3514 mereri,
845 3455 892 3503 sed
907 3468 953 3503 eos
973 3452 1020 3519 qui
1033 3453 1092 3503 haec
1112 3450 1257 3518 prolixius,

722 3525 801 3592 quasi
825 3524 1005 3591 religiosiores
1020 3524 1134 3590 agendo,
1148 3539 1205 3574 non
1218 3538 1258 3574 so

721 3597 779 3646 lum
797 3595 890 3645 laudes
909 3595 943 3661 ab
967 3593 1138 3654 hominibus,
1161 3594 1211 3645 sed
1232 3601 1260 3644 et

723 3663 850 3731 pecunias
868 3674 1001 3732 quaerunt,
1025 3663 1168 3730 prolixiori
1183 3662 1258 3715 darn·

722 3735 834 3786 natione
860 3735 1023 3801 plectendos.
1054 3734 1175 3785 istorum
1192 3747 1259 3800 ergo

722 3803 809 3859 oratio
823 3807 855 3858 iit
878 3807 907 3858 in
922 3817 1071 3874 peccatum,
1093 3817 1196 3858 utnon
1208 3820 1257 3858 so·

722 3880 779 3931 lum
793 3895 842 3946 pro
862 3878 922 3931 aliis
936 3879 1100 3931 intercedere
1113 3894 1172 3930 non
1191 3891 1258 3946 pos-
