2632 4320
396 293 443 343 DE
462 292 590 344 TRIBUS
609 295 811 356 PARABOLlS,
828 298 904 349 ETC.
1173 301 1204 352 61

95 409 160 475 large
182 407 337 473 loquendo,
362 407 390 459 in
414 418 548 474 quantum
565 408 626 459 talis
669 411 710 461 vel
740 412 838 463 dedisti
866 414 890 464 ei
916 430 1022 482 magna·
1055 415 1208 467 devotionis

96 497 141 532 non
155 480 267 532 videtur
289 481 389 547 dignus
404 491 479 533 tanto
494 482 582 546 bono;
601 489 627 533 et
670 484 874 551 pinguedinem.
894 488 977 547 Quasi
992 491 1100 553 diceret,
1114 505 1206 540 secun-

95 554 192 606 rabbat
214 555 337 617 introire,
361 555 462 607 scilicet
481 557 514 606 ad
536 557 627 607 convi—
667 558 733 607 dum
747 557 940 610 ordinationem
952 572 1026 611 tuam
1037 561 1088 611 hoc
1104 560 1165 611 fuit.

94 625 171 685 vium,
189 625 273 677 idest
292 625 319 675 in
339 626 493 686 Ecclesiam,
512 628 554 677 vel
569 642 627 692 pec·
703 627 733 678 16
751 627 883 688 Quouono
902 647 919 680 Α
945 647 1024 681 rarat
1047 648 1202 681 arancaru-

94 705 207 746 aatorum
249 696 487 758 communionem,
518 708 627 763 propter
667 714 763 749 unrua.
785 703 871 751 -At
892 702 963 767 ipse,
995 702 1094 753 scilicet
1114 713 1200 768 pater,

95 767 313 834 indignationem.
331 769 417 820 Patet·
443 783 511 834 ergo
535 770 625 832 illiue,
667 766 742 818 dixit
761 768 811 831 illi,
836 769 936 820 scilicet
949 770 1006 820 lilio
1020 786 1070 821 suo
1089 771 1200 829 seniori,

97 839 189 890 scilicet
214 840 298 901 Deus,
325 841 418 890 volens
443 839 579 906 pacificare
601 851 627 891 et
667 847 796 904 tanquam
817 839 879 905 pius
896 852 970 907 pater
993 841 1083 907 ipsum
1099 843 1202 908 placare

97 929 212 964 amovere
238 913 310 964 hanc
334 914 550 975 admirationem,
579 931 626 966 seu
666 912 779 963 volens:
796 914 862 976 Fili,
884 921 911 965 tu
926 930 1030 980 semper
1045 931 1146 966 mecum
1162 930 1200 978 er,

98 983 325 1050 indignationem,
356 994 382 1034 et
409 985 521 1051 cupiens
554 985 626 1035 hunc
668 984 769 1035 scilicet
781 1001 827 1051 per
840 986 919 1052 Legis
932 987 1140 1048 observantiam,
1159 989 1201 1038 tel

98 1054 208 1105 salvare:
230 1055 294 1104 Vult
310 1054 384 1106 enim
400 1069 490 1105 omnes
507 1056 626 1107 homines
667 1070 714 1120 per
738 1055 846 1120 justitiae
878 1057 1043 1121 custodiam3
1068 1063 1094 1106 et
1113 1058 1202 1109 omnia

99 1125 304 1191 salvosfieri...
330 1141 466 1192 egressus,
482 1126 626 1178 scilicetde
666 1139 724 1176 mea
744 1132 790 1176 tua
810 1133 880 1189 runt,
895 1126 997 1177 scilicet
1023 1127 1094 1176 bona
1108 1128 1201 1193 gratiae

98 1198 168 1248 domo
192 1213 338 1265 synagogae
362 1198 390 1248 in
415 1199 569 1260 Ecclesiam,
584 1202 625 1251 vel
666 1195 694 1244 in
707 1210 744 1256 re,
758 1207 784 1247 et
800 1197 871 1247 bona
885 1197 977 1263 gloriae
994 1197 1022 1247 in
1041 1213 1096 1263 spe.
1116 1197 1200 1258 Quasi

99 1268 122 1320 de
159 1268 252 1335 rigore
291 1269 399 1334 justitiae
436 1270 469 1320 ad
517 1271 626 1321 miseri·
666 1266 764 1319 diceret
783 1269 949 1334 :Tanquam
967 1270 1023 1334 jure
1040 1269 1201 1319 hereditario
1247 1298 1251 1307 ·

100 1338 227 1404 cordiam3
272 1339 357 1406 coepit
391 1354 493 1406 rogare
521 1341 625 1404 illum,
666 1353 712 1403 per
740 1338 862 1409 debitum
897 1340 1125 1391 remunerationis
1151 1340 1200 1390 tibi

98 1427 186 1476 perse,
211 1411 315 1462 scilicet
340 1412 445 1463 interna
475 1412 627 1479 inspiratio·
667 1411 759 1461 omnia
778 1426 838 1462 mea
851 1412 992 1464 debentur.
1008 1414 1128 1479 Epulari
1150 1429 1201 1464 au·

99 1500 136 1551 ne;
158 1496 185 1536 et
208 1501 257 1551 per
285 1501 349 1536 suos
367 1486 498 1548 vicarios,
525 1486 627 1538 scilicet
667 1488 717 1533 tem
752 1491 778 1535 et
811 1485 933 1551 gaudere
959 1488 1113 1552 oportebat,
1138 1487 1202 1552 quia

100 1555 236 1621 apostolica
254 1555 454 1621 praedicatione.
474 1567 500 1607 et
510 1556 626 1608 aliorum
660 1551 757 1618 frater
772 1561 832 1605 tuus
851 1556 901 1618 liic,
918 1557 1028 1616 scilicet,
1043 1558 1114 1608 unde
1134 1573 1202 1607 con-

100 1627 255 1688 uuditione,
289 1628 433 1678 ostendens
457 1629 528 1693 justo
553 1628 626 1695 quod
667 1625 781 1690 gaudere
804 1626 932 1688 deberes,
963 1644 1017 1677 non
1048 1627 1201 1693 indignari,

100 1697 143 1749 hoc
169 1714 226 1749 non
254 1699 379 1764 provenit
393 1714 425 1749 ex
442 1709 514 1765 parte
531 1698 627 1750 veteris
667 1703 788 1747 mortuus
797 1696 904 1763 suerat,
932 1700 1031 1750 scilicet
1045 1715 1092 1765 per
1111 1701 1201 1765 priva·

100 1769 238 1835 peccatoris
258 1769 426 1836 poenitentis,
449 1772 496 1821 sed
511 1786 544 1821 ex
563 1769 627 1821 infi-
667 1766 768 1815 tionem
783 1765 854 1827 fidei,
869 1783 929 1833 quae
954 1778 993 1818 est
1021 1768 1116 1818 animae
1137 1770 1200 1828 vita,

100 1839 150 1889 nita
160 1839 336 1889 bonitateDei
349 1839 522 1900 conferentis,
534 1855 627 1891 secun·
667 1839 709 1888 vel
737 1853 784 1904 per
799 1839 972 1890 amissionem
1000 1840 1158 1891 innocentiae
1177 1853 1203 1891 et

52 1918 54 1923 '
99 1910 158 1961 dum
183 1925 232 1961 sua
259 1925 322 1960 vera
346 1911 446 1976 judicia
474 1911 627 1962 facultatem
667 1912 787 1977 iustitiae,
807 1919 833 1963 et
852 1913 961 1977 revixit,
985 1929 1032 1979 per
1053 1914 1202 1979 susceptio-

98 1981 213 2032 0mnium
246 1981 475 2045 transcendentia3
506 1992 533 2033 et
555 1984 627 2048 quod
669 1999 731 2034 nem
757 1983 818 2034 fidei
845 1995 871 2036 et
892 1984 1121 2052 recuperationem
1156 1986 1201 2036 in-

97 2051 224 2118 quidquid
255 2062 381 2117 operatur
401 2053 470 2117 juste
498 2051 542 2112 fit,
567 2052 628 2103 licet
669 2055 815 2120 nocentiae;
826 2057 958 2124 perierat,
970 2066 1078 2123 propter
1094 2072 1202 2107 morum

97 2120 251 2174 hominibus
270 2121 417 2189 aliquando
439 2123 518 2174 aliter
534 2121 627 2174 videa·
668 2126 852 2187 amissionem,
875 2133 900 2178 et
925 2127 1046 2179 inventus
1066 2134 1114 2190 est,
1139 2128 1203 2194 quia
1282 2142 1287 2160 ²

80 2203 141 2253 ¹tur.
155 2196 195 2245 At
213 2194 261 2245 ille
281 2195 444 2261 respondeus
467 2194 541 2245 dixit
551 2195 629 2260 patri
668 2199 788 2249 redditus
818 2199 897 2249 matri
935 2199 1059 2250 Ecclesiae
1096 2209 1203 2265 propter

96 2277 138 2316 tuo
179 2264 379 2331 indignationis
424 2281 479 2316 suae
520 2280 627 2315 causam
669 2271 895 2322 emendationem.
916 2272 1008 2322 Monet
1022 2287 1084 2322 eum
1100 2272 1202 2337 gaude-

96 2334 260 2385 ostendendo
276 2334 366 2384 :Ecce
385 2341 425 2385 tot
443 2335 523 2386 anuis
539 2335 627 2386 servio
668 2356 696 2391 re
725 2358 732 2390 :
755 2342 819 2407 quia
841 2343 868 2392 in
890 2342 941 2392 hoc
961 2353 1070 2408 apparet
1101 2342 1203 2407 optime

96 2406 147 2471 tibi,
167 2405 272 2457 scilicet
285 2405 365 2472 Legis
379 2406 506 2471 iustitiam
521 2416 627 2457 sectan-
669 2411 775 2462 bonitas
799 2413 934 2474 hominis,
961 2414 1070 2480 quando
1102 2413 1203 2463 scilicet

54 2522 60 2534 ,
95 2478 136 2542 do,
154 2480 199 2529 vel
223 2493 272 2544 pro
292 2488 318 2528 te
331 2479 401 2528 mala
419 2479 589 2539 sustinendo,
602 2488 628 2528 et
668 2483 780 2534 libenter
816 2483 887 2534 videt
923 2484 1139 2534 emendationem
1177 2491 1203 2532 et

96 2550 163 2602 bona
186 2551 320 2614 faciendo,
344 2557 370 2602 et
395 2567 526 2618 nunquam
549 2567 628 2602 man·
668 2555 857 2606 correctionem
874 2555 972 2606 fratris.
985 2555 1061 2606 Unde
1074 2555 1205 2620 Augusti·

96 2620 184 2672 datum
199 2622 430 2688 tuumpraeleriui,
444 2621 516 2687 quod
529 2622 629 2672 scilicet
669 2640 739 2677 raus:
754 2644 768 2671 a
786 2625 862 2675 Nihil
881 2625 918 2675 ita
950 2625 1044 2690 probat
1072 2623 1202 2689 spiritua-

95 2702 134 2747 est
146 2694 180 2744 de
191 2709 248 2744 uno
258 2694 315 2744 Deo
330 2695 452 2755 colendo,
467 2695 509 2745 vel
523 2695 628 2760 ajusti-
669 2699 722 2748 lem
740 2697 840 2760 virum,
859 2696 929 2747 sicut
941 2695 1039 2762 peccati
1058 2695 1139 2745 alieni
1154 2711 1204 2745 cu-

97 2764 261 2832 tia.incepta
281 2768 438 2827 recedendo,
454 2774 480 2818 et
495 2783 627 2833 nunquam
668 2770 751 2834 ratio;
792 2786 853 2820 cum
883 2768 1070 2820 liberationem
1113 2767 1204 2833 potius

96 2835 191 2887 dedisti
213 2836 279 2887 milti
302 2837 420 2900 ltaedum,
447 2837 511 2904 quia
536 2837 629 2888 omnia
668 2857 750 2908 quam
771 2841 981 2897 insultationem,
995 2838 1086 2905 potius
1104 2838 1203 2889 auxilia

96 2909 221 2961 beneficia
260 2911 366 2962 Veteris
403 2912 482 2979 Legis
523 2913 629 2963 modica
668 2927 749 2978 quam
770 2911 887 2961 convitia
900 2910 1058 2971 meditatur3
1075 2918 1101 2959 et
1122 2924 1203 2974 quan·

97 2992 166 3043 sunt,
185 2994 211 3035 et
231 2984 310 3050 quasi
333 2985 436 3036 nullius
452 2986 628 3051 reputationis
667 2991 726 3031 tum
744 2981 855 3032 facultas
869 2979 973 3038 tribuit,
986 2978 1108 3044 suscipit.
1124 2999 1137 3026 u
1151 2979 1202 3030 Ubi

99 3068 216 3124 respectu
231 3057 426 3110 beneficiorum
442 3061 524 3111 Novae
539 3061 628 3125 Legis,
671 3053 883 3119 Chrysostomus
900 3068 934 3101 :a
955 3051 1016 3100 Haec
1040 3065 1104 3116 ergo
1126 3065 1205 3116 para-

101 3134 197 3180 urcum
212 3130 309 3181 amicir
323 3131 389 3181 meir
405 3131 539 3198 epularer,
552 3131 628 3181 scili·
670 3123 731 3173 bola
751 3122 783 3172 ad
806 3121 858 3171 hoc
880 3131 921 3171 est
944 3121 1102 3200 cpmposita,
1130 3121 1204 3198 quod

99 3210 214 3252 cetrum
240 3204 390 3270 Prophetis,
423 3204 582 3256 Patriarchis
603 3215 629 3256 et
668 3202 818 3276 peffflmses
845 3207 900 3241 ¹¹0ss
937 3189 1060 3240 dlffidasst
1098 3199 1204 3247 reverti,

101 3272 217 3339 Angelis-3
231 3275 272 3325 vel
294 3275 407 3340 mum,
424 3275 451 3325 id
467 3286 507 3326 est
527 3286 627 3327 tantam
669 3275 781 3316 scientes
793 3265 866 3331 quod
881 3278 977 3329 magna
991 3271 1203 3328 consequentur;

102 3353 263 3405 peccatorum
282 3345 500 3411 exprobationem
516 3356 542 3397 et
563 3347 629 3397 abo.
670 3337 742 3387 unde
769 3334 916 3386 introducit
943 3334 1010 3384 alios
1032 3333 1153 3384 turbatos
1176 3328 1204 3409 in

103 3411 283 3477 minationem,
304 3421 332 3466 ut
348 3416 474 3481 epularer
487 3432 534 3482 per
546 3418 629 3467 devo.
671 3423 765 3458 eorum
786 3406 875 3464 bonis,
892 3420 947 3454 non
965 3413 995 3454 ut
1008 3403 1106 3469 judicet
1118 3414 1167 3460 eos¹
1177 3399 1206 3448 lr-

103 3481 178 3536 tionis
219 3485 360 3538 fervorem.
395 3487 453 3537 Sed
483 3493 629 3554 postquam
671 3493 735 3528 vore
755 3476 928 3534 tabescentes,
949 3474 995 3524 sed
1015 3482 1089 3523 tanto
1112 3471 1207 3519 decore

99 3550 169 3616 filius
188 3562 249 3607 tuus
278 3555 322 3606 hic
340 3556 386 3621 qui
407 3556 546 3607 devoravit
564 3559 629 3607 sub.
673 3549 819 3599 honoratos
832 3546 985 3603 redeuntes,
1000 3554 1031 3593 ut
1046 3541 1127 3624 etiam
1142 3538 1207 3590 invi-

103 3625 220 3676 nautam
238 3641 324 3688 suam,
339 3626 440 3678 scilicet
454 3628 628 3693 temporalem
673 3621 742 3671 diosi
778 3619 882 3686 possint
915 3616 974 3667 aliis
1002 3614 1092 3696 fieri:
1113 3632 1127 3661 n
1147 3613 1207 3696 lraec

103 3703 126 3744 et
148 3697 324 3763 spiritualem,
352 3712 409 3749 cum
436 3699 627 3758 meretricibus,
673 3694 893 3762 Chrysostomus.
922 3688 1002 3740 Unde
1031 3686 1207 3767 Dionysius:

103 3761 179 3818 idest
192 3783 256 3819 cum
273 3767 425 3819 carnalibus
445 3767 519 3818 vitiis
538 3777 565 3818 et
578 3769 630 3832 spi·
671 3784 685 3811 a
698 3765 768 3815 Vere
794 3762 933 3828 optimus,
955 3767 981 3808 et
1005 3768 1208 3841 superoptimus
1282 3830 1286 3838 .

102 3833 247 3900 ritualibus,
271 3839 359 3902 venit,
373 3838 497 3891 occidisti
516 3839 541 3889 ei
557 3838 629 3889 vitu·
669 3840 747 3889 Jesus
775 3834 918 3895 Christus,
951 3830 999 3896 qui
1030 3829 1206 3912 redeuntibus

103 3903 151 3960 lam
173 3910 339 3977 saginatum,
361 3909 464 3962 scilicet
478 3909 629 3972 Christum,
670 3909 813 3962 amabilem
836 3921 864 3958 se
884 3902 1007 3968 exhibet;
1021 3901 1206 3954 accedentibus
