2632 4320
213 280 262 332 DE
280 277 539 332 DIFFICULTATE
553 278 723 331 INTRANDI
736 278 884 335 DIVITEM
898 281 933 335 IN
949 281 1091 335 COELUM.
1169 296 1220 339 101.

100 402 193 463 Quam
207 408 298 450 autem
310 397 489 464 incongruum
503 406 532 448 et
545 397 637 448 absur-

98 473 168 524 dum
190 480 240 531 est,
264 479 295 519 ut
321 483 402 534 quem
423 468 527 518 nudum
553 476 640 518 mater

98 541 207 611 genuit,
235 541 339 590 nudum
364 539 483 604 suscepit
508 537 635 603 Ecclesia,

98 613 177 665 dives
190 612 290 677 intrare
308 609 372 660 velit
384 610 413 659 in
426 608 541 661 coelum!
553 628 567 657 s
580 609 639 659 haec

96 683 269 738 Ambrosius.
280 682 333 734 Ubi
341 683 448 733 attende
464 681 538 749 quod
554 696 639 748 quan-

97 757 138 808 do
148 755 212 823 quis
223 754 282 805 vult
292 753 391 804 habere
405 753 531 816 diuitias3
548 762 574 804 et
585 767 640 803 non

101 827 219 896 quidem
230 825 258 876 in
269 825 310 876 eis
321 824 489 886 confidendo,
501 825 543 876 vel
558 823 640 875 finem

97 907 125 950 et
147 912 227 964 spem
253 895 452 958 constituendo,
475 895 521 946 sed
549 904 639 947 tamen

98 968 205 1020 utendo
220 967 260 1018 eis
276 965 401 1030 afficitur,
415 975 442 1017 et
462 981 523 1017 cum
535 981 638 1027 amore,

100 1041 169 1091 citra
181 1040 270 1090 Deum
280 1053 333 1089 -eas
358 1038 487 1104 possidet,
511 1039 549 1090 ita
565 1039 639 1106 quod

98 1110 250 1179 aperfecto
267 1126 360 1161 amore
381 1111 430 1161 Dei
445 1121 472 1162 et
485 1110 571 1162 libera
593 1126 637 1162 se·

96 1184 179 1249 quela
189 1182 292 1233 Christi
305 1181 457 1246 aliqualiter
467 1181 616 1247 impeditur
629 1199 636 1232 z

97 1252 138 1304 sic
165 1251 279 1302 difficile
303 1267 419 1319 regnum
441 1252 572 1303 coelorum
599 1253 638 1303 in·

95 1326 230 1392 graditur.
246 1325 299 1376 Sed
314 1326 424 1391 quando
440 1325 506 1391 quis
526 1324 637 1377 confidit

95 1415 114 1448 n
134 1397 252 1459 divitiis,
265 1407 290 1448 et
300 1397 330 1448 in
344 1397 411 1463 ipsis
425 1396 508 1448 finem
522 1407 549 1449 et
559 1413 636 1465 spem

693 396 783 448 minor
799 397 851 450 ille
880 400 927 467 qui
952 399 991 451 sic
1018 407 1129 465 argento
1156 398 1226 450 sicut

691 468 820 523 fictilibus
840 471 934 523 utitur.
956 472 1019 533 Vel,
1037 470 1155 536 facilius
1181 469 1225 522 hic

691 542 783 594 minus
805 542 937 611 significat
960 541 1078 610 positivo
1099 541 1142 592 sui
1165 556 1226 592 con-

691 613 782 675 trarii,
807 614 835 664 id
858 623 898 665 est
920 613 1013 665 minus
1039 611 1152 664 difficile
1175 620 1247 664 est..

691 683 784 735 Potest
799 685 872 736 enim
894 685 967 736 Deus
987 684 1070 735 facere
1085 693 1116 734 ut
1135 693 1225 734 trans-

680 769 734 809 eat
744 760 861 810 camelus
876 774 923 825 per
936 758 1057 809 foramen
1071 773 1144 818 acus,
1160 756 1224 807 nul·

692 828 719 879 lo
738 828 875 893 obstante;
897 843 1007 880 avarum
1024 844 1098 893 vero,
1112 827 1160 895 qui
1179 826 1224 897 hic

693 902 804 952 nomine
824 901 917 954 divitis
936 901 1106 968 intelligitur,
1125 915 1223 968 ponere

692 974 721 1024 in
737 974 860 1040 gloriam,
876 973 926 1025 etsi
941 982 1028 1040 potest
1046 973 1080 1024 de
1093 973 1221 1039 potentia,

691 1060 747 1095 non
765 1053 854 1095 tamen
871 1045 905 1096 de
925 1043 1035 1111 justitia,
1058 1057 1120 1109 quae
1144 1043 1223 1095 recla-

690 1124 754 1166 mat.
769 1115 881 1181 Oportet
893 1114 966 1166 enim
978 1129 1087 1165 avarum
1099 1127 1225 1165 amorem

690 1201 773 1253 opum
787 1185 929 1250 dimittere,
938 1185 961 1236 si
971 1185 1029 1238 vult
1040 1185 1074 1235 ad
1081 1183 1164 1235 vitam
1175 1183 1221 1233 in-

690 1266 768 1308 trare.
784 1258 847 1317 Vel,
864 1257 981 1309 camelus
997 1273 1052 1307 non
1069 1263 1157 1322 potest
1174 1254 1219 1304 in-

689 1337 758 1379 trare
768 1343 815 1395 per
830 1328 950 1379 foramen
959 1343 1032 1388 acus,
1049 1326 1102 1378 nisi
1113 1325 1220 1377 divida-

687 1409 731 1451 tur
741 1402 895 1466 permultas
905 1411 994 1467 partes
1004 1401 1135 1462 minutas;
1145 1396 1219 1465 quod

98 1467 250 1529 constituit,
265 1476 295 1518 ut
308 1467 372 1519 inde
392 1468 531 1534 superbiat
544 1478 571 1519 et
590 1469 633 1521 la-
681 1471 799 1538 facilius
816 1478 865 1534 est,
885 1488 965 1539 quam
980 1472 1087 1523 divitem
1104 1470 1132 1522 in
1147 1467 1219 1519 divi-

98 1539 205 1602 sciviat,
217 1538 339 1590 retinens
350 1553 394 1589 eas
406 1539 503 1604 cupide
513 1549 539 1590 et
552 1539 630 1590 inor-

98 1613 199 1672 dinate,
225 1627 289 1662 cum
314 1626 405 1663 amore
432 1627 513 1677 supra
536 1614 634 1675 Deum,

98 1701 146 1737 nec
164 1685 200 1736 ad
216 1699 316 1750 egenos
336 1700 433 1736 manus
456 1686 602 1738 extendens
625 1703 632 1738 ι

97 1756 135 1808 sic
155 1756 327 1822 impossibile
347 1765 387 1807 est
405 1771 467 1807 eum
486 1756 585 1809 intrare
605 1757 633 1809 in

97 1841 213 1894 regnum
235 1826 373 1878 coelorum.
396 1827 475 1878 Unde
493 1829 566 1894 quod
589 1828 634 1879 di-

98 1897 137 1949 xit
154 1896 276 1957 difficile,
291 1906 412 1962 respectu
425 1898 525 1959 divitis,
545 1898 633 1964 primo

98 1968 194 2031 modo;
218 1967 285 2017 dicit
307 1967 485 2033 impossibile,
511 1980 633 2036 respectu

98 2042 200 2107 divitis,
227 2043 344 2092 secundo
373 2043 464 2094 modo.
488 2045 633 2105 Quomodo

98 2127 162 2179 ergo
190 2111 304 2178 plurimi
327 2112 424 2165 divites
446 2130 561 2180 regnum
584 2115 633 2167 Dei

99 2183 277 2244 intraverunt,
297 2183 351 2234 nisi
374 2185 445 2251 quia,
466 2186 522 2237 Deo
543 2186 634 2254 inspi-

99 2263 183 2315 rante,
211 2269 261 2320 pro
285 2254 372 2306 nihilo
398 2255 507 2308 divitias
528 2258 634 2309 habue-

99 2326 182 2379 runt?
202 2327 343 2394 Numquid
366 2329 449 2380 David
478 2330 507 2381 in
530 2332 634 2384 divitiis

97 2398 259 2460 confidebat,
282 2399 330 2465 qui
354 2401 388 2451 de
412 2401 502 2467 seipso
524 2418 633 2465 canens,

99 2468 135 2539 ait
155 2486 163 2521 z
186 2470 254 2537 Ego
272 2484 334 2522 vero
360 2485 461 2538 egenus
481 2480 508 2525 et
526 2491 634 2542 pauper

101 2539 182 2591 sm?
204 2540 282 2591 Alios
304 2556 414 2608 quoque
436 2544 568 2607 hortatur,
592 2547 635 2597 di-

101 2629 162 2666 cens
187 2631 195 2665 ι
219 2614 333 2667 Divitia
358 2618 383 2667 si
407 2618 527 2684 affluant,
552 2621 634 2673 nolite

101 2699 147 2737 cor
168 2700 312 2752 apponere.
337 2688 416 2739 Unde
436 2691 633 2756 Augustinus:

103 2774 117 2803 a
137 2757 256 2808 Divitem
276 2773 340 2824 ergo
353 2759 398 2810 hic
418 2763 534 2826 appellat
554 2763 633 2830 cupi-

102 2827 165 2879 dum
181 2843 273 2879 rerum
285 2831 483 2895 temporalium,
500 2842 526 2883 et
539 2833 573 2884 de
590 2845 634 2885 ta-

103 2896 174 2949 libus
198 2898 410 2964 superbientem;
439 2902 483 2953 his
503 2904 634 2957 divitibus

105 2969 227 3019 conuarii
238 2979 303 3019 sunt
312 2984 441 3036 pauperes
450 2973 556 3038 spiritu,
567 2991 636 3041 quo-

105 3051 161 3087 rum
176 3048 218 3089 est
234 3054 349 3104 regnum
362 3043 492 3094 coelorum
511 3061 518 3095 :
540 3065 552 3091 u
575 3046 634 3097 haec

105 3109 280 3176 Augustinus.
295 3110 377 3162 Aliud
399 3123 439 3164 est
454 3114 562 3166 divitias
582 3116 634 3168 ha-

106 3178 173 3243 bere,
185 3182 260 3233 aliud
277 3198 375 3235 amare.
390 3187 469 3237 Multi
484 3186 594 3251 habent,
609 3199 635 3241 et

105 3265 156 3302 non
174 3263 279 3318 amant;
304 3255 382 3305 multi
398 3273 454 3307 non
474 3257 584 3325 habent,
608 3271 634 3312 et

104 3333 200 3374 amant.
213 3325 289 3385 Item,
304 3325 350 3375 alii
364 3327 473 3389 habent,
486 3339 513 3380 et
527 3341 632 3396 amant;

105 3391 148 3443 alii
160 3408 210 3444 nec
227 3394 335 3457 habere,
351 3413 399 3448 nec
417 3414 507 3452 amare
524 3417 553 3453 se
566 3419 635 3469 gau-

104 3463 174 3528 dent,
194 3467 242 3532 qui
267 3469 356 3520 ultimi
380 3471 493 3524 tutiores
515 3487 588 3535 sunt,
609 3486 635 3528 et

105 3547 165 3585 cum
176 3538 309 3601 Apostolo
322 3540 410 3593 dicere
421 3554 536 3607 possunt
550 3563 556 3596 :
573 3546 634 3598 Mi-

103 3601 130 3656 lti
148 3606 263 3657 mundus
282 3611 432 3669 crucifixus
453 3619 510 3676 est,
535 3622 563 3667 et
582 3632 635 3684 ego

102 3676 208 3728 mundo.
230 3678 307 3730 Unde
327 3681 437 3748 quidam
454 3685 635 3754 philosophus

102 3745 139 3797 ait
153 3762 160 3796 τ
175 3747 252 3799 Licet
268 3749 337 3801 inter
356 3753 463 3805 divitias
483 3771 542 3809 esse
565 3774 634 3826 pau-

100 3832 209 3885 perem,
224 3835 274 3871 nec
290 3823 374 3887 major
387 3834 427 3875 est
448 3825 503 3888 ille,
525 3830 573 3896 qui
597 3831 636 3882 sic

101 3886 188 3939 utitur
210 3888 338 3942 fictilibus
353 3893 422 3947 sicut
443 3907 563 3962 argento,
588 3916 636 3952 nec

687 1541 732 1593 tiis
744 1541 933 1603 confidentem,
948 1551 975 1594 et
989 1558 1036 1608 per
1045 1554 1166 1594 amorem
1183 1537 1223 1589 eis

686 1611 872 1676 inhaerentem,
881 1613 987 1664 intrare
998 1613 1025 1663 in
1037 1626 1150 1678 regnum
1163 1623 1221 1660 coe-

687 1685 790 1749 lorum3
808 1686 872 1752 quia
889 1686 957 1737 illud
978 1694 1019 1736 est
1032 1686 1124 1751 aliquo
1139 1681 1221 1733 modo

685 1755 827 1822 possibile,
851 1755 924 1806 istud
952 1754 1131 1822 impossibile.
1158 1751 1218 1810 Vel,

686 1837 716 1879 ut
740 1827 847 1889 dicitur,
868 1828 991 1894 quaedam
1015 1837 1092 1894 porta
1109 1833 1165 1876 erat
1189 1824 1219 1874 in

684 1899 841 1959 Jerusalem,
851 1914 912 1965 quae
922 1896 1058 1949 dicebatur
1072 1896 1154 1956 Acus,
1172 1908 1219 1959 per

686 1969 762 2034 cujus
789 1968 910 2018 foramen
933 1983 987 2017 non
1017 1964 1070 2018 nisi
1097 1963 1220 2030 deposito

686 2056 768 2092 onere
781 2049 808 2091 et
820 2040 897 2091 flexis
915 2039 1027 2107 genibus
1049 2045 1153 2104 poterat
1172 2035 1219 2086 in-

685 2122 756 2164 trare
782 2113 916 2178 camelus;
947 2111 985 2164 sic
1016 2121 1043 2163 et
1069 2125 1118 2160 nec
1145 2107 1219 2158 dives

687 2201 734 2252 per
753 2184 825 2237 viam
838 2193 939 2236 arctam
953 2192 1043 2251 potest
1064 2183 1163 2233 intrare
1188 2179 1217 2228 in

686 2274 800 2325 regnum
828 2258 975 2319 coelorum,
1006 2256 1059 2308 nisi
1089 2251 1219 2321 depositis

685 2331 804 2393 divitiis,
831 2331 874 2382 vel
894 2345 942 2396 per
970 2328 1146 2397 abjectionem
1175 2339 1218 2376 eas

686 2400 872 2468 relinquendo,
888 2400 932 2451 vel
948 2400 1043 2450 saltem
1058 2413 1104 2465 per
1124 2395 1217 2461 subje-

685 2473 802 2524 ctionem
821 2489 865 2524 eas
880 2489 935 2523 non
951 2471 1075 2523 amando.
1095 2469 1155 2528 Vel,
1172 2481 1219 2533 per

685 2545 828 2607 camelum,
842 2543 919 2608 cujus
939 2542 1051 2593 unicum
1075 2548 1101 2590 et
1124 2538 1219 2603 singu-

685 2615 740 2665 lare
754 2613 875 2663 officium
897 2623 937 2664 est
957 2626 1040 2662 onera
1055 2619 1170 2677 portare,
1189 2607 1219 2656 hi

685 2685 875 2751 intelliguntur
890 2684 938 2751 qui
957 2692 1126 2750 peccatorum
1143 2694 1215 2746 pon-

685 2760 748 2811 dere
760 2769 970 2826 praegravantur.
988 2756 1112 2809 Facilius
1126 2760 1168 2806 est
1182 2769 1220 2804 er-

686 2849 720 2899 go
739 2834 876 2896 camelum,
896 2833 922 2884 id
947 2842 987 2883 est
1006 2831 1126 2897 aliquem
1142 2827 1218 2880 valde

686 2915 860 2970 peccatorem,
884 2904 1005 2955 transire
1020 2916 1073 2970 per
1090 2901 1219 2968 foramen

686 2989 760 3038 acus,
785 2975 811 3025 id
830 2985 871 3025 est
887 2989 939 3043 per
957 2981 1061 3026 arctam
1080 2978 1107 3025 et
1125 2986 1219 3038 angu-

686 3051 756 3096 stam
775 3045 855 3107 viam,
871 3060 931 3112 quae
946 3045 1018 3096 ducii
1031 3045 1068 3096 ad
1081 3045 1170 3108 uitam,
1186 3066 1217 3078 -

686 3132 765 3185 quam
787 3117 896 3168 divitem
915 3119 1045 3187 cupidum
1066 3118 1171 3169 intrare
1188 3115 1215 3166 iu

686 3205 799 3257 regnum
815 3193 950 3258 coelorum,
969 3194 1034 3261 quia
1054 3192 1100 3242 ille
1114 3187 1219 3241 facilius

685 3279 701 3315 a
722 3264 842 3329 peccatis,
859 3282 941 3332 quam
962 3267 1012 3319 iste
1029 3281 1045 3317 a
1061 3262 1217 3316 divitiarum

687 3353 735 3403 spe
749 3338 863 3405 separari
880 3352 977 3406 potest.

695 3432 697 3437 ·
720 3424 734 3458 a
752 3411 889 3462 Avianius
909 3428 999 3463 sunau
1016 3423 1117 3461 suanus
1133 3405 1220 3454 Dour-

687 3495 747 3532 ttus.
764 3509 797 3517 -
813 3481 891 3541 Quod
906 3492 996 3534 autem
1013 3477 1124 3531 nomine
1146 3473 1219 3525 divi·

686 3551 785 3601 tiarum
810 3567 919 3604 avarum
945 3551 1131 3619 significasset,
1155 3545 1220 3597 hinc

688 3629 768 3686 patet,
783 3623 848 3687 quia
861 3623 996 3689 discipuli,
1011 3621 1105 3685 inopes
1118 3625 1146 3669 et
1158 3632 1220 3684 pau-

688 3705 773 3757 peres,
794 3693 837 3744 his
856 3694 958 3744 auditis
978 3701 1004 3744 et
1021 3692 1074 3757 jam
1095 3689 1221 3742 homini·

687 3763 739 3814 bus
765 3766 970 3831 compatientes,
998 3763 1148 3831 affectuque
1175 3777 1222 3814 ca-

687 3833 774 3885 ritatis
805 3836 920 3887 salutem
949 3836 1059 3887 illorum
1086 3837 1222 3893 zelantes,

688 3915 815 3971 quaerunt
827 3907 994 3970 admirando,
1007 3908 1124 3960 diceutes
1134 3926 1143 3959 :
1154 3904 1223 3968 Quis
