2632 4312
128 221 175 271 ou
191 213 479 285 uxuonrnnonu
490 213 538 265 no
554 212 775 273 suoueuouu
792 213 985 274 cuntsruu
1003 213 1081 264 ure.
1134 215 1172 265 rs

42 336 121 388 unde
142 333 330 386 amaran.-
351 348 365 379 t
389 331 442 392 out
462 329 580 381 noluerit
630 326 707 388 nans,
723 327 844 394 imagine
861 313 1005 380 srtnrntts‘
1025 317 1166 398 insignia

37 407 157 457 muniam
171 419 250 469 amin
260 403 367 453 salumn
367 401 477 466 facere,
479 400 576 466 perdet

10 492 16 509 ¹
36 492 107 528 eam.
138 477 171 526 lit
195 474 307 542 quidem
332 471 494 539 prudentius.
515 486 574 522 eam

10 545 15 578 ¹
33 547 128 612 perdis
143 557 174 596 ut
195 544 338 604 custodias,
353 558 437 610 quam
454 543 574 594 metudis

10 617 12 648 ¹
26 629 69 668 ⁴ut·
86 618 192 684 perdas.
208 616 282 677 Quid
295 615 342 666 hic
350 630 403 665 vos
416 613 508 664 dicitis
520 613 574 662 ob-

30 701 185 741 servatores
203 689 339 747 cibumm,
356 703 464 738 marum
488 686 575 752 negle

28 763 140 811 ctorest
154 760 329 825 Hippocrates
340 767 367 808 et
380 773 507 823 sequaces
516 757 574 821 ejus,

28 837 136 885 docent
154 833 257 883 animas
275 832 360 882 salvas
378 831 466 882 facete
478 831 508 880 in
522 830 573 880 hoc

27 907 151 970 mnndo;
167 904 293 955 Christus
317 913 343 954 et
363 904 423 968 eius
436 902 573 968 discipuli,

28 977 154 1042 perdere.
175 976 330 1036 Quemnam
350 988 399 1024 ros
416 989 451 1025 ex
463 972 572 1023 duobus

27 1048 112 1114 sequi
131 1049 292 1113 magistrum
304 1057 354 1098 aut
364 1062 472 1099 serrum
491 1045 573 1112 eligi-

26 1119 86 1169 tis?
108 1119 247 1184 Epicurus
271 1128 352 1184 atque
377 1117 571 1183 Hippocratae,

24 1191 100 1241 alter
115 1191 233 1255 corporis
246 1191 421 1255 uoluptatem,
434 1189 500 1239 alter
520 1188 572 1242 bo-

24 1275 97 1310 nam
129 1260 315 1310 habitudinem
344 1258 466 1325 ptaefert3
493 1272 571 1308 meus

27 1331 163 1396 Magister
175 1331 318 1397 utriusque
329 1330 370 1380 rei
383 1339 569 1394 contemptum

24 1403 171 1470 praedicat.
194 1404 266 1463 Quid
279 1404 353 1454 enim
369 1403 422 1454 tibi
435 1402 507 1454 aliud
522 1417 569 1452 so-

24 1475 94 1525 nuit
112 1491 173 1524 cum
189 1477 333 1525 clamatum
347 1484 387 1525 est
404 1491 411 1523 :
429 1474 482 1534 Qut
494 1478 570 1522 amat

21 1546 149 1596 marn
164 1561 256 1609 suam,
269 1546 366 1610 perdet
380 1544 460 1596 eam?
478 1544 569 1594 Perdet

20 1629 121 1670 autem
138 1619 215 1682 dixit,
231 1620 288 1670 sive
301 1619 435 1684 ponendo.
450 1627 481 1668 ut
494 1633 570 1668 mar-

22 1702 84 1758 tyr,
111 1692 168 1741 sive
188 1692 341 1757 affligendo,
371 1702 402 1741 ut
424 1691 567 1756 poenitens

24 1765 196 1827 Quanquam
210 1763 331 1828 martyrii
348 1778 436 1828 genus
444 1764 494 1825 sit,
510 1764 567 1829 spi-

24 1835 89 1884 ritu
110 1834 178 1883 facta
205 1835 293 1884 carnis
320 1836 495 1896 mortificare,
519 1835 567 1886 illo

28 1904 164 1953 nimirum
192 1920 249 1970 quo
278 1907 400 1957 membra
427 1907 568 1956 ceduntur

20 1977 119 2039 ferro;
138 1975 248 2026 horrore
266 1977 377 2042 quidem
397 1977 503 2038 mitius,
516 1978 567 2028 'sed

18 2046 205 2097 diuturnitate
239 2049 380 2100 molestius
415 2067 426 2099 ¹.
461 2067 476 2096 ι
508 2049 579 2100 htec'

21 2119 198 2170 Bernartius.

58 2205 79 2254 7
104 2189 218 2239 annuu
243 2207 388 2257 mannua
413 2207 564 2242 narreris-

20 2274 95 2317 nmr‚
122 2275 157 2309 ur
187 2277 332 2311 routarua
356 2277 503 2313 smunnuu.
534 2291 566 2300 -

20 2332 131 2382 Deinde
159 2334 230 2383 tollit
262 2335 413 2385 secundum
445 2335 565 2400 impedi-

23 2416 161 2465 mentum,
179 2407 253 2471 quod
267 2418 308 2457 est
327 2407 413 2458 nimia
432 2408 565 2473 cupiditas

23 2472 95 2525 lucri
122 2486 147 2524 et
169 2476 296 2526 desiderii
312 2478 422 2541 terreni,
442 2478 535 2528 dicens
555 2496 563 2529 ι

25 2545 102 2606 Quid
122 2547 191 2597 enim
205 2549 320 2613 prodest
335 2549 443 2611 homini,
460 2550 486 2600 εἰ
503 2549 566 2599 uui-

23 2635 135 2670 versum
159 2623 284 2672 mundum
304 2623 434 2684 lucrante,
456 2624 489 2674 de
509 2639 569 2703 quo·

23 2692 98 2742 nihil
116 2709 206 2744 secum
226 2696 346 2746 moriens
368 2706 473 2762 portare
487 2706 567 2762 pote·

21 2765 70 2824 rit,
81 2766 134 2816 nisi
149 2778 299 2834 peccatum;
313 2769 378 2828 imo,
391 2770 566 2834 quantoplus

19 2837 169 2902 acquisivit
183 2841 217 2889 de
230 2841 342 2899 mundo,
355 2851 429 2890 tanto
443 2842 503 2907 plus
518 2855 567 2891 ac-

20 2909 139 2976 quisivit
150 2913 183 2962 de
195 2913 314 2975 infern03
326 2914 399 2963 unde
413 2913 442 2963 in
456 2915 565 2979 Apoea-

19 2982 94 3048 lypsi
110 2983 207 3033 dicitur
223 3003 229 3034 :
246 2986 379 3046 Quantum
395 2985 565 3052 glorificavit

20 3067 53 3104 se
76 3058 105 3102 et
121 3052 147 3102 in
169 3055 273 3104 deliciis
287 3056 355 3120 suit,
378 3062 480 3106 tantum
502 3057 564 3106 date

21 3126 67 3177 illi
88 3132 245 3177 tormentum
258 3135 284 3178 et
295 3128 391 3178 luctum
397 3145 410 3190 ,·
420 3156 451 3166 -
466 3130 564 3180 onimae

21 3213 90 3248 vero
106 3213 164 3248 suu
175 3199 358 3249 detrimentum
368 3201 503 3265 patiatur,
516 3201 565 3250 sci·

21 3270 89 3319 licet
99 3271 249 3321 amittendo
265 3269 390 3337 gloriam,
401 3270 563 3321 incurrendo

22 3357 133 3408 poenam
154 3353 296 3403 aeternam,
316 3352 342 3393 et
356 3341 493 3408 perdendo
507 3342 564 3392 hu-

22 3429 134 3464 manam
144 3413 340 3466 substantiam?
351 3412 433 3474 Quasi
448 3413 562 3465 diceret:

21 3485 101 3554 Nihil
116 3486 229 3551 proficit,
241 3488 297 3538 imo
312 3495 359 3552 per
371 3485 435 3537 talia
444 3487 561 3536 multum

22 3555 121 3620 perdit,
137 3556 236 3607 scilicet
261 3557 289 3606 id
304 3557 376 3624 quod
390 3566 431 3607 est
450 3555 564 3607 immor·

21 3625 76 3675 tale
94 3636 121 3676 et
133 3627 257 3678 divinum
271 3628 299 3677 in
314 3643 361 3692 eo;
380 3637 407 3678 et
426 3627 487 3678 ideo
499 3627 561 3678 ani-

22 3711 77 3756 ma,
101 3712 160 3752 cum
191 3697 226 3747 sit
252 3697 429 3758 immortalis,
451 3713 560 3765 praepo-

22 3767 112 3817 nenda
133 3777 172 3817 est
190 3767 321 3818 omnibus
335 3767 561 3834 corruptibilibus

20 3846 49 3888 et
69 3836 250 3903 transitoriis;
273 3852 336 3890 nam
360 3836 452 3890 anima
474 3838 559 3892 ratio·

630 400 776 466 preciosior
804 411 846 453 est
873 401 975 452 cunctis
998 405 1110 454 terrenis
1139 417 1168 457 et

629 471 690 521 ideo
703 471 804 522 stultus
825 480 866 522 est
884 471 934 535 qui
947 472 1008 536 plus
1021 475 1164 538 pecuniam

627 556 710 607 quam
735 540 855 609 seipsum
881 540 985 607 diligit,
1006 545 1082 609 quod
1103 545 1167 598 facit

627 615 674 681 qui
687 628 796 682 propter
809 615 885 666 illam
897 617 1041 667 tormentis
1055 622 1171 672 aeternis

626 701 656 736 ω
669 686 792 752 exponit.
812 687 892 738 Unde
904 686 989 738 nimis
1005 689 1104 740 stultus
1123 702 1164 745 est

625 773 735 819 avarus,
753 759 810 809 ime
827 759 903 824 pejor
923 775 1005 824 quam
1028 761 1165 826 diabolus,

625 829 689 894 quia
705 845 801 880 avarus
815 830 877 895 plus
893 830 983 896 diligit
1004 847 1159 895 nummum,

625 917 709 968 quam
726 903 846 954 animam
866 918 944 954 suam
967 905 1008 954 vel
1028 905 1168 972 aliorum}

624 975 671 1024 sed
685 975 812 1026 diabolus
824 977 885 1042 plus
899 976 988 1042 diligit
1003 992 1087 1029 unam
1099 981 1162 1031 ani-

625 1061 708 1103 mam,
722 1061 806 1112 quam
820 1057 907 1096 totum
923 1047 1067 1099 mundum.
1083 1051 1164 1110 Qua·

624 1128 733 1183 propter
762 1119 832 1169 dixit
856 1118 966 1170 Christo
994 1136 1165 1186 presumens

622 1188 743 1254 decipere
756 1204 819 1239 eum
833 1206 841 1240 z
853 1189 925 1241 Hac
935 1191 1027 1240 omnia
1040 1192 1088 1243 tibi
1107 1195 1160 1244 da·

623 1260 666 1321 bo,
688 1261 795 1311 scilicet
809 1261 944 1311 tutandum
963 1259 1056 1323 istum,
1080 1265 1105 1314 si
1117 1280 1163 1316 ca·

621 1330 694 1391 dats,
707 1331 867 1381 adoraveris
883 1346 932 1382 me.
945 1332 978 1381 Et
992 1332 1063 1392 ideo,
1072 1344 1103 1384 ut
1115 1335 1164 1385 di-

620 1399 659 1450 cit
686 1401 829 1467 Origenes,
860 1401 969 1452 duobus
996 1403 1159 1468 propositis,

621 1471 710 1537 magis
726 1482 770 1522 est
792 1473 949 1539 eligendum
970 1484 1000 1522 ut
1024 1475 1160 1525 mundum

620 1543 773 1607 perdamus,
789 1553 817 1594 et
839 1544 975 1594 lucremur
988 1544 1091 1595 animas
1105 1563 1160 1596 no-

619 1623 700 1664 stras.
710 1615 788 1665 Unde
797 1615 990 1666 etAmbrosius
1003 1614 1041 1665 ait
1052 1633 1059 1665 :
1071 1635 1084 1662 u
1095 1617 1160 1667 Val-

619 1687 653 1735 de
673 1686 825 1736 timendum
843 1697 884 1737 est
901 1703 936 1737 ne
950 1699 1060 1753 propter
1070 1689 1157 1738 avari-

619 1756 684 1806 tiam
702 1757 838 1822 pecuniae,
850 1757 893 1808 vel
915 1768 1023 1823 propter
1036 1774 1158 1811 amorem

618 1829 735 1879 carnalis
769 1828 831 1879 vite
863 1828 978 1878 salutem
1004 1830 1158 1881 animarum

619 1915 739 1966 quarere
771 1900 961 1966 negligamus,
991 1901 1055 1966 quia
1087 1903 1157 1953 nihil

618 1975 726 2038 prodest
753 1973 900 2025 lucrificare
934 1974 1105 2040 temporalia,
1133 1977 1157 2027 si

617 2048 764 2112 perdantur
783 2057 926 2120 aeterna.»
946 2048 980 2097 Et
1000 2048 1046 2098 dat
1069 2049 1157 2117 Chry-

617 2125 752 2171 sostomus
768 2120 922 2186 exemplum
937 2137 946 2171 ι
963 2138 978 2166 a
988 2119 1017 2170 Si
1032 2136 1114 2187 egens
1126 2123 1155 2172 in

616 2191 725 2242 ultimis
746 2193 826 2243 malis
850 2192 955 2258 positus
977 2193 1082 2243 videres
1103 2210 1156 2244 ser·

615 2278 664 2324 vos
682 2263 710 2314 in
724 2264 835 2315 lascivia
847 2279 934 2330 agere,
959 2264 1032 2329 quod
1048 2264 1155 2314 lucrum

616 2333 763 2385 arinates
777 2345 804 2385 te
817 2349 912 2385 eorum
922 2334 1064 2384 dominum
1079 2336 1154 2386 esse?

616 2405 663 2455 Sie
674 2405 740 2471 quid
755 2405 874 2456 lucratur
886 2405 977 2456 anima
991 2416 1036 2456 tua
1046 2407 1156 2468 misera,

616 2493 699 2527 carne
710 2477 885 2537 lasciviente,
900 2477 923 2527 si
939 2477 1058 2528 futuram
1076 2479 1155 2528 dam-

618 2548 761 2598 nationem
785 2547 961 2613 exspectati»
984 2549 1036 2598 Sed
1049 2564 1160 2614 magna,

622 2619 691 2669 heu!
718 2619 802 2669 hodie
818 2619 924 2668 cacitas
944 2629 971 2669 et
989 2619 1107 2669 amentia
1128 2619 1156 2670 in

617 2690 779 2742 hominibus
804 2690 954 2756 repetitum
969 2691 1044 2756 quia,
1064 2707 1178 2753 secun-v

616 2764 684 2814 dum
708 2764 900 2830 augustinum,
923 2763 950 2812 si
974 2763 1039 2829 quis
1058 2780 1156 2830 argen-

616 2844 757 2885 tumauro
777 2833 920 2900 praeponit,
934 2833 1156 2886 dementissimus
1221 2882 1224 2889 ,
1307 2832 1311 2841 “

615 2907 768 2972 iudicatur3
782 2906 806 2958 si
819 2922 883 2957 vero
896 2921 993 2956 aurum
1005 2908 1061 2957 Deo
1082 2923 1155 2973 prte-

616 2978 702 3043 ponit,
712 2993 729 3028 a
737 2978 814 3028 nullo
827 2975 1043 3042 reprehenditur.
1058 2978 1154 3044 Expu-

617 3049 657 3098 nit
681 3049 762 3099 etiam
783 3047 941 3114 pradictum
962 3047 1070 3098 Domini
1093 3064 1154 3099 ver·

617 3121 681 3171 bum
707 3122 741 3172 de
763 3119 819 3172 illis
840 3120 890 3186 qai
912 3120 1016 3170 animas
1036 3121 1154 3172 aliorum

615 3195 714 3247 lucrari
733 3196 844 3255 volunt,
869 3204 899 3244 et
913 3209 975 3245 suas
999 3196 1149 3261 negligunt.

616 3267 693 3318 Unde
708 3267 922 3333 Chrytsostomus
940 3283 951 3316 .·
967 3284 981 3312 a
994 3266 1022 3316 si
1042 3267 1154 3317 alterius

615 3337 749 3388 sollicitus
765 3347 923 3388 contemnas
943 3347 979 3400 te,
1005 3337 1105 3387 similis
1121 3351 1153 3386 es

615 3410 654 3460 eis
675 3411 724 3476 qui
745 3410 854 3461 metalla
873 3409 984 3460 fodiunt
1008 3420 1034 3460 et
1058 3423 1154 3459 necan-

614 3490 669 3530 tur.
681 3491 695 3528 ›i'
707 3482 740 3532 Et
754 3481 819 3547 quia
833 3491 924 3546 posset
933 3480 1034 3546 aliquis
1043 3479 1153 3529 dicere:

615 3553 672 3603 Etsi
697 3552 818 3604 animam
846 3553 975 3618 perdam,
1005 3561 1094 3601 tamen
1118 3566 1152 3613 ex

614 3622 716 3673 multis
740 3637 801 3690 quae
836 3623 960 3673 hierabor
992 3637 1051 3672 cam
1078 3622 1152 3672 redi-

613 3713 697 3758 mam,
717 3695 902 3763 quodfalsum
919 3705 970 3756 est,
985 3694 1149 3762 subjungit:

613 3769 674 3818 Aut
691 3782 770 3833 quam
791 3766 1032 3830 commutationes,
1061 3765 1151 3817 idest

613 3839 839 3906 redemptionem,
853 3837 931 3888 datu
940 3836 1019 3889 tom
1026 3852 1080 3904 pro
1094 3838 1156 3889 oti--
