2632 4320
143 293 194 345 ¹74

139 397 167 446 in
178 394 298 446 oratione
319 393 446 460 patimur,
462 394 555 443 Jesurn
575 392 675 457 aliqua·

138 480 217 521 tenus
232 475 417 517 transeuntem
433 464 583 526 sentimus;
611 478 673 512 cum

139 556 203 591 vero
237 537 350 588 orationi
378 536 549 587 vehementer
575 534 675 586 insisti-

140 630 212 675 mus,
231 614 304 663 Deus
321 613 348 662 in
366 612 445 662 corde
464 611 565 677 figitur,
580 620 606 661 et
627 612 674 660 lux

140 690 241 742 amisso
253 697 399 753 reparatur.
417 687 456 736 Ex
473 702 530 752 qno
546 686 675 736 docemur

140 763 213 830 quod
232 762 255 811 si
280 761 308 809 in
333 758 455 809 oratione
476 759 566 825 primo
588 773 676 808 sense·

140 835 226 884 rimus
255 833 346 882 Jesum
377 846 427 880 nos
448 830 525 896 quasi
548 840 676 896 pertrans·

140 917 259 963 euntem,
286 910 347 968 post
375 900 515 966 paululum
545 901 676 951 instanter

139 984 345 1043 perseverantes,
366 971 513 1023 sentiemus
533 973 676 1023 nobiscum

140 1056 264 1098 stantem.
286 1045 434 1109 interrogat
454 1054 544 1095 autem
567 1059 675 1100 caecum,

140 1119 207 1186 quid
231 1117 305 1179 velit,
336 1126 366 1165 ut
393 1132 456 1167 eum
480 1117 513 1181 ad
543 1115 677 1166 orandum

140 1190 245 1248 excitet,
266 1188 330 1254 quia
345 1186 399 1252 peti
421 1189 479 1238 vult
498 1188 550 1238 hoc
565 1186 638 1252 quod
652 1195 678 1235 et

141 1276 191 1310 nos
217 1269 314 1324 petere,
338 1266 363 1306 et
388 1273 416 1307 se
441 1259 583 1308 concedere
607 1271 679 1320 prae-

142 1329 237 1381 noscit.
254 1327 319 1378 Pius
333 1328 407 1378 enim
424 1328 559 1377 Dominus
572 1341 621 1376 sua
635 1325 679 1374 do·

142 1417 176 1452 na
201 1398 325 1465 gratuita,
347 1408 438 1448 nostra
461 1398 519 1447 vult
544 1412 602 1447 esse
618 1410 679 1445 me-

143 1471 219 1532 rita;
255 1483 304 1518 nec
331 1468 389 1517 vult
420 1467 524 1517 bonum
555 1476 679 1516 nostrum

142 1540 258 1591 invitum
284 1546 310 1587 et
331 1548 466 1596 coactum,
493 1537 539 1587 sed
568 1544 679 1601 sponta-

143 1627 225 1661 neum
241 1619 267 1659 et
283 1608 483 1671 voluntarium;
503 1617 529 1658 et
541 1607 615 1672 quod
630 1622 679 1655 no-

143 1680 186 1731 bis
214 1689 310 1745 sponte
336 1678 464 1744 largitur,
492 1678 550 1728 vult
580 1675 681 1726 nostris

144 1752 320 1819 petitionibus
331 1751 457 1802 tribuere.
471 1751 504 1800 Et
514 1750 573 1800 ideo
586 1764 681 1815 quam·

142 1824 184 1874 vis
210 1823 275 1874 sciat
307 1822 373 1888 quid
397 1823 476 1872 nobis
501 1837 608 1872 necesse
629 1819 680 1879 sit,

143 1903 288 1959 antequam
305 1902 443 1957 petamus;
470 1892 624 1957 importune
639 1900 681 1939 ta-

143 1983 208 2018 men
223 1983 272 2016 nos
297 1967 330 2016 ad
352 1966 496 2031 petendum
519 1965 621 2024 invitat,
637 1964 682 2012 di-

144 2053 229 2088 cens:
251 2037 340 2086 Petite
359 2046 449 2086 autem
467 2041 494 2085 et
508 2035 616 2085 dabitur
632 2049 682 2084 vo-

145 2108 195 2170 bit,
209 2106 322 2172 quoeritc
332 2111 358 2156 et
373 2106 520 2168 invenietis,
534 2104 643 2169 pulsate
656 2110 683 2154 et

145 2177 284 2242 aperietur
300 2175 383 2225 vobit.
398 2176 429 2224 ln
445 2175 508 2224 caeci
523 2185 614 2224 autem
632 2188 681 2238 pe-

147 2246 243 2296 titione
262 2245 401 2304 discimus,
425 2244 489 2310 quia
511 2244 538 2292 in
561 2244 682 2294 oratione

145 2335 198 2369 non
215 2333 320 2380 aurum,
334 2333 389 2366 non
402 2327 553 2382 argentum,
570 2333 623 2367 non
636 2316 682 2366 fu-

142 2391 244 2459 gitivos
272 2391 399 2450 honoreS,
424 2406 480 2440 non
499 2390 682 2456 longiturnam

144 2464 238 2524 vitam,
258 2480 314 2514 non
328 2462 476 2514 vindictam
498 2462 682 2522 inimicorum,

147 2551 202 2586 non
218 2534 328 2601 aliquod
343 2534 504 2599 temporale;
526 2534 571 2584 sed
587 2533 684 2584 ineffa-

146 2609 200 2660 bile
220 2610 312 2658 lumen
333 2621 453 2673 quaerere
478 2606 616 2668 debemus,
633 2607 684 2655 hoc

145 2688 230 2729 estut
251 2679 340 2742 ipsum
360 2677 408 2742 qui
427 2675 560 2726 illuminat
582 2690 683 2725 onznem

146 2750 276 2801 hominem
304 2749 447 2799 venientem
470 2749 497 2797 in
519 2748 587 2798 ltunc
607 2764 684 2798 muu-

147 2825 210 2874 dum
233 2823 323 2873 videre
344 2822 489 2888 possimus,
517 2821 589 2884 juxta
611 2823 683 2888 quod

147 2895 206 2961 ipse
219 2894 355 2953 admonet,
373 2893 487 2943 dicens:
505 2892 624 2952 Quaeritc
640 2907 685 2943 re-

147 2981 232 3033 gnum
250 2965 304 3016 Dei
316 2970 342 3015 et
350 2964 487 3030 justitiam
504 2963 570 3030 ejus,
587 2970 613 3013 et
628 2964 686 3016 haec

147 3035 238 3086 omnia
264 3034 426 3100 adjicientur
445 3034 528 3085 vobit.
553 3034 594 3083 Ad
619 3034 684 3085 illud

148 3109 242 3159 lumen
276 3118 364 3158 autern
391 3108 539 3159 videndum
566 3107 685 3175 profecto

147 3179 192 3231 via
206 3178 272 3228 fides
287 3187 336 3237 est,
348 3179 413 3244 quia
426 3178 492 3230 fides
507 3192 569 3230 eum
581 3182 686 3230 salvum

149 3250 226 3313 fecit;
248 3249 341 3300 videns
356 3259 445 3300 autern
461 3251 603 3302 confestim
617 3267 686 3318 prae-

114 3378 118 3387 ¹
148 3332 256 3374 euntem
286 3320 379 3370 Jesum
413 3321 549 3387 sequitur,
576 3323 684 3388 quando

149 3395 212 3461 quis
228 3395 330 3444 bonum
345 3393 418 3459 quod
432 3393 568 3460 intelligit,
584 3395 685 3446 intuitu

146 3466 207 3531 ejus
238 3473 379 3530 operatur,
411 3473 438 3514 et
465 3480 527 3515 eum
555 3465 686 3519 imitatur.

150 3535 259 3594 Quanto
284 3550 348 3600 ergo
366 3534 489 3601 'quisque
510 3536 570 3600 plus
593 3551 608 3586 a
629 3536 685 3587 Deo

149 3605 329 3666 illuminatur,
351 3614 426 3655 tanto
449 3605 566 3672 amplius
584 3616 610 3656 et
630 3623 686 3673 per·

146 3676 245 3729 sectius
265 3677 393 3729 inbonis
415 3677 542 3744 operibus
565 3693 686 3731 exercere

147 3764 179 3801 se
202 3751 289 3814 debet,
312 3751 380 3801 sicut
401 3750 451 3802 iste
466 3766 558 3811 caecus,
580 3763 684 3819 recepto

150 3819 262 3884 lumine,
287 3838 343 3873 non
367 3822 442 3888 piger
466 3823 604 3887 remansit,
635 3840 684 3875 nec

148 3900 223 3946 retro
240 3894 328 3948 rediit.
342 3894 378 3947 Et
392 3894 437 3947 hic
451 3894 511 3947 talis
525 3911 578 3948 non
593 3897 684 3949 solum

419 275 594 327 SECUNDAE
608 273 734 325 PARTIS
750 275 868 329 CAPUT
890 280 974 331 XXll.

727 393 756 443 in
771 395 857 446 Deum
880 401 1003 467 proficit3
1027 406 1175 461 sedetiam
1197 415 1268 469 alios

726 464 760 513 ad
782 466 888 546 laudem
906 471 955 522 Dei
968 478 1103 533 accendit.
1119 482 1173 532 Ubi
1191 486 1265 538 Gre-

726 549 824 618 gorius
839 555 848 588 .·
865 558 879 586 a
901 541 929 591 Si
962 558 1035 609 ergo,
1059 547 1156 603 fratres
1178 555 1266 608 caris.

727 611 977 692 s1m1,·caecitatem,
997 617 1052 681 jam
1072 634 1173 676 nostrae
1185 643 1266 692 pere-

726 688 887 757 gnnatronrs
896 689 1094 754 cognoscimus,
1104 694 1126 744 si
1134 698 1266 749 credendo

728 763 757 830 tn
780 750 967 832 Redemptoris
995 763 1079 812 nostri
1105 768 1266 832 mysterium

729 831 804 900 Juxta
827 838 900 901 yram
924 827 1063 895 sedemus;
1090 835 1113 884 si
1130 839 1267 890 exorando

729 893 851 971 quotidie
873 894 907 944 ab
929 897 1045 950 Auctore
1068 914 1160 956 nostro
1175 908 1267 960 lumen

729 971 859 1026 petimus;
881 964 903 1013 si
924 969 1032 1020 tandem
1046 972 1133 1025 lucem
1151 977 1206 1041 jam
1221 995 1268 1046 per

729 1032 896 1084 intellectum
909 1036 1033 1103 videndo,
1047 1043 1194 1098 illuminati
1209 1060 1269 1114 post

730 1104 874 1155 casitatem
904 1125 1022 1176 sumus3
1057 1117 1161 1179 Jesum,
1184 1136 1267 1188 quern

731 1186 819 1226 mente
840 1180 985 1243 cernimus,
1011 1202 1090 1251 opere
1112 1205 1267 1257 sequamur.

731 1247 903 1330 Aspiciamus
925 1270 981 1319 quo
1004 1258 1134 1323 graditur,
1157 1272 1184 1313 et
1213 1264 1270 1329 ejus

732 1327 844 1383 vestigia
872 1322 1003 1375 imitando
1029 1337 1177 1382 teneamus.
1206 1333 1271 1384 Ecce

734 1404 794 1439 curn
815 1391 850 1441 sit
866 1393 1000 1447 Dominus
1014 1410 1040 1450 et
1060 1413 1164 1454 creator
1178 1406 1272 1472 Ange·

733 1460 836 1523 lorum,
864 1477 1036 1532 suscepturus
1063 1486 1187 1526 naturam
1221 1493 1271 1527 no·

734 1543 816 1616 stram
844 1537 872 1586 in
899 1550 1006 1592 uterum
1037 1545 1161 1612 Virginis
1188 1550 1270 1601 venit.

735 1605 813 1655 Nasct
831 1618 921 1659 tamen
940 1627 987 1676 per
1006 1613 1104 1666 divites
1117 1618 1207 1678 noluit
1224 1635 1272 1687 pa·

735 1687 832 1757 rentes,
849 1694 978 1745 pauperes
997 1685 1096 1750 elegit,
1122 1690 1272 1756 prosperari

735 1763 764 1798 tn
789 1751 891 1800 mundo
917 1754 1013 1815 noluit,
1037 1760 1192 1825 opprobria,
1209 1761 1272 1812 irri-

735 1818 880 1886 sionesque
897 1824 1030 1890 toleravit;
1053 1840 1141 1894 sputa,
1159 1830 1271 1900 flagella,

735 1891 834 1956 alapas,
860 1893 982 1958 spineam
997 1913 1135 1961 coronam,
1153 1917 1274 1953 crucem-

736 1980 789 2030 que
809 1966 947 2018 sustinuit.
970 1969 1002 2018 Et
1020 1970 1084 2036 quia
1098 1987 1191 2024 rerum
1206 1984 1274 2026 tem-

737 2038 870 2102 poralium
904 2039 1092 2102 delectatione,
1127 2059 1142 2094 a
1177 2045 1274 2112 gaudio

735 2117 835 2158 aeterno
848 2110 1002 2174 cecidimus,
1023 2128 1084 2162 cum
1100 2129 1154 2174 qua
1170 2114 1272 2167 amati-

734 2180 829 2230 tudine
841 2181 905 2230 illuc
919 2181 1048 2242 redeatur,
1063 2184 1190 2234 ostendit.
1204 2185 1275 2246 Quid

736 2251 826 2316 itaque
840 2251 923 2301 homo
949 2267 1044 2317 prose
1067 2253 1122 2318 pati
1149 2256 1237 2315 debet,
1250 2255 1273 2306 si

735 2331 808 2370 tanta
820 2322 892 2375 Deus
906 2337 955 2388 pro
968 2323 1129 2374 hominibus
1144 2326 1274 2391 pertulit?

736 2391 847 2442 Diverso
868 2393 969 2458 quippe
991 2394 1086 2445 itinere
1107 2394 1230 2447 ambulat
1252 2397 1275 2447 si

736 2463 832 2529 gaudia
850 2464 1091 2531 delectationesque
1109 2468 1222 2533 appetit,
1234 2469 1276 2519 cui

736 2534 791 2583 dux
808 2548 873 2583 suus
888 2533 960 2584 viam
973 2536 1164 2588 amaritudinis
1184 2550 1278 2589 osten-

736 2608 784 2658 dit.
800 2607 828 2657 Si
852 2622 917 2672 ergo
939 2607 1124 2659 retributionis
1146 2611 1276 2676 gaudium

737 2678 766 2727 in
781 2676 951 2743 perventione
970 2678 1126 2743 quaerimuS,
1149 2672 1278 2746 poeniten-

738 2747 782 2798 tioe
796 2747 1002 2797 amaritudinem
1020 2748 1048 2798 in
1065 2749 1108 2799 via
1125 2759 1276 2802 teneamus.

738 2819 782 2868 Sic
802 2819 893 2885 itaque
906 2819 945 2879 fit,
965 2830 994 2869 ut
1009 2837 1065 2871 non
1080 2822 1171 2872 solum
1187 2834 1277 2874 nostra

739 2890 767 2940 in
794 2890 881 2939 Deum
904 2889 959 2940 vita
983 2890 1119 2956 proficiat;
1145 2894 1193 2943 sed
1221 2894 1277 2944 baec

740 2964 797 3030 ipsa
821 2975 911 3013 nostra
936 2965 1102 3014 conversatio
1122 2967 1156 3015 ad
1172 2967 1276 3018 laudern

739 3035 788 3085 Dei
805 3045 831 3085 et
851 3035 918 3085 alios
938 3035 1084 3086 accendat:
1100 3055 1113 3083 n
1130 3036 1190 3088 haec
1207 3039 1277 3090 Gre-

740 3107 845 3172 gor-im.

784 3177 798 3228 5
817 3179 909 3228 Ennea
930 3193 1104 3230 rutuurnnrro
1127 3194 1273 3230 nuaconrcn

739 3266 863 3300 curemur
892 3266 1036 3300 erccnronr
1065 3266 1222 3301 araurem.
1247 3279 1275 3289 -

739 3323 801 3372 Haec
817 3320 898 3371 etiarn
914 3335 975 3386 quae
989 3321 1022 3370 de
1038 3335 1107 3371 caeco
1119 3321 1192 3372 dicta
1205 3330 1276 3379 sunt,

737 3392 770 3443 ad
794 3406 1018 3458 unumquemque
1040 3400 1208 3457 peccatorem
1229 3392 1276 3442 hoc

737 3467 825 3516 modo.
834 3465 926 3516 referri
939 3475 1061 3532 possunt.
1076 3464 1129 3524 Qui
1143 3464 1219 3516 enim
1233 3463 1277 3516 cri·

737 3538 837 3589 minale
845 3547 983 3604 peccatum
991 3535 1139 3588 committit
1149 3537 1178 3587 in
1190 3552 1277 3603 opere,

737 3623 820 3662 caecus
835 3618 876 3659 est
890 3608 920 3657 in
932 3617 1028 3659 mente.
1041 3607 1094 3657 Sed
1107 3605 1131 3657 si
1144 3606 1196 3658 iter
1208 3606 1277 3659 veri·

736 3679 799 3729 tatis
831 3678 936 3745 ingredi
967 3676 1077 3744 cupiens
1102 3692 1154 3743 pro
1181 3688 1278 3732 aetetna

736 3754 790 3805 vita
813 3753 923 3819 coeperit
945 3753 1070 3820 cogitare,
1092 3761 1120 3802 et
1138 3753 1172 3805 ad
1190 3753 1275 3804 Deum

737 3835 798 3893 post
822 3836 958 3892 peccatum
984 3824 1093 3885 flendo,
1116 3833 1145 3875 et
1169 3824 1276 3876 veniam

738 3897 853 3963 petendo
876 3895 978 3963 redire;
1002 3908 1079 3947 secus
1097 3894 1172 3946 viam
1197 3895 1280 3955 sedet,
