2632 4320
233 289 280 341 DE
295 288 464 341 SERMONE
483 292 529 342 ET
546 292 732 344 ORATIONE
755 294 882 346 DOMINI
899 254 935 347 IN
951 297 1066 350 COENA.
1154 315 1208 367 417
1251 299 1253 302 ’

96 415 162 466 ditis
180 415 300 480 compati
320 414 467 479 deberent;
490 425 574 477 sexta,
598 427 628 469 ut
681 427 736 462 non
762 413 905 477 amittitur,
916 432 964 466 nec
987 418 1085 469 amissa
1103 410 1202 471 iterum
1278 406 1281 413 ¹

96 503 171 540 error
197 487 387 538 haereticorum
408 487 626 554 confunderetur,
681 483 774 534 haberi
805 495 907 550 potest,
932 488 1008 551 cujus
1033 491 1197 542 contrarium

95 559 246 611 dicentium
252 559 326 625 quod
336 559 433 609 caritas
446 561 530 610 semel
537 560 629 610 habita
682 553 794 607 omnino
809 557 837 606 in
852 558 929 608 Petro
941 559 1038 624 patuit.

588 778 724 829 ORATIO

128 922 153 972 Ο
165 921 209 988 pie
222 923 294 980 Jesu,
307 921 355 987 qui
371 921 505 972 transiens
519 921 553 971 de
568 921 619 971 hoc
631 921 734 970 mundo
748 921 782 970 ad
798 915 909 978 Patrem,
925 929 1069 985 postquam
1080 922 1203 983 coenasti,

97 994 205 1058 Corpus
223 1002 301 1043 tuum
315 1003 342 1043 et
353 992 519 1058 Sanguinem
534 991 675 1057 discipulis
689 991 725 1041 ob
740 992 779 1042 tui
793 993 951 1043 memoriam
964 991 1072 1053 dedisti,
1085 1003 1112 1042 et
1126 993 1206 1046 nobis

96 1064 263 1117 sumendum
281 1065 424 1131 reliquisti,
445 1063 600 1131 placuitque
621 1063 671 1114 tibi
691 1072 723 1113 ut
750 1073 795 1114 tuo
812 1063 902 1114 refecti
925 1065 1053 1130 Corpore,
1067 1074 1093 1115 et
1116 1065 1200 1132 potati

96 1137 247 1203 Sanguine,
260 1152 380 1189 essemus
401 1153 432 1188 os
450 1138 483 1188 de
496 1137 604 1188 ossibus
617 1135 681 1196 tuis,
699 1145 725 1186 et
742 1150 802 1187 caro
832 1137 866 1187 de
882 1151 960 1188 carne
973 1147 1019 1188 tua
1028 1153 1036 1201 ;
1058 1148 1119 1204 peto
1133 1153 1206 1206 ergo,

98 1209 225 1269 Domine,
247 1217 273 1258 et
293 1208 404 1259 obsecro
434 1224 481 1274 per
504 1207 632 1258 virtutem
654 1207 736 1270 hujus
753 1206 897 1259 ineffabilis
917 1209 1088 1269 sacramenti,
1109 1218 1140 1260 ut
1162 1225 1207 1262 me

98 1281 215 1345 dignum
237 1278 318 1330 facias
342 1279 424 1345 gratia
446 1291 501 1341 tua,
527 1288 554 1330 et
570 1288 644 1330 tanta
658 1279 845 1344 redemptione
866 1296 921 1331 non
935 1279 1055 1345 sraudet;
1071 1291 1097 1332 et
1109 1281 1149 1333 fac
1163 1297 1207 1335 me

98 1350 166 1401 tanti
179 1349 300 1416 mysterii
316 1358 361 1400 tua
378 1349 550 1401 miseratione
562 1348 728 1416 participem,
745 1360 776 1402 ut
788 1367 835 1417 per
851 1352 1081 1418 participationem
1095 1354 1204 1406 veniam

98 1436 202 1473 merear
215 1430 385 1487 peccatorum
399 1430 527 1486 optatam,
542 1431 568 1473 et
582 1421 694 1488 gratiam
708 1423 865 1487 proficiendi
875 1424 904 1474 in
915 1423 976 1487 fide,
989 1441 1044 1491 spe,
1057 1435 1083 1476 et
1096 1425 1206 1477 caritate

99 1493 255 1560 percipiam,
270 1503 296 1544 et
307 1494 339 1545 ad
351 1493 446 1559 gaudia
459 1493 622 1556 sempiterna
636 1493 797 1561 pertingam.
813 1494 911 1545 Amen.

508 1928 675 2000 CAPUT
699 1929 799 1998 LVII

240 2153 292 2220 De
313 2173 469 2221 sermone
491 2161 525 2221 et
547 2153 708 2222 oratione
728 2153 876 2222 Domini
899 2154 935 2222 in
959 2175 1065 2224 coena.

382 2374 515 2436 loannis
536 2395 602 2457 cap.
633 2380 754 2458 14,15,
782 2324 870 2440 ff
896 2400 949 2463 17.

134 2633 143 2666 1
162 2615 222 2667 Cun
237 2631 302 2667 eosr
322 2616 397 2666 lunia
413 2630 552 2666 urscessuu
565 2631 629 2666 sert-

99 2701 136 2736 rto
148 2684 277 2737 unmrus?
293 2713 323 2723 -
337 2685 413 2736 Circa
426 2685 555 2751 quintum
570 2701 632 2736 vero

99 2759 132 2809 ad
149 2771 260 2807 omnem
278 2758 417 2808 cumulum
436 2758 632 2824 supereffluen-

99 2839 165 2892 tem,
189 2827 295 2878 attende
318 2828 369 2879 alia
391 2829 544 2880 dilectionis
563 2829 633 2881 insi·

100 2900 174 2966 gnia.
202 2900 264 2950 Post
290 2915 427 2967 egressum
450 2901 524 2951 enim
547 2902 632 2962 Judae,

100 2987 164 3022 cum
180 2970 281 3021 scilicet
292 2971 387 3022 mundi
399 2987 461 3022 cum
474 2973 633 3023 mundatore

100 3041 305 3104 remansissent,
326 3052 354 3092 et
379 3053 440 3108 post
460 3043 512 3093 alia
537 3058 633 3108 supra-

101 3116 191 3178 dicta,
221 3116 356 3166 Dominus
382 3118 458 3168 lesus
486 3117 633 3182 discipulos

100 3187 288 3251 consolando,
320 3187 384 3238 fecit
413 3188 452 3238 eis
481 3203 632 3239 sermonem

102 3257 326 3324 pulcherrimum,
339 3258 433 3325 ignitis
449 3258 558 3324 pienum
573 3274 632 3310 car-

102 3328 222 3381 bonibus
243 3330 394 3382 dulcedinis
415 3340 441 3381 et
454 3331 565 3393 amoris,
582 3332 634 3382 sci·

100 3401 164 3453 licet
172 3401 261 3453 verbis
269 3402 433 3453 dulcissimis
442 3403 474 3452 de
483 3402 544 3453 coeli
554 3403 634 3454 melle

102 3476 223 3538 mellitis,
238 3488 265 3527 et
277 3478 311 3528 de
323 3477 371 3528 Dei
388 3477 491 3529 lumine
509 3476 632 3527 lumino-

101 3547 149 3610 sis,
164 3561 246 3612 quern
260 3547 369 3613 scripsit
390 3547 506 3598 loannes
527 3547 641 3613 specie--

102 3617 163 3668 liter
176 3631 193 3668 a
206 3617 261 3668 Deo
277 3617 391 3668 dilectus
408 3625 434 3667 et
454 3616 498 3667 his
517 3625 632 3682 potatus.

102 3685 156 3738 Ubi
181 3685 324 3738 Anselmut
349 3704 358 3739 .·
386 3705 400 3734 ι(
425 3686 503 3736 Tunc
523 3686 633 3737 demum

102 3756 270 3808 divinissimi
285 3758 387 3824 eloquii
400 3755 536 3808 uberrima
551 3757 634 3807 inun-

103 3827 213 3879 datione
233 3838 382 3881 conventus
396 3826 442 3878 ille
455 3842 529 3879 sacer
542 3842 575 3878 ex
589 3841 635 3878 ore

103 3907 161 3963 tuo,
174 3898 300 3964 Domine,
316 3909 422 3965 potatus
433 3908 482 3950 est.
495 3897 635 3965 Siquidem

168 4016 238 4068 Vtra
252 4016 315 4069 lesu
327 4016 447 4078 Cnnrsrr,
464 4028 552 4066 nouus
567 4014 611 4067 Ill.

685 2626 827 2681 corruptus
856 2615 900 2666 ille
931 2623 990 2666 uter
1016 2615 1085 2666 foras
1113 2615 1214 2666 missus

685 2686 789 2750 fuerat,
815 2702 896 2752 quem
922 2687 1004 2750 hujus
1031 2684 1213 2751 limpidissimi

685 2757 800 2824 liquoris
831 2757 968 2809 infusione
1005 2757 1109 2808 sciebas
1138 2755 1213 2812 indi<

685 2846 780 2896 gnum.
798 2849 812 2878 u

716 2919 731 2952 a
747 2903 877 2954 Docsnurt
890 2918 942 2954 non
957 2918 1071 2953 runsmr
1082 2918 1116 2952 ue
1127 2917 1216 2953 nourr

685 2989 796 3024 rruauts.
811 3001 841 3037 ,-
854 2973 893 3023 Ex
907 2973 987 3037 hujus
1006 2984 1095 3024 autem
1110 2987 1214 3023 sermo-

684 3045 727 3096 nis
755 3055 847 3096 ornata
869 3060 898 3095 ac
922 3047 1072 3097 veneranda
1102 3056 1128 3096 et
1154 3042 1214 3096 utili

685 3114 884 3182 magnitudine,
907 3115 1030 3183 quinque
1059 3115 1213 3167 meditanda

685 3184 867 3251 principaliter
881 3199 996 3237 assume.
1013 3185 1135 3236 Primum
1149 3198 1213 3249 qua-

684 3257 745 3308 liter
754 3256 901 3322 praedicens
913 3256 1053 3322 discipulis
1066 3255 1214 3305 discessum

685 3344 776 3390 suum,
804 3328 935 3381 confortat
957 3330 1075 3380 eosdem.
1102 3327 1212 3378 Dicebat

687 3415 825 3466 namque:
840 3399 943 3463 Filioli,
971 3399 1058 3450 adhuc
1082 3397 1214 3449 modicum

685 3471 830 3536 vobiscum,
844 3469 872 3521 id
895 3479 936 3522 est
956 3470 1064 3521 modico
1083 3479 1213 3535 tempore,

686 3540 788 3593 scilicet
816 3557 902 3608 usque
928 3540 961 3591 ad
989 3538 1140 3605 captionem
1172 3537 1216 3588 vel

688 3622 811 3674 mortem,
831 3612 895 3679 quia
910 3619 975 3662 tunc
990 3609 1042 3660 suit
1055 3609 1094 3660 eis
1108 3608 1217 3659 subtra·
1294 3618 1297 3623 ·

687 3692 767 3747 ctus;
796 3683 857 3742 vel,
885 3680 1035 3732 secundum
1062 3677 1213 3744 quosdam,

688 3769 775 3821 usque
792 3751 824 3803 ad
839 3750 1034 3809 ascensionem,
1052 3747 1116 3814 quia
1129 3761 1216 3812 usque

688 3833 752 3876 tunc
770 3821 894 3888 apparuit
907 3820 948 3871 eis
963 3818 1144 3885 corporaliter.
1165 3815 1216 3868 Di-

688 3911 751 3950 cens
763 3904 863 3960 eutem,
875 3892 970 3962 filioli,
984 3890 1102 3973 ostendit
1114 3887 1216 3941 teneri·-

1061 4023 1095 4071 27
