2632 4320
144 264 193 314 DE
209 262 313 314 CAECO
330 258 553 312 ILLUMINATO
576 258 673 309 ANTE
697 257 900 309 INGRFsSUM
924 256 1083 308 JERICHO.
1127 257 1176 322 173

639 384 671 426 ut
691 384 822 425 aeternum
847 375 941 424 lumen
961 373 1081 440 recipiat,
1104 374 1178 440 juxta
1262 422 1266 431 .

639 443 711 495 viam
731 444 806 494 sedet
829 454 855 493 et
881 444 1025 495 mendicat.
1046 445 1178 513 Quisquis

48 382 136 433 lactus
145 390 188 432 est
198 379 302 431 occasio
313 376 480 445 glorificandi
489 376 587 435 Deum,

48 464 76 505 et
99 452 194 504 omnis
217 453 294 518 plebs
318 449 472 501 illuminata
488 457 539 508 eet,
557 457 588 498 ut

48 523 176 576 divinum
193 522 297 590 aliquid
317 522 347 571 in
363 521 474 571 Christo
486 534 589 586 coguo-

40 606 144 647 sceret.
161 615 176 642 n
190 595 269 646 Unde
289 594 433 660 sequitur:
447 592 487 642 Et
502 591 588 642 omnis

45 666 132 733 plebs,
160 670 191 715 ut
211 664 288 726 vidit,
311 663 386 714 dedii
399 662 506 712 laudan
519 661 586 722 Deo,

48 737 229 805 glorificando
256 736 323 787 facta
349 734 415 795 Dei,
443 743 588 800 congratu-

48 808 131 860 lando
149 806 262 858 utilitati
284 805 410 872 proximi.
435 805 493 855 Hoc
514 802 588 854 enim

50 879 101 930 sibi
118 879 220 930 retinet
239 877 375 928 Dominus
395 877 429 927 de
451 874 588 926 beneficiis

49 951 116 1015 suis,
146 950 250 1001 scilicet
273 949 396 1015 gloriam.
422 949 504 1015 Unde¹
526 947 587 998 ait:

49 1020 176 1074 Gloriam
206 1034 292 1070 meam
320 1019 401 1069 alteri
423 1033 476 1069 non
503 1017 589 1079 dabo,·

50 1092 129 1145 nobis
151 1100 242 1142 autem
263 1090 375 1156 reliquit
390 1090 542 1140 utilitatem.
556 1089 590 1139 Et

51 1173 120 1224 nota,
138 1162 289 1213 secundum
310 1161 447 1222 Glossam,
474 1170 589 1227 quatuor

51 1248 145 1284 catrsas
169 1232 251 1283 istius
264 1231 352 1282 laudis
367 1247 374 1280 ι
389 1231 476 1297 prima
488 1241 529 1281 est
541 1245 589 1296 pro

51 1303 223 1355 exauditione
240 1303 365 1354 clamoris
387 1303 465 1353 istius
488 1317 590 1368 paupe-

52 1378 101 1443 ris;
121 1378 250 1437 secunda,
268 1392 316 1443 pro
336 1377 457 1443 potentia
471 1386 499 1427 et
511 1375 591 1426 mise·

53 1448 167 1500 ricordia
198 1447 397 1509 illuminantis3
423 1447 510 1506 tertia,
541 1461 590 1511 pro

54 1518 194 1585 impetrato
229 1533 340 1568 munere
367 1516 451 1579 lucis;
480 1526 589 1582 quarta,
613 1560 622 1598 ζ

55 1604 99 1655 pro
120 1588 220 1639 merito
239 1586 301 1637 fidei
315 1588 373 1652 ejus
389 1587 437 1652 qui
451 1585 591 1636 illumina-

56 1671 95 1712 tus
108 1668 159 1712 est.
173 1661 326 1710 Secundum
340 1658 512 1725 Gregorium,
527 1659 591 1725 quia

58 1732 170 1783 carnales
190 1731 279 1781 adbuc
297 1730 433 1796 discipuli,
448 1746 503 1780 non
518 1731 591 1780 vale·

61 1802 120 1852 bant
134 1817 229 1868 capere
243 1802 324 1852 verba
337 1801 467 1868 mysterii,
484 1801 591 1852 venitur

63 1874 91 1925 ad
107 1868 282 1938 miraculum3
301 1886 364 1926 ante
381 1890 476 1925 eorum
497 1875 590 1924 oculos

63 1958 138 1996 eacus
158 1946 253 1995 lumen
276 1945 379 2011 recipit,
398 1955 429 1995 ut
447 1960 495 1996 eos
508 1945 541 1995 ad
554 1943 590 1994 fi-

64 2012 118 2064 dem
141 2014 260 2066 coelestia
287 2015 354 2065 facta
377 2015 532 2065 solidarent.
547 2015 589 2073 Et,

66 2086 201 2138 secundum
220 2086 404 2154 Theophilum,
420 2103 454 2137 ne
469 2086 590 2137 incessus

67 2152 162 2209 Domini
191 2168 260 2210 esset
286 2158 408 2220 inutilis,
440 2157 502 2209 fecit
528 2158 589 2209 caeci

69 2227 230 2291 miraculum,
239 2230 291 2280 hoc
306 2232 500 2281 documentum
513 2229 592 2281 disci·

70 2296 127 2359 pulis
147 2300 204 2351 suis
222 2300 300 2362 dans,
315 2300 388 2350 utin
404 2300 533 2351 omnibus
552 2299 592 2350 si-

70 2380 119 2418 mus
138 2369 263 2437 proficui,
283 2380 310 2420 et
329 2369 400 2420 nibil
417 2370 498 2420 nobis
517 2369 591 2420 otio-

70 2448 126 2489 lum.

93 2510 236 2573 4Mrsr1es
257 2527 322 2562 aaut
345 2527 519 2562 insomniato
542 2527 592 2561 ur:-

71 2591 120 2631 ¹m
133 2596 243 2632 ausano
256 2599 410 2632 araurem.
425 2611 455 2620 -
471 2582 592 2649 Mystice,

71 2652 205 2703 &undum
223 2652 397 2717 Gregorium,
412 2667 497 2703 caecus
507 2668 524 2703 a
535 2653 592 2703 Do·

71 2719 132 2772 nino
147 2722 329 2786 illuminatus,
343 2734 384 2773 est
398 2738 484 2789 genus
499 2723 593 2773 huma·

70 2803 131 2854 lum,
153 2794 227 2860 quod
250 2792 280 2844 in
304 2805 412 2860 parente
427 2794 516 2859 primo
536 2796 592 2845 cla-

69 2859 161 2914 ritatem
191 2880 316 2931 supernae
350 2866 421 2916 lucis
445 2867 591 2933 ignorans,

69 2931 238 2986 damnationis
256 2951 314 2987 sure
336 2937 460 2988 tenebras
482 2938 592 3003 accepit.

67 2999 159 3056 loieho
179 3018 272 3057 autem
296 3008 486 3073 interpretatur
511 3008 592 3071 lutto,

67 3090 117 3142 que
135 3080 200 3131 dum
222 3081 368 3132 menstruis
384 3082 532 3133 momentis
544 3082 593 3132 de-

65 3149 157 3211 crescit,
175 3149 313 3202 deiectum
331 3164 430 3204 nostra
446 3153 595 3203 mortalita-

64 3215 93 3267 lis
105 3219 237 3287 designat.
261 3222 333 3273 Cum
358 3223 441 3289 igitur
463 3223 595 3273 Conditor

64 3302 145 3343 noster
161 3294 364 3361 appropinquat
378 3294 495 3354 Jericbo,
508 3309 594 3346 caecus

62 3360 91 3411 ad
106 3364 198 3415 lumen
214 3364 595 3432 redi13quiadumdivinitas

61 3429 187 3485 defecurm
219 3445 319 3486 nostrae
345 3436 434 3486 carnis
458 3436 594 3502 suscepit,

11 3568 14 3574 Ι
60 3501 208 3557 humanum
228 3523 316 3574 genus
329 3507 422 3558 lumen
436 3508 509 3575 quod
523 3508 595 3559 ami-

60 3584 127 3627 serat
146 3576 256 3643 recepit.
273 3577 328 3638 Qui
340 3588 445 3629 aeternae
459 3578 528 3630 lucis
538 3580 594 3629 cla-

58 3645 163 3700 ritatem
181 3650 276 3710 nescit.
292 3666 378 3701 cacus
392 3661 447 3715 est;
460 3653 483 3703 si
503 3664 594 3704 autem

57 3715 110 3781 ism
132 3717 164 3768 in
185 3719 393 3785 Redemptorem
415 3722 518 3781 credit,
546 3722 594 3789 qui

56 3786 127 3839 dixit
143 3806 153 3841 ι
171 3788 238 3857 Ego
263 3805 324 3841 sum
341 3790 404 3856 ria,
435 3802 501 3854 etc..
521 3794 596 3859 juxta

55 3855 129 3912 riam
148 3859 240 3926 sedet;
255 3859 280 3912 si
293 3875 356 3913 rero
368 3861 451 3914 credit
465 3873 492 3915 et
503 3873 595 3916 exorat

640 529 704 581 ergo
713 513 839 564 crecitatis
850 530 906 564 sure
913 516 1036 565 tenebras
1047 518 1178 582 agnoscit,

640 585 768 652 quisquis
778 585 829 634 hoc
844 587 919 651 quod
930 585 982 636 sibi
994 585 1069 636 deest
1085 587 1178 639 lumen

640 655 798 707 aternitatis
828 655 967 721 intelligit,
997 658 1096 708 clamet
1120 675 1179 710 me·

641 725 724 777 dullis
756 725 857 784 cordis,
884 728 980 776 clamet
1006 737 1033 777 et
1068 729 1179 781 vocibus

641 797 706 859 oris,
729 798 824 848 dicens
838 815 845 848 :
861 800 935 860 Jesu,
948 799 995 863 fili
1009 800 1109 862 David,
1128 803 1179 853 mi·

641 884 731 921 serere
752 871 812 921 mei.
835 872 876 922 illi
900 881 991 921 autem
1011 872 1060 938 qui
1084 874 1176 925 iesum

640 941 795 992 venientem
822 943 991 1007 praecedunt,
1020 953 1047 993 et
1077 960 1179 995 caecum

642 1011 790 1076 increpant,
813 1012 955 1077 designant
967 1012 1114 1062 carnalium
1137 1016 1181 1066 de-

642 1082 806 1133 sideriorum
819 1084 920 1143 turbas,
936 1085 1123 1149 tumultusque
1141 1085 1181 1136 vi·

642 1151 754 1212 tiorum,
781 1168 843 1218 quae
865 1152 1024 1218 priusquam
1046 1154 1124 1204 lesus
1145 1155 1179 1206 ad

642 1238 689 1274 cor
715 1233 837 1274 nostrum
870 1223 968 1283 veniat,
992 1223 1180 1289 cogitationem

644 1301 764 1343 nostram
785 1293 926 1359 dissipant,
945 1303 971 1343 et
991 1310 1068 1345 voces
1092 1296 1181 1348 cordis

643 1363 672 1412 in
689 1362 810 1414 oratione
831 1365 996 1428 perturbant,
1008 1380 1043 1415 ne
1055 1365 1133 1416 lesus
1146 1367 1180 1417 ad

643 1448 690 1483 cor
723 1433 936 1484 illuminandum
961 1435 1075 1487 accedat.
1105 1436 1180 1488 Sicut

643 1506 718 1556 enim
741 1507 820 1557 turba
840 1522 942 1557 caecum
963 1507 1087 1573 impedit,
1099 1525 1134 1560 ne
1143 1511 1182 1561 lu·

644 1596 708 1631 men
728 1583 867 1646 corporale
889 1580 1013 1646 recipiat3
1041 1582 1080 1632 sic
1105 1583 1183 1649 spiri·

643 1652 751 1702 tualiter
773 1652 853 1700 turba
876 1652 1078 1716 phantasiarum
1096 1664 1122 1704 et
1142 1670 1183 1705 co-

642 1723 805 1790 gitationum
836 1721 990 1787 frequenter
1017 1724 1182 1790 impediunt,

644 1809 677 1844 ne
699 1793 792 1843 lumen
813 1793 905 1858 gratiae
923 1793 1060 1858 recipiant.
1082 1796 1132 1845 Sed
1152 1797 1181 1846 in

643 1880 675 1915 eo
692 1865 875 1930 quadremus,
897 1880 979 1930 quem
1001 1866 1081 1916 turba
1101 1866 1183 1918 incre·

643 1944 696 2001 pat,
731 1935 818 2000 magis
852 1936 960 1994 clamat,
991 1935 1071 1986 datur
1101 1937 1183 1988 nobis
1211 1990 1218 2005 ,

642 2008 796 2074 exemplum
806 2008 879 2073 quod
895 2019 997 2073 quanto
1013 2010 1089 2075 plura
1102 2010 1182 2061 nobis

642 2092 786 2133 occurrunt
797 2081 996 2146 impedimenta,
1009 2093 1085 2134 tanto
1096 2085 1183 2151 magis

643 2166 684 2208 est
698 2156 884 2214 clamandum,
903 2166 928 2207 et
949 2168 1050 2223 quanto
1064 2160 1180 2225 graviori

643 2228 763 2278 tumultu
791 2228 989 2294 cogitationum
1011 2230 1180 2296 premimur,

643 2309 716 2351 tanto
731 2299 845 2350 orationi
860 2301 989 2352 attentius
1006 2312 1046 2352 est
1061 2302 1184 2353 insisten-

644 2371 719 2421 dum.
739 2370 823 2422 Unde.
841 2371 1051 2437 Hieronymus:
1072 2391 1086 2420 ιι
1104 2373 1184 2424 Com·

645 2443 785 2493 minantur
798 2453 888 2492 autem
909 2443 989 2493 multi
1008 2444 1031 2494 ei
1047 2454 1077 2494 ut
1088 2454 1182 2506 taceat,

645 2513 709 2579 quia
738 2523 843 2578 peccata
865 2523 891 2562 et
917 2512 1051 2563 daemonia
1074 2530 1184 2580 compe·

645 2593 724 2634 scunt
743 2583 888 2632 clamorem
914 2583 1048 2647 pauperis.
1071 2584 1123 2634 Sed
1135 2584 1182 2635 ille

645 2653 733 2719 magis
753 2653 895 2710 clamabat,
918 2653 991 2718 quia,
1013 2664 1183 2719 gravescente

646 2725 726 2784 bello,
748 2739 846 2773 manus
860 2726 891 2773 ad
914 2723 1029 2788 lapidem
1045 2724 1182 2789 adjutorii,

645 2797 697 2846 hoc
729 2803 770 2846 est
792 2795 888 2845 iesum
914 2797 1091 2854 Nazarenum,
1123 2810 1185 2846 cum

645 2868 762 2918 clamore
780 2866 899 2917 levandae
925 2878 997 2917 sunt.
1018 2867 1130 2918 »Unde
1159 2879 1186 2920 et

646 2939 798 3006 Cyriiius:
822 2957 836 2983 «
862 2939 1041 3004 increpabant
1068 2954 1129 2990 eum
1157 2947 1186 2991 at

647 3015 764 3069 taceret5
789 3009 836 3058 sed
865 3024 913 3073 per
935 3009 1113 3061 inhibitiones
1138 3011 1187 3062 hu·

647 3079 765 3145 jusmodi
787 3095 842 3128 non
857 3079 1053 3145 impediebatur
1071 3083 1186 3148 ejusau-

647 3149 732 3201 dacia.
753 3149 835 3201 Novit
862 3151 935 3200 enim
962 3150 1029 3203 fides
1058 3153 1187 3204 omnibus

647 3235 807 3287 repugnare,
821 3231 847 3272 et
858 3222 883 3270 in
899 3222 993 3273 omnia
1001 3223 1184 3288 triumpbare;

647 3292 716 3342 utile
734 3302 775 3344 est
786 3293 861 3343 enim
882 3309 930 3359 pro
947 3295 1021 3345 cultu
1034 3294 1125 3344 divino
1139 3308 1187 3358 pu·
1212 3348 1217 3355 ,

649 3366 745 3417 dorem
768 3367 911 3432 deponere.
936 3386 950 3414 r
973 3369 1041 3419 Nam
1065 3368 1087 3418 si
1108 3381 1188 3417 causa

649 3437 775 3502 pecunias
790 3448 854 3488 sunt
867 3438 1037 3503 impudentes
1051 3435 1187 3497 nonnulii,

647 3523 732 3574 quare
750 3524 800 3575 pro
820 3509 920 3558 animae
942 3509 1027 3558 salute
1042 3523 1097 3557 non
1112 3507 1187 3558 decet

648 3581 749 3632 bonam
769 3582 881 3633 induere
907 3579 1120 3646 impudentiam?
1135 3580 1189 3631 Sed

648 3667 713 3702 cum
732 3667 817 3703 caecus
841 3653 929 3716 primo
953 3652 1086 3710 clamaret,
1111 3651 1189 3702 Jesus

647 3722 763 3774 transire
773 3723 886 3784 dicitur;
909 3737 970 3772 cum
989 3730 1079 3772 autem
1102 3724 1190 3775 multo

648 3794 736 3860 magis
747 3795 881 3851 clamaret,
908 3803 961 3844 stat
983 3794 1061 3844 lesus
1085 3810 1093 3845 e
1114 3795 1188 3863 quia,

649 3880 713 3917 curn
741 3865 831 3916 adhuc
847 3866 941 3916 turbas
968 3865 1189 3932 phantasmatum
