2632 4320
147 255 199 307 216

145 371 300 432 vindictam,
315 370 380 436 quia
393 369 495 421 Christi
516 368 587 419 filios
601 369 676 433 Apo-

145 446 230 496 stolos
253 442 382 510 persecuti
405 452 476 494 sunt.
506 444 569 495 Non
592 440 677 492 relin-

145 524 225 584 quenl
241 517 267 566 in
283 522 307 567 te
321 516 438 582 lapidem
449 530 531 581 super
551 514 676 581 lapidem,

146 589 248 640 scilicet
269 588 391 639 funditus
410 587 562 647 evertendo,
576 596 601 636 et
617 594 677 652 post

147 661 240 712 omnia
253 660 280 710 in
297 671 456 726 perpetuum
469 668 533 710 sunt
545 656 675 723 dispersi,

148 731 213 796 quia
234 732 377 783 noluerunt
395 732 446 781 sub
468 732 519 781 alis
533 727 634 780 Christi
649 728 677 777 in

148 803 201 854 fide
214 804 341 855 Ecclesiae
353 803 516 870 congregari.
531 801 582 853 Cui
596 801 678 852 etiam

149 888 182 924 ex
207 891 260 940 qua
287 876 365 940 culpa
389 874 471 926 fuerit
496 888 576 939 poena
589 873 677 932 allata,

150 945 344 1010 subjungitur:
359 946 403 996 Εο
417 945 488 1011 quod
503 959 554 996 non
574 958 678 1009 cogno-

149 1018 231 1081 veris,
246 1019 310 1084 quia
322 1018 424 1069 malitia
436 1027 462 1068 et
476 1015 578 1068 invidia
590 1031 679 1067 excae-

149 1099 234 1152 cante,
249 1104 408 1154 cognoscere
430 1087 553 1150 noluisti3
578 1094 679 1151 tempus

147 1158 312 1208 visitatitnis
326 1165 388 1220 tuoe,
408 1158 435 1208 id
457 1168 498 1208 est
514 1157 566 1208 mei
585 1157 680 1207 adven·

149 1239 194 1281 tus
215 1229 243 1279 in
270 1245 388 1292 carnem,
404 1229 466 1280 veni
484 1229 557 1279 enim
570 1228 679 1279 visurus

148 1309 175 1352 et
193 1301 341 1350 salvaturus
362 1310 396 1360 te,
409 1301 482 1367 quod
497 1299 519 1350 si
531 1313 678 1365 cognosce-

147 1385 199 1434 res,
227 1386 300 1421 esses
322 1380 412 1436 pacata
435 1368 573 1428 Romanis,
601 1378 626 1419 et
646 1369 678 1418 ab

148 1441 276 1492 omnibus
299 1452 387 1507 erepta
402 1441 536 1508 periculis.
560 1440 589 1490 Si
605 1439 678 1490 enim

147 1521 254 1576 tempus
273 1512 363 1577 gratiae
387 1513 413 1562 in
437 1513 551 1563 adventu
575 1510 678 1562 Christi

146 1581 232 1632 ludaei
248 1583 443 1649 cognovissent,
462 1583 571 1634 Christo
591 1581 679 1632 credi-

148 1651 260 1714 dissent,
276 1669 325 1704 nec
339 1655 503 1722 supradictas
516 1653 679 1704 calamitates

148 1724 358 1789 sustinuissent·,
382 1727 451 1777 sicut
473 1724 630 1790 omnesqui
650 1725 679 1774 in

149 1795 288 1847 Christum
303 1797 481 1862 crediderunt,
502 1806 566 1848 tunc
588 1811 680 1847 evase-

150 1876 222 1917 runt.

180 1954 199 2003 4
232 1940 339 1991 Crvrras
362 1941 514 1990 Ianusman
544 1955 680 1992 msansu

148 2025 313 2061 nunsoontco
326 2028 359 2061 nr
371 2027 478 2061 nonant.
488 2012 679 2062 —Secundum

149 2097 258 2133 sensum
270 2083 452 2148 allegoricum,
468 2082 560 2132 civitas
574 2082 632 2133 haec
640 2092 680 2132 est

148 2153 277 2213 Ecclesia,
296 2170 356 2219 quae
376 2164 496 2219 tempore
510 2154 679 2213 Antichristi,

149 2224 188 2274 sic
215 2225 413 2291 angustiabitur
441 2235 466 2275 et
486 2235 679 2290 prosternetur,

148 2293 221 2360 quod
235 2294 312 2359 pauci
326 2295 463 2344 audebunt
473 2311 501 2345 se
510 2294 679 2346 Christianos

147 2363 278 2414 confiteri.
296 2365 383 2424 Quam
397 2365 543 2416 Ecclesiam
553 2365 679 2417 Christus

147 2434 246 2499 visitat,
268 2437 486 2502 quandocunque
518 2437 548 2486 ad
576 2436 678 2488 bonum

147 2521 206 2558 eam
217 2507 322 2568 excitat,
334 2509 379 2558 sed
390 2506 511 2558 Ecclesia
523 2523 571 2573 pro
585 2509 679 2574 majori

148 2589 222 2645 parte
237 2597 292 2631 non
309 2580 448 2646 cognoscit
468 2581 519 2630 hoc
539 2597 601 2632 cum
613 2582 679 2632 effe—

148 2659 206 2714 ctu3
221 2661 329 2717 propter
345 2653 418 2718 quod
437 2652 597 2703 Antichristi
619 2669 681 2719 per-

148 2721 250 2772 secutio
267 2737 347 2787 super
361 2737 420 2772 eam
434 2722 516 2781 venit,
535 2722 568 2772 ad
580 2739 680 2790 purga-

149 2790 251 2841 tionem
264 2793 418 2851 electorum,
438 2801 463 2841 et
479 2792 680 2844 damnationem

148 2863 336 2927 reproborum.
358 2862 510 2913 Secundum
534 2877 597 2912 vero
617 2880 680 2914 sen-

148 2946 210 2982 sum
220 2934 359 2993 moralem,
374 2933 425 2983 ista
434 2932 526 2984 civitas
539 2942 579 2984 est
592 2935 681 2986 anima

147 3002 304 3066 peccatoris,
317 3018 398 3068 super
409 3018 491 3068 quam
501 3002 546 3055 flet
556 3002 681 3056 Christus

148 3072 213 3123 fletu
227 3073 430 3138 compassionis.
443 3074 472 3124 Si
486 3089 549 3125 vero
562 3075 681 3126 conside·

148 3154 217 3194 taret
237 3143 327 3193 anima
349 3153 449 3193 statum
466 3159 521 3194 suae
538 3144 631 3211 culpae,
654 3156 680 3197 et

147 3229 231 3281 quem
251 3222 352 3263 statum
373 3229 512 3279 poenarum
538 3213 566 3264 in
588 3215 680 3266 futuro

147 3297 299 3354 exspectet,
327 3286 385 3352 ipsa
409 3301 470 3336 cum
493 3286 603 3337 Christo
635 3303 680 3338 se·

146 3360 290 3426 metipsam
305 3359 449 3424 plangeret.
463 3359 515 3408 Sed
525 3359 625 3422 peccati
638 3358 681 3408 de-

145 3430 253 3482 lectatio
290 3428 361 3480 tollit
398 3428 494 3478 mortis
532 3429 679 3495 repentinae

146 3501 401 3563 considerationem,
414 3497 529 3549 districti
545 3497 637 3562 judicii
649 3498 680 3549 ti·

146 3588 261 3634 morem,
274 3583 299 3622 et
313 3586 453 3638 poenarum
471 3568 569 3619 inferni
583 3569 679 3620 anxie-

145 3653 236 3696 tatem.
258 3645 325 3704 Quae
348 3644 468 3695 vallatur
492 3641 520 3692 in
543 3651 638 3701 morte,
654 3651 679 3692 et

146 3717 348 3781 angustiabitur
362 3731 378 3765 a
392 3713 532 3781 spiritibus
542 3711 677 3778 malignis,

146 3796 177 3835 ut
202 3787 329 3839 evadendi
355 3787 459 3838 aditum
481 3783 600 3835 invenire
624 3799 679 3834 non

147 3858 245 3924 possit3
271 3871 297 3910 et
317 3859 375 3925 ejus
387 3859 447 3925 filii
464 3861 678 3925 prosternentur,

398 252 572 307 SECUNDAE
588 247 712 300 PARTIS
729 247 846 299 CAPUT
861 246 980 297 XXVIII.

730 364 758 414 id
776 365 817 414 est
832 361 1007 428 cogitatIones
1020 361 1123 428 quibus
1144 364 1264 428 promit-

730 433 821 484 tebant
833 431 886 483 sibi
902 433 1008 498 longam
1029 431 1123 492 vitam,
1135 431 1263 495 honores,

731 501 848 562 divitias,
868 511 894 551 et
911 501 1067 566 hujusmodi
1082 500 1263 568 frustrantur;

731 583 758 624 et
774 587 825 623 non
838 572 1001 637 relinquetur
1015 571 1083 623 inea
1097 572 1168 640 lapis
1182 587 1265 640 super

733 642 857 710 lapidem,
872 642 936 708 quia
948 641 1039 692 omnis
1051 643 1085 692 ab
1098 642 1144 693 illa
1160 645 1264 710 cogita-

732 713 839 764 tionum
851 728 960 763 suarum
972 713 1134 765 constructio
1149 715 1265 782 dissipa-

733 784 815 844 bitur,
829 797 860 834 eo
875 784 945 850 quod
958 799 1010 834 non
1025 785 1185 851 cognoverit
1200 793 1264 837 tem-

729 869 783 921 pus
800 854 963 906 visitationis
977 868 1042 918 sna,
1055 870 1117 905 cum
1131 856 1265 907 Dominus

733 941 792 976 eam
807 926 931 976 invitaret
945 925 977 975 ad
990 926 1208 978 emendationem
1221 927 1263 978 vi-

733 1008 776 1049 tae.
803 999 889 1058 Unde,
916 997 1062 1048 secundum
1080 997 1264 1064 Gr'egorium,

733 1072 806 1138 quod
817 1072 890 1137 iuxta
910 1070 1051 1121 historiam
1067 1071 1202 1123 Dominus
1220 1088 1265 1124 se·
1299 1084 1302 1091 '

734 1141 787 1191 mel
812 1141 875 1207 egit,
900 1141 950 1191 hoc
969 1140 1090 1207 quotidie
1106 1157 1154 1207 per
1168 1144 1267 1195 electos

732 1227 796 1264 suos
810 1211 838 1262 in
853 1212 973 1262 Ecclesia
982 1212 1038 1279 agit
1052 1229 1058 1262 :
1074 1214 1178 1279 plangit
1187 1215 1262 1265 enirn

733 1288 862 1353 reprobos
871 1287 918 1359 qui
932 1288 1055 1338 nesciunt
1073 1303 1120 1338 cur
1133 1289 1266 1356 plangan-

733 1368 786 1421 tur,
803 1359 849 1409 sed
862 1357 890 1408 in
905 1358 984 1408 malis
997 1359 1132 1409 exsultant
1143 1370 1170 1410 et
1180 1360 1267 1411 laetan-

733 1440 791 1494 tur;
819 1429 866 1497 qui
890 1429 912 1480 si
941 1430 1144 1481 damnationem
1168 1447 1265 1495 suam,

733 1516 794 1568 quae
810 1501 849 1552 eis
868 1500 1000 1561 imminet,
1022 1501 1210 1567 praeviderent,
1222 1519 1267 1554 se-

734 1574 863 1641 metipsos
887 1590 949 1624 curn
969 1575 1097 1641 lacrymis
1119 1577 1266 1628 electorum

734 1649 899 1715 plangerent,
914 1649 962 1715 qui
986 1648 1013 1698 in
1028 1652 1203 1714 perversitate
1219 1667 1267 1702 sua

734 1719 803 1769 diem
826 1733 903 1769 snam
930 1718 972 1769 hic
993 1718 1092 1782 natent,
1108 1734 1168 1771 cum
1186 1735 1266 1788 paee,

734 1789 798 1856 quia
807 1788 961 1848 transitorio
971 1789 1087 1855 gaudent
1097 1791 1126 1849 In
1137 1801 1267 1858 tempore,

733 1872 759 1912 et
779 1863 853 1912 nulla
875 1870 995 1912 venturae
1019 1877 1105 1927 poenae
1134 1873 1268 1915 terrentur

734 1931 888 1982 formidine.
903 1929 1040 1996 Supplicia
1049 1941 1141 1982 autem
1155 1949 1268 2001 sequen-

734 2004 780 2068 tia,
798 2019 867 2054 nunc
879 2004 917 2054 ad
933 2003 1026 2054 oculos
1042 2017 1133 2055 eorum
1151 2005 1267 2059 abscon-

734 2075 792 2125 dita
804 2080 866 2124 sunt
872 2091 882 2138 ,·
900 2073 965 2140 quia
977 2073 1079 2139 futura;
1094 2090 1157 2141 quae
1167 2085 1268 2143 tempo·

733 2146 1113 2212 ralemlaetitiamperturbant,
1122 2148 1268 2213 praevidere

733 2219 880 2286 refugiunt.
897 2220 974 2270 Unde
988 2230 1014 2270 et
1027 2221 1050 2270 si
1067 2236 1121 2286 qua
1141 2231 1185 2273 est
1204 2238 1267 2289 prae·

733 2294 818 2344 sentis
829 2292 968 2358 temporis,
989 2293 1026 2345 ita
1038 2304 1078 2345 est
1097 2296 1203 2361 agenda
1218 2298 1266 2347 Iae-

733 2365 800 2425 titia,
825 2374 855 2415 ut
879 2381 1021 2432 nunquam
1045 2366 1198 2419 amaritudo
1222 2384 1266 2420 se-

734 2435 843 2503 quentis
863 2435 955 2501 judicii
975 2437 1078 2487 recedat
1098 2439 1266 2490 amemoria.

740 2507 850 2556 Venient
862 2511 951 2556 autem
970 2506 1037 2570 diet,
1052 2508 1161 2573 quando
1176 2510 1208 2561 ad
1222 2511 1267 2561 ul-

733 2578 838 2628 tionem
852 2588 879 2628 et
900 2579 1031 2644 supplicia
1050 2581 1194 2642 ducentur,
1205 2583 1267 2648 qnia

734 2667 786 2703 non
809 2658 992 2718 cognoverunt
1014 2659 1118 2717 ternpus
1138 2655 1259 2707 visitatio

735 2723 777 2773 nis
797 2737 862 2773 sua.
885 2724 1038 2774 Perversam
1054 2723 1129 2774 enim
1147 2725 1266 2777 animam

734 2792 806 2843 Deus
819 2784 909 2843 visit'at
925 2793 1047 2860 quotidie
1061 2806 1203 2861 praecepto,
1215 2794 1269 2846 ali-

734 2864 843 2929 quando
857 2863 971 2930 flagello,
987 2865 1134 2931 aliquando
1147 2882 1211 2917 vero
1222 2867 1270 2918 mi·

734 2935 836 2997 raculo;
860 2945 891 2986 ut
909 2947 936 2985 et
957 2951 1018 2987 vera
1037 2952 1099 3002 quae
1123 2937 1268 2998 nesciebat,

733 3004 841 3066 audiat,
870 3016 896 3056 et
918 3016 964 3057 aut
991 3006 1084 3056 dolore
1107 3019 1268 3075 compuncta

734 3076 832 3140 redeat,
856 3085 901 3126 aut
922 3076 1059 3128 beneficiis
1078 3077 1194 3141 devicta,
1211 3095 1270 3130 ma-

733 3148 791 3198 lum
805 3148 878 3214 quod
893 3147 955 3199 fecit
968 3150 1117 3201 erubescat.
1137 3150 1190 3201 Sed
1205 3151 1270 3218 quia

734 3218 894 3283 superbiens
907 3218 1065 3279 contemnit,
1088 3229 1113 3269 et
1136 3219 1270 3271 visitatio-

734 3286 776 3337 nis
791 3302 846 3337 suae
860 3298 967 3353 tempus
982 3304 1037 3338 non
1052 3289 1203 3355 cognoscit,
1216 3289 1271 3341 illis

734 3355 762 3406 in
784 3367 904 3407 extremo
919 3357 980 3408 vitre
1002 3357 1123 3409 inimicis
1144 3358 1270 3420 traditur,

734 3445 796 3479 curn
812 3430 913 3495 quibus
927 3430 956 3480 in
969 3439 1069 3481 aeterno
1085 3431 1187 3497 judicio
1199 3433 1273 3483 dam·

734 3499 852 3550 nationis
866 3509 1002 3566 perpetuae
1016 3500 1145 3552 societate
1162 3502 1274 3569 colliga·

733 3579 796 3634 tur;
822 3573 895 3621 unde
919 3571 1092 3638 cogitandum
1117 3573 1197 3624 valde
1223 3582 1271 3633 est,

733 3654 867 3710 quantum
884 3645 935 3696 erit
949 3645 1028 3711 nobis
1051 3645 1182 3698 terribilis
1206 3646 1273 3697 hora

733 3725 831 3765 nostrae
843 3716 1017 3767 resolutionis
1030 3715 1094 3782 :qui
1104 3731 1189 3783 pavor
1199 3732 1273 3768 men·

733 3785 783 3836 tis!
800 3796 900 3852 quanta
913 3797 978 3838 tunc
991 3786 1118 3838 omnium
1134 3788 1271 3839 malorum

734 3856 876 3907 memoria!
895 3873 955 3923 quae
969 3857 1071 3908 oblivio
1085 3867 1228 3911 tranmctae
1237 3857 1273 3910 ie·
