2632 4320
190 273 237 323 DE
255 269 519 322 VENTILATIONE
534 266 640 317 AREAE
657 266 691 315 ΙΝ
707 267 879 317 EXTREMO
900 264 1042 316 JUDlClO.

63 400 211 442 servatores
239 387 392 454 praemiare;
426 386 498 453 quod
532 395 597 434 tunc

61 463 202 530 apparebit
240 460 390 511 manifeste.
426 461 504 510 Tunc
542 473 597 506 non

62 543 166 599 quaeret
180 532 283 581 Pilatus
299 548 305 580 :
321 530 400 596 Ergo
421 544 474 579 rex
495 541 523 578 es
544 525 598 577 tu?

62 605 142 653 Tunc
161 618 216 652 non
233 601 324 651 dicent
337 600 422 650 Judaei
437 617 444 650 ι
462 600 525 650 Non
545 597 597 647 ha-

63 675 153 726 bemus
174 687 266 740 regern
279 672 333 723 nisi
348 673 492 722 Caesarem.
514 669 596 728 Dicet,

62 745 194 810 inquam,
219 743 282 793 ‘Rex
312 759 318 792 ι
347 741 445 802 Venite,
469 738 598 789 benedicti

63 815 160 865 Patris
174 812 233 875 mei,
250 813 331 862 idest
346 827 361 862 a
377 813 451 861 Patre
466 826 535 870 meo,
549 809 596 875 qui

61 899 78 936 a
92 885 171 934 Patre
186 882 399 933 benedictionem
414 880 506 947 gratiae
520 894 595 930 acce·

62 954 155 1021 pistis;
172 954 237 1020 quia
258 968 313 1003 non
329 951 381 1001 nisi
400 949 531 1001 benedicti
547 947 598 1014 pri·

63 1043 108 1077 mo
129 1042 177 1092 per
198 1024 309 1091 gratiam
335 1033 362 1073 et
382 1023 526 1080 meritum,
546 1036 597 1070 vo-

64 1107 158 1149 cantur
185 1097 217 1147 ad
248 1095 440 1146 beatitudinem
469 1105 595 1144 aeternam

63 1177 88 1218 et
111 1167 263 1233 praemium,
288 1181 342 1214 non
363 1165 408 1215 dat
429 1164 501 1214 enim
524 1163 596 1213 Deus

62 1253 154 1305 pacem
177 1235 342 1294 aeternitatis,
365 1234 417 1285 nisi
443 1249 523 1301 supra
546 1248 595 1299 pa-

62 1325 119 1360 cem
141 1307 268 1375 pcctoris;
292 1308 343 1368 vel,
366 1307 515 1357 secundum
534 1307 596 1357 Ra-

63 1384 169 1444 banum,
190 1380 317 1431 dicuntur
339 1380 475 1443 benedicti,
497 1378 596 1444 quibus

62 1469 111 1518 pro
136 1451 217 1502 bonis
242 1450 346 1501 meritis
368 1451 479 1499 debetur
501 1458 597 1498 aeterna

62 1521 234 1573 benedictio:
251 1520 400 1582 Possidete,
417 1529 443 1569 et
461 1517 596 1569 aeternali-

63 1603 101 1643 ter
122 1600 218 1652 tenete,
239 1597 367 1655 paratum
387 1589 461 1640 vobis
484 1603 597 1654 regnum

62 1663 199 1723 coelorum,
215 1662 304 1711 locum
325 1669 489 1724 sanctorum,
502 1674 520 1709 α
534 1673 597 1710 con-

62 1735 202 1787 stitutione
225 1733 325 1784 mundi.
351 1733 403 1784 Ubi
428 1733 596 1800 Cluysosto-

59 1816 122 1856 ‘mus
135 1823 144 1856 .·
158 1823 172 1851 ι(
188 1805 340 1870 Antequam
358 1802 431 1853 enim
446 1817 494 1851 vos
508 1816 598 1851 nasce-

62 1875 171 1937 remini,
195 1876 249 1936 ait,
271 1876 328 1926 lraec
350 1875 427 1925 vobis
452 1883 597 1940 praeparata

62 1959 128 2000 sunt
150 1958 177 1999 et
202 1958 359 2014 praeraptam,
384 1947 447 2012 quia
469 1946 523 1997 vidi
548 1961 597 1995 vos

62 2021 129 2071 tales
149 2019 264 2070 futuros.
289 2037 302 2065 n
328 2018 481 2068 Secundum
505 2017 596 2068 Remi-

62 2091 139 2155 gium
161 2107 169 2139 .-
191 2107 205 2136 «
224 2089 281 2138 Rex
300 2104 394 2155 regum
410 2087 470 2139 sine
484 2087 596 2153 strepitu

63 2161 207 2212 verborum
228 2161 366 2226 loquetur,
392 2160 419 2209 id
442 2169 482 2209 est
507 2158 597 2209 mani-

63 2232 171 2284 festabit
191 2232 368 2282 conscientias
384 2242 410 2282 et
431 2232 535 2291 merita,
552 2231 596 2281 di-

63 2313 159 2369 cetque
185 2317 231 2368 per
264 2302 434 2352 collationem
470 2302 561 2367 gloriae
589 2318 595 2351 :

68 2374 176 2438 Venite,
195 2373 318 2440 beneficio
343 2374 439 2424 Patris
460 2375 510 2424 mei
532 2388 598 2440 pro-

64 2448 130 2498 moti
144 2448 179 2498 ad
197 2447 374 2498 obtinendum
392 2462 507 2512 regnum
525 2447 597 2507 vitae,

64 2517 286 2584 praedestinatum
315 2518 389 2569 vobis
417 2533 434 2568 α
467 2517 598 2569 constitu-

64 2590 135 2643 tione
147 2589 240 2639 mundi
252 2607 261 2640 :
274 2608 287 2636 u
299 2589 355 2640 haec
367 2589 519 2654 Remigius.
530 2589 598 2637 Ante

65 2659 160 2711 mundi
173 2659 392 2710 constitutionem
403 2669 524 2726 paratum
536 2657 597 2718 fuit,

64 2746 109 2796 per
130 2730 438 2796 praedestinationem3a
462 2729 596 2780 constitu-

64 2802 138 2852 tione
159 2801 267 2862 mundi,
291 2817 338 2866 per
360 2801 539 2863 creationem;
563 2799 596 2850 ab

63 2876 231 2936 ascensione,
251 2892 299 2942 per
320 2875 524 2942 apparitionem.
547 2876 598 2925 At-

63 2948 143 2999 tende
156 2945 202 2996 hic
215 2946 400 2997 dulcissimam
413 2945 598 2996 invitationem

61 3017 187 3080 Domini,
196 3033 258 3067 cum
270 3017 351 3067 dicit:
361 3016 458 3078 Venite,
472 3017 600 3067 benedicti

61 3089 162 3140 Patris
179 3088 238 3138 mei.
254 3088 278 3137 O
293 3103 374 3154 quam
386 3086 478 3137 felices
491 3096 518 3136 et
529 3087 598 3137 beati

61 3161 109 3228 qui
134 3159 187 3209 hoc
206 3159 286 3208 dulce'
307 3158 491 3208 invitatorium
514 3159 547 3208 ad
571 3174 600 3209 se

61 3231 197 3280 directum
226 3229 372 3279 meruerint
398 3229 505 3287 audire,
532 3239 558 3278 et
584 3244 599 3279 a

61 3300 185 3351 Domino
205 3298 310 3349 invitati
329 3314 442 3365 regnum
456 3301 513 3365 ejus
536 3315 600 3366 per-

61 3369 168 3438 cipere!
182 3370 394 3436 Frequentemus
409 3385 471 3436 ergo
488 3386 560 3420 nunc
574 3380 600 3421 et

61 3450 206 3492 cantemus
221 3439 315 3490 devote
336 3439 522 3490 invitatorium
546 3441 599 3490 Ec-

61 3510 162 3568 clesiae‚
177 3509 310 3560 dicentes:
324 3510 420 3572 Venite,
435 3510 600 3561 exsultemus

63 3582 192 3642 Domino,
217 3590 247 3631 ut
265 3591 329 3631 tunc
348 3596 409 3631 cum
432 3582 521 3632 electis
539 3597 600 3632 me-

63 3667 175 3705 reamur
185 3651 278 3702 audire
287 3651 469 3703 invitatorium
481 3652 600 3713 Domini,

65 3735 91 3776 et
106 3738 222 3791 regnare
236 3721 293 3773 sine
307 3720 360 3773 fine
374 3739 436 3773 cum
450 3738 490 3774 eo.

96 3821 115 3870 4
132 3806 230 3858 omni
249 3819 440 3861 ursnnrconnrn:
453 3821 487 3853 nn
502 3817 601 3853 coneus

65 3889 254 3929 eearmasrrs.
274 3904 304 3914 -
326 3876 359 3928 Et
380 3874 602 3926 commemorabit

1132 263 1182 314 305

652 383 785 432 Dominus
812 398 859 432 sex
882 397 962 448 opera
983 381 1183 440 misericordiae,

652 453 679 502 in
706 469 734 503 se
759 452 843 518 capite
865 463 892 503 et
916 453 943 502 in
971 452 1101 502 membris
1126 453 1183 502 suis

652 533 759 589 propter
779 539 842 573 eum
858 522 933 584 lacta,
948 532 1085 588 quaesunt
1107 539 1113 571 :
1134 537 1183 587 pa-

651 613 722 647 scere
738 596 909 656 esurientem,
926 607 1017 662 potare
1036 596 1180 658 sitientem,

650 672 778 721 collocare
792 669 938 735 hospitem,
953 670 1051 720 vestire
1066 670 1179 729 nudum,

650 741 757 792 visitare
771 741 920 805 infirmum,
935 741 1068 792 consolari
1085 742 1182 791 vincu-

650 813 734 862 latum
748 820 775 862 et
794 827 840 877 per
854 812 912 861 haec
927 811 1089 876 intelligitur
1103 811 1182 876 septi-

650 900 735 944 mum,
758 884 830 950 quod
851 892 890 933 est
914 882 941 933 in
964 883 1060 942 Tobia,
1081 883 1181 932 scilicet

650 954 762 1020 sepelire
778 962 910 1004 mortuos.
926 953 1003 1004 Unde
1016 969 1110 1003 versus
1126 970 1132 1002 :

656 1102 750 1165 Visito,
771 1109 846 1167 poto,
872 1102 937 1165 cibo,
969 1101 1079 1163 redimo,
1108 1107 1179 1166 tego,

945 1172 1069 1238 [colligo
1085 1173 1179 1223 condo.

649 1308 682 1358 Et
709 1309 857 1359 secundum
885 1308 1016 1374 quosdam
1046 1321 1100 1355 non
1129 1305 1179 1355 erit

649 1379 722 1430 aliud
735 1381 792 1431 haec
806 1378 1035 1436 commemoratio,
1051 1377 1102 1428 nisi
1117 1378 1180 1444 quia

649 1467 744 1501 omnes
766 1451 851 1501 scient
869 1450 964 1501 merita
978 1464 1034 1509 sua,
1050 1464 1098 1514 pro
1117 1449 1181 1514 qui-

650 1521 700 1570 bus
719 1522 894 1572 salvabuntur
906 1520 948 1569 vel
969 1519 1049 1569 etiam
1068 1520 1181 1577 damna-

650 1596 757 1645 buntur.
774 1593 827 1656 Ubi
846 1593 1057 1658 Clerysostomus
1072 1609 1080 1641 .·
1096 1610 1109 1638 n
1126 1593 1180 1641 Pu-

649 1675 690 1714 tas
727 1673 827 1729 quanto
872 1661 970 1728 gaudio
1018 1661 1181 1712 extolluntur

649 1737 748 1797 Sancti,
772 1736 878 1802 quando
899 1735 927 1784 in
952 1743 1095 1799 conspectu
1119 1749 1180 1783 orn-
1235 1724 1237 1731 ’

650 1810 727 1860 nium
759 1808 922 1873 Angelorum
957 1806 1030 1871 quod
1062 1803 1181 1855 fecerunt

649 1879 809 1930 hominibus
835 1878 930 1928 fatetur
966 1891 994 1926 se
1029 1875 1179 1940 accepisse,

649 1968 711 2002 narn
730 1952 784 2003 tale¹
800 1951 906 2001 videtur
924 1965 992 2014 opus
1011 1963 1104 1998 eorum
1126 1964 1180 1998 non

649 2025 727 2091 quale
738 2025 830 2074 datum
846 2032 894 2081 est,
908 2023 953 2072 sed
966 2021 1054 2086 qualis
1067 2036 1181 2086 persona

649 2097 723 2146 illius
733 2105 773 2146 est
787 2094 833 2162 qui
846 2093 965 2158 accepit:
981 2112 994 2140 u
1009 2092 1067 2142 haec
1086 2092 1181 2160 Chry-

650 2174 790 2218 sostomus.
813 2165 865 2216 Sed
885 2163 958 2230 justi,
977 2164 1054 2229 quasi
1075 2163 1180 2214 laudem

650 2238 797 2306 fugientes,
828 2235 1044 2303 interrogabunt,
1073 2236 1181 2301 quando

650 2312 706 2362 haec
718 2311 770 2362 sibi
786 2309 904 2360 fecerint.
917 2308 1071 2358 Secundum
1087 2309 1180 2359 Remi-

649 2383 734 2448 gium,
756 2381 785 2431 in
811 2379 985 2431 conscientiis
1003 2378 1060 2429 suis
1082 2375 1181 2429 ita‘re-

650 2451 839 2518 spondebunt,
871 2466 926 2499 non
959 2448 1112 2498 dubitantes
1141 2451 1183 2499 vel

650 2523 800 2573 diffidentes
823 2522 856 2571 de
881 2520 969 2571 verbis
988 2519 1110 2582 Domini;
1136 2521 1181 2570 sed

650 2594 690 2642 vel
706 2601 840 2657 stupentes
860 2607 907 2656 pro
922 2589 1108 2655 magnitudine
1123 2605 1182 2640 ma-

650 2666 751 2732 jestatis
769 2665 860 2732 Regis,
874 2665 915 2716 vel
932 2663 995 2730 quia
1011 2678 1123 2728 parvum
1138 2663 1181 2713 vi-

651 2739 727 2787 detur
741 2737 780 2787 eis
798 2752 879 2786 omne
899 2736 1001 2785 bonum
1022 2734 1094 2800 quod
1110 2733 1180 2784 fece-

651 2818 713 2859 runt
742 2807 940 2873 comparatione
963 2805 1082 2871 praemii,
1108 2805 1180 2869 juxta

650 2881 717 2931 illud
731 2879 852 2945 Apostoli
867 2880 948 2929 :Non
964 2883 1026 2927 sunt
1039 2877 1183 2943 condignae

647 2951 791 3016 passiones
812 2949 890 3016 liujus
911 2948 1038 3013 temporis
1053 2948 1091 2997 ad
1100 2948 1183 3013 suiu-

651 3037 710 3071 ram
734 3020 853 3087 gloriam
878 3034 938 3086 qnae
965 3019 1128 3070 revelabitur
1156 3021 1182 3070 in

652 3094 736 3143 nobis.
759 3093 835 3142 Unde
859 3093 1071 3159 Chrysostomus
1092 3110 1100 3142 .·
1122 3111 1135 3138 n
1159 3092 1182 3142 Ο

652 3162 800 3222 humilitas,
827 3179 887 3228 quae
912 3179 961 3213 nec
983 3172 1044 3228 post
1068 3171 1182 3212 mortem

651 3233 771 3284 deficies!
794 3235 883 3284 Homo
899 3233 973 3284 enim
993 3233 1079 3282 malus
1101 3231 1182 3280 etiam

652 3302 726 3354 falsis
741 3303 892 3354 honoribus
906 3303 1058 3360 delectatur,
1074 3300 1116 3350 vir
1131 3315 1182 3349 au-

652 3384 706 3425 tem
725 3375 813 3425 bonus
828 3375 908 3425 etiam
922 3373 973 3422 sibi
991 3371 1107 3421 debitam
1121 3370 1181 3419 lau-

652 3447 713 3495 dern
738 3445 823 3511 fugit;
845 3445 928 3495 sicet
950 3441 1050 3499 Sancti,
1064 3439 1181 3489 debitam
1211 3482 1217 3491 .

652 3515 704 3566 sibi
735 3516 840 3566 laudern
868 3513 1032 3578 repellentes,
1056 3508 1143 3559 dicent
1173 3526 1181 3558 ι

653 3588 768 3650 Quando
804 3593 828 3637 te
859 3584 973 3635 vidimus
1006 3581 1182 3642 esurientem,

653 3670 701 3711 etc.
728 3676 735 3709 ε
767 3678 780 3706 u
807 3658 864 3707 haec
897 3654 1117 3721 Chrysostomus.
1144 3651 1184 3700 Et

652 3731 815 3796 respondens
833 3729 905 3788 Rex,
919 3726 989 3776 dicet
1006 3724 1062 3775 illis
1081 3726 1184 3774 :Amen

653 3804 713 3854 dico
738 3801 822 3862 vobis,
841 3798 968 3865 quandiu,
990 3796 1017 3846 id
1038 3806 1077 3846 est
1106 3810 1137 3845 eo
1160 3803 1185 3844 et

653 3884 753 3942 quanto
779 3883 916 3938 tempore,
936 3869 1064 3937 fecistis,
1093 3868 1120 3917 id
1145 3877 1186 3918 cst
