2632 4320
219 305 264 354 DE
283 305 453 356 SERMONE
469 304 515 354 ET
532 302 716 355 ORATIONE
733 304 859 356 DOMINI
872 305 906 354 IN
923 305 1037 356 COENA.

65 418 151 480 vobis,
174 432 234 484 quae
257 419 354 485 triplex
373 429 413 470 est
432 419 460 469 in
478 418 601 478 horn-ine,

62 489 169 540 seilicet
183 506 189 538 :
205 491 237 538 ad
255 490 383 555 seipsum,
407 491 439 539 ad
459 492 557 548 Deum,
576 499 602 538 et

65 559 99 609 ad
120 558 277 624 proximum
290 574 296 621 ;
308 573 403 625 pacem
418 574 510 620 meam,
526 559 601 608 scili-

66 642 107 682 cet
122 630 289 694 aeternitatis,
311 632 345 682 do
359 631 440 694 vobis,
459 631 482 681 si
495 631 527 680 in·
538 645 601 695 pace

67 704 159 770 prime·
184 703 422 768 perseveraveritis.
447 703 600 754 Secundum

68 774 260 840 nugaretum,
276 789 371 839 pacem·
381 775 464 824 'nobis
472 774 601 840 relinquit

66 846 96 896 in
112 847 165 895 hoc
188 847 286 906 seculo,
309 861 363 911 qua
385 847 490 896 hostem
506 847 600 896 vinca·

66 928 137 975 mus,
152 924 177 965 et
192 930 246 980 qua
258 931 307 964 nos
319 915 435 965 invicem
445 916 599 980 diligamus.

66 986 163 1036 Pacem
176 998 254 1036 suam
267 987 343 1036 dabit
356 987 438 1037 nobis
451 987 481 1036 in
496 986 597 1051 futuro,

65 1059 179 1125 quando
190 1058 249 1108 sine
263 1059 349 1118 hoste,
372 1068 397 1109 et
416 1058 474 1109 sine
491 1059 598 1109 dissen-

65 1130 145 1179 sione
171 1129 353 1194 regna-bimus.
382 1130 415 1179 Et
434 1130 501 1179 bene
522 1129 596 1188 dicit,

62 1212 161 1264 parete
183 1212 283 1257 meam,
313 1199 348 1248 ad-
372 1199 596 1265 distinguendum

64 1284 160 1337 paoem
185 1271 345 1322 Sanctorum
368 1287 385 1322 a
408 1288 470 1338 pace
493 1274 596 1334 mundi,

65 1358 127 1410 quae
149 1352 190 1394 est
210 1343 295 1409 magis
320 1358 450 1409 apparens
475 1355 502 1395 et
526 1345 595 1409 ficta,

64 1432 148 1482 quam
164 1430 234 1466 vera.
254 1416 330 1467 Unde
353 1418 492 1483 subjungit
511 1420 596 1469 :Non

63 1488 198 1553 mnodo
217 1488 330 1537 mundus
352 1488 407 1552 dat,
427 1503 482 1554 ego
495 1490 533 1540 do
547 1504 596 1540 vo*-

66 1559 105 1608 dt's
119 1576 128 1608 .-
144 1558 207 1623 quia
236 1558 354 1607 mundus
376 1559 423 1608 dat
445 1559 594 1620 carnaliter,

64 1643 117 1694 ego
131 1628 318 1694 spiritualiter3
331 1630 449 1680 mundus
463 1641 595 1697 tempora·

63 1701 134 1760 liter,
147 1715 200 1766 ego
207 1701 381 1763 aeternaliter3
396 1703 515 1752 mundus
527 1714 595 1754 exta·

64 1772 131 1830 rius,
158 1786 207 1836 ego
227 1771 350 1822 interius.
366 1771 402 1822 Et
425 1773 546 1823 iterum:
562 1775 595 1823 Si

63 1844 216 1909 diligeritis
240 1858 290 1906 me,
310 1847 468 1910 gauderetis
497 1848 592 1912 atique,

60 1915 98 1964 de
110 1928 216 1965 recessu
233 1930 302 1974 meo,
320 1917 384 1981 quia
396 1918 463 1967 vado
477 1919 510 1971 ad
528 1920 594 1969 exal-

61 1988 192 2038 tationem
208 2003 305 2051 meam,
325 1989 426 2039 scilicet
448 1991 509 2056 quia
524 1992 594 2041 vado

62 2059 102 2109 ad
116 2060 237 2120 Patrem
259 2061 321 2124 quia
338 2061 425 2110 Pater
446 2062 533 2127 major
555 2076 595 2112 me

60 2136 112 2180 est.
134 2130 288 2179 Secundum
310 2131 435 2179 eumdem
458 2133 595 2196 Augusti-

62 2217 133 2263 nmrt,
151 2211 252 2251 naturae
266 2202 390 2252 humanae
404 2203 594 2268 gratulandum

63 2283 112 2331 est,
138 2287 170 2322 eo
193 2273 267 2338 quod
292 2273 330 2322 sic
354 2285 493 2340 assumpta
514 2285 554 2325 est
579 2290 594 2325 a

62 2344 155 2394 Verbo
179 2343 339 2409 unigenit0,
372 2355 403 2395 ut
434 2346 594 2397 immortalis

61 2416 272 2466 constitueretur
299 2417 327 2467 in
352 2418 431 2480 coel03
454 2427 535 2483 atque
558 2419 594 2468 ita

62 2488 138 2539 lieret
151 2497 220 2538 terra
235 2489 370 2548 sublimis,
386 2499 418 2539 ut
431 2489 594 2555 incorrupti-

62 2558 127 2608 bilis
140 2559 228 2623 pulvis
243 2559 346 2608 sederet
357 2559 391 2608 ad
401 2559 539 2609 dexteram
548 2559 594 2609 ea-

62 2628 120 2678 tris.
141 2628 209 2687 Quis
228 2644 282 2678 non
297 2629 342 2677 hic
359 2629 481 2695 gaudeat,
494 2629 545 2696 qui
555 2629 594 2680 sic

62 2697 157 2763 diligit·
167 2697 317 2758 Christum,
336 2707 362 2747 et
379 2712 456 2748 suam
471 2709 593 2749 naturam

62 2772 115 2836 jam
127 2771 306 2822 immortalem
318 2772 466 2836 gratuletur
478 2773 506 2821 in
519 2772 595 2823 Chri·

63 2851 120 2901 sto,
142 2852 223 2906 atque
244 2841 335 2907 ipsum
362 2853 451 2907 speret
472 2841 594 2892 futurum

61 2926 123 2962 esse
146 2927 193 2978 per
221 2913 381 2963 Christum?
409 2915 442 2964 Et
467 2914 564 2965 iterum
586 2932 604 2980 εΔ

61 2982 195 3050 Expedit,
220 2983 247 3032 id
263 2994 303 3033 est
318 2985 385 3034 utile
400 2995 440 3034 est
458 2986 541 3049 vodis,
567 2991 595 3036 ut

61 3066 117 3118 ego
144 3052 260 3116 vadam,
289 3053 390 3104 scilicet
426 3055 458 3104 ad
490 3050 609 3106 Patrem

62 3124 246 3184 ascendendo,
281 3135 312 3174 ut
343 3125 518 3190 spiritualiter
551 3141 594 3177 me

61 3196 239 3260 cognoscatis,
266 3205 292 3244 et
317 3197 455 3246 carnaliter
477 3198 530 3262 iam
551 3212 594 3249 rne

62 3278 145 3317 nosse
162 3266 305 3326 desistatis,
328 3282 362 3318 ne
380 3269 468 3319 Verbo
489 3282 593 3319 cantent

62 3333 143 3398 racto,
157 3335 235 3401 quasi
258 3337 326 3386 lacte
342 3339 462 3388 contenti
476 3339 545 3389 atis.
559 3340 595 3389 Et

62 3420 123 3456 vete
144 3407 255 3470 expedit
268 3422 279 3456 :
291 3409 316 3456 si
335 3409 404 3458 enim
425 3420 478 3459 nort
492 3410 592 3473 adimo,

61 3475 227 3527 Paracletus
247 3493 304 3528 noa
322 3480 408 3529 vente
429 3481 466 3530 ad
486 3493 549 3542 ros-3
568 3483 594 3532 si

60 3553 151 3598 atatem
168 3548 265 3598 attero
284 3549 390 3599 mittam
405 3563 463 3600 eum
481 3551 522 3600 ad
536 3564 593 3602 eos.

61 3618 89 3668 Si
103 3617 178 3668 hane
190 3620 323 3669 carnalem
336 3619 508 3671 dilectionem
524 3633 539 3672 a
551 3633 595 3672 to

62 3689 106 3740 bis
135 3690 211 3740 abire
239 3706 296 3740 non
317 3692 412 3755 fecero,
439 3706 497 3743 non
518 3694 594 3744 eritis

61 3761 142 3828 digni'
160 3770 195 3812 nt
207 3763 362 3814 Paracletus
376 3765 466 3815 teniat
484 3766 593 3826 adres,

60 3835 266 3901 maerenlm
280 3838 312 3888 de
325 3848 369 3888 me
380 3837 529 3888 carnaliter
537 3852 595 3888 een

61 3904 145 3966 detis,
157 3917 212 3956 aen
228 3906 307 3958 eritis
316 3907 407 3958 leand·
418 3918 448 3959 ut
461 3907 594 3973 Spiritum

1131 320 1185 372 tu

657 421 784 470 Sanctum
800 420 957 486 recipiatis:
972 436 1025 469 non
1047 419 1120 484 quod
1136 432 1186 485 po-

655 493 723 542 situs
739 493 767 541 in
788 502 858 543 terra
872 510 925 543 non
944 502 1035 559 posset
1048 494 1119 552 dare,
1139 494 1185 543 sed

655 566 717 631 quia
741 565 780 615 illi
797 581 852 616 non
868 577 931 616 sunt
946 565 1036 616 idonei
1058 566 1184 630 accipere,

655 638 709 687 nisi
731 653 793 687 eum
810 639 957 688 secundum
977 652 1084 688 carnem
1107 652 1186 688 nosse

653 709 790 767 desistant,
803 723 858 773 quo
875 707 962 773 magis
977 708 1129 773 spirituales
1145 707 1185 758 ei—

653 778 724 841 iecti,
741 779 825 844 magis
837 780 869 828 ad
885 780 1003 829 coelestia
1017 780 1184 844 amplecten-

653 851 686 899 da
700 851 759 915 ejus
771 850 867 899 deitate
881 850 1014 899 anhelant.
1031 852 1062 900 In
1081 859 1184 900 tanturn

652 922 724 971 enim
740 923 859 972 mundus
869 932 909 973 est
925 923 1051 988 Spiritus,
1066 924 1141 988 quod
1155 923 1183 973 'tn

653 994 728 1042 nullo
741 993 855 1059 quiescit
864 993 916 1043 nisi
928 993 954 1042 in
967 994 1055 1059 coqui
1068 993 1182 1044 omnino

652 1074 691 1113 est
706 1064 863 1129 spiritualis,
879 1064 953 1113 nullo
966 1064 1065 1113 carnali
1086 1063 1182 1113 solatio

651 1133 806 1198 impeditus.
823 1133 875 1184 Ubi
890 1134 1072 1184 Bernartius:
1092 1153 1105 1179 a
1126 1133 1181 1184 De-

650 1205 729 1254 licata
741 1215 782 1255 est
800 1205 890 1255 divina
909 1205 1067 1263 consolatio,
1079 1214 1104 1254 et
1125 1218 1180 1254 non

649 1276 727 1325 datur
740 1276 946 1326 admittentibus
966 1276 1088 1325 alienam.
1101 1295 1116 1322 n
1126 1274 1179 1326 libi

649 1358 676 1397 et
689 1348 793 1412 Hego:
807 1366 820 1393 a
830 1347 931 1397 Idcirco
939 1347 1069 1397 nimirum
1083 1346 1180 1396 Domit-

650 1432 702 1467 nus
731 1419 808 1467 lesus
832 1417 972 1482 discipulis
996 1433 1025 1468 se
1051 1417 1181 1467 subtraxit

649 1487 829 1554 corporaliter,
842 1498 871 1537 ut
888 1503 950 1538 eum
962 1489 1094 1538 discerent
1106 1501 1180 1538 arne

649 1573 677 1607 re
690 1557 873 1623 spiritualiter.
899 1559 1029 1607 Ascendit
1044 1559 1180 1624 siquidem

648 1629 677 1677 in
692 1629 798 1688 coelum,
812 1636 843 1678 ut
852 1629 930 1678 corda
942 1638 1003 1693 post
1016 1643 1046 1678 se
1055 1629 1180 1690 traheret,

648 1709 678 1748 ut
699 1699 808 1749 dilectio
829 1709 949 1765 pergeret
963 1710 1023 1765 post
1042 1699 1179 1750 dilectum.

648 1769 741 1819 Sedet
760 1783 847 1836 usque
868 1770 948 1820 hodie
965 1769 1090 1820 Christus
1108 1771 1180 1819 arni-

648 1856 696 1890 cos
722 1856 794 1901 suos,
813 1842 892 1907 quasi
914 1842 1029 1907 quadam
1049 1841 1178 1906 corporali

648 1912 791 1976 praesentia
811 1913 963 1962 consolalur
987 1912 1016 1960 in
1041 1912 1179 1977 Scriptura

647 1998 731 2043 sacra,
741 1984 900 2034 etEcclesiae
911 1984 1091 2046 sacramentis,
1100 1994 1179 2050 atque

647 2056 710 2105 aliis
720 2056 875 2106 visibilibus
888 2056 1023 2106 exercitiis
1038 2056 1178 2120 virtutum,

647 2140 762 2192 quorum
800 2127 945 2186 aliquando
984 2127 1178 2192 dispensatorie

647 2197 782 2247 subtrahit
795 2210 885 2258 inum,
898 2207 928 2246 ut
942 2197 1089 2262 spiritualis
1107 2212 1179 2247 arno·

646 2269 685 2319 ris
696 2271 875 2329 dulcedinem»,
890 2279 965 2320 tanto
981 2271 1077 2335 purius
1089 2271 1177 2336 perci-

646 2343 730 2409 piant,
746 2360 801 2410 quo
813 2344 883 2394 nihil
898 2343 964 2393 foris
981 2343 1082 2394 habent
1097 2343 1177 2394 etiam

647 2415 676 2464 in
691 2430 771 2480 opere
788 2415 896 2465 virtutis
915 2417 948 2464 ad
968 2416 1042 2480 quod
1057 2425 1176 2464 mentem

647 2500 723 2536 suam
741 2500 792 2551 per
803 2486 983 2536 intentionem
998 2485 1151 2535 effundant:
1162 2506 1176 2534 u
1233 2512 1239 2524 ·

647 2558 706 2606 hats
728 2556 822 2622 Hugo.
851 2556 1021 2605 Pensandum
1046 2568 1108 2621 ergo
1129 2565 1177 2616 est,

648 2629 711 2696 quia
731 2630 755 2679 si
773 2629 914 2695 praesentia
937 2627 1023 2677 carnis
1048 2627 1109 2677 Filii
1130 2629 1177 2678 Dei

647 2700 762 2766 impedit
772 2699 887 2765 Spiritus
897 2697 1085 2763 receptionem,
1096 2712 1178 2764 quan-

647 2781 675 2820 to
691 2771 778 2836 magis
798 2770 910 2820 earnalis
924 2769 1033 2818 affectus
1048 2768 1075 2817 'm
1099 2768 1179 2818 nobis

648 2843 776 2908 impediat
794 2843 925 2893 eamdem.
942 2843 1006 2891 Haec
1024 2851 1050 2892 et
1074 2841 1117 2891 his
1138 2840 1178 2891 si-

648 2915 724 2965 milia
742 2913 782 2964 eis
796 2914 909 2972 dicebat,
927 2928 988 2978 quae
1001 2913 1082 2962 corda
1101 2913 1178 2978 ipso-

647 2998 707 3036 rum
717 2984 835 3034 totaliter
843 2984 1025 3050 penetrabant.
1033 2984 1093 3032 Non
1104 2983 1177 3032 enirn

647 3060 681 3109 de
694 3071 750 3109 suo
760 3058 878 3107 discessu
892 3057 994 3123 aliquid
1011 3056 1119 3122 pacifice
1135 3065 1177 3106 to-

647 3130 730 3179 lerare
743 3137 873 3194 poterant.

678 3214 696 3263 4
709 3199 875 3247 Piscinam
885 3210 1021 3247 enarrarre
1030 3210 1086 3253 otro
1097 3193 1177 3244 Gnar-

647 3265 1176 3320 srnnrcosrtoseertorsum.-Secundo

647 3341 716 3390 circa
731 3352 883 3390 sermonem
899 3338 1045 3396 mediteris,
1060 3335 1176 3401 qualiter

647 3411 806 3460 cordialiter
829 3419 856 3460 et
882 3409 1012 3458 instanter
1043 3405 1176 3456 Dominus

647 3482 725 3531 lesus
747 3480 875 3532 instruxit
886 3478 1036 3544 discipulos
1053 3477 1177 3542 pluribus

636 3552 756 3602 uicibus
764 3552 794 3601 in
802 3551 909 3602 caritate
921 3548 1057 3606 servande,
1068 3547 1158 3596 dicens
1169 3563 1176 3596 :

647 3622 812 3672 Mandatum
840 3634 938 3671 norm
960 3619 995 3669 do
1019 3618 1106 3678 vobin.
1124 3629 1178 3683 quo

639 3692 749 3743 scilieet
763 3689 887 3756 dispositi
899 3689 933 3738 ad
944 3701 1031 3738 meam
1042 3687 1179 3752 sequelam

648 3763 733 3823 eritis,
759 3760 891 3819 videlicet,
911 3765 940 3809 tet
963 3758 1087 3824 diligatis
1115 3757 1182 3808 ituri·-

649 3846 715 3895 cm,
729 3833 802 3882 sicet
813 3829 904 3881 dilexi
916 3843 974 3894 rot,
988 3829 1040 3879 hac
1052 3826 1125 3878 enirn
1136 3827 1180 3878 ria

650 3905 808 3972 sequendus
823 3912 865 3954 est
875 3900 1018 3954 Dominus
1039 3901 1101 3952 lton·
1112 3900 1182 3952 dici-
