2632 4320
98 240 148 299 168

94 367 157 409 unte
172 373 265 409 omnes
281 357 455 423 vituperabile
468 365 523 420 est3
545 355 625 406 susti-

95 444 159 480 nere
172 439 261 479 autem
272 428 385 479 alterum
399 443 481 493 super
491 443 530 488 se,
540 425 624 478 nimis

94 511 135 553 est
154 501 313 567 gloriosum.
337 521 351 549 n
369 500 405 551 Et
429 499 528 550 iterum
544 516 553 549 ε
568 517 582 545 n
596 498 625 550 Si

94 572 226 639 indignati
246 582 319 626 sunt,
343 571 408 638 quia
429 570 473 621 isti
487 570 546 621 ausi
562 581 626 621 sunt

95 644 149 694 hoc
170 658 217 708 per
249 654 361 692 matrem
393 650 497 708 petere;
523 651 625 708 quanto

95 713 182 778 magis
195 713 366 764 turbarentur
383 713 407 762 si
421 712 515 777 petitio
531 727 625 763 eorum

95 785 190 836 fuisset
214 786 355 851 suscepta?
390 786 423 835 Et
450 785 509 834 ideo
539 800 627 850 neque

95 856 173 915 dixit,
189 872 245 906 non
266 855 403 918 sedebitis,
427 871 461 905 ne
476 856 546 906 duos
562 871 627 905 con·

97 932 233 994 funderet3
248 947 335 996 neque
351 930 428 991 dixit,
445 930 583 989 sedebitis,
593 945 628 980 ne

56 1001 59 1006 '
98 1012 201 1054 ceteros
214 1001 345 1064 irritaret;
370 1001 416 1051 sed
433 1012 562 1067 tanquam
578 1001 628 1051 be-

99 1072 199 1138 nignus
213 1072 291 1122 Pater
305 1072 342 1121 sic
359 1071 503 1137 respondit,
516 1082 545 1122 ut
558 1071 629 1122 inter

97 1147 191 1197 fratres
206 1144 349 1194 concordia
373 1160 427 1193 non
450 1154 627 1210 rumperetur,

97 1228 124 1269 et
140 1232 237 1267 omnes
252 1232 358 1281 sperare
382 1215 488 1280 faceret,
512 1217 626 1267 dicens:

96 1290 160 1340 Non
176 1294 217 1338 est
242 1301 327 1336 meum
351 1287 426 1349 dare,
449 1288 499 1337 sed
516 1288 627 1337 ,Patria

96 1361 165 1412 Nam
180 1361 253 1426 quod
262 1359 314 1415 uni
330 1369 375 1409 aut
387 1359 494 1409 duobus
509 1359 628 1425 speciali·

93 1445 134 1484 ter
146 1448 200 1482 non
211 1431 387 1497 promittitur,
398 1447 414 1481 a
428 1432 530 1482 cunctis
541 1447 628 1498 spera-

94 1514 139 1554 tur
167 1520 174 1553 ι
201 1522 215 1550 n
248 1502 306 1552 haec
337 1503 558 1570 Chrysostomus.
591 1504 627 1554 Ut

94 1587 184 1628 autem
209 1576 274 1626 dicit
301 1576 329 1626 T
326 1577 473 1643 lteopht'lus,
499 1587 563 1628 tunc
588 1578 626 1628 sic

94 1648 251 1713 imperfecte
273 1662 302 1698 se
328 1648 463 1698 habebant
485 1649 625 1715 Apostoli;

95 1719 141 1770 sed
156 1729 248 1784 postea
262 1718 290 1768 in
306 1718 466 1784 primatibus
485 1719 538 1770 sibi
553 1721 628 1772 cede

97 1791 162 1841 bant
175 1791 208 1840 ad
229 1789 352 1840 invicem.
372 1790 440 1840 Vide
463 1791 544 1841 etiam
562 1792 627 1858 quia

96 1876 130 1912 ex
139 1860 191 1910 hoc
201 1861 274 1927 quod
289 1861 481 1926 procurabatur
493 1861 627 1926 promotio

98 1934 214 1984 duorum
229 1933 353 1994 fratrum,
377 1932 423 1981 alii
447 1932 538 1983 decem
556 1934 628 1998 Apo-

98 2003 160 2053 stoli
179 2001 287 2052 fuerant
308 2001 455 2067 indignati3
472 2002 512 2052 sic
533 2012 574 2053 est
594 2005 628 2054 de

98 2075 192 2126 multis
212 2075 302 2134 hodie,
323 2074 369 2141 qui
385 2091 418 2124 eo
433 2075 492 2140 ipso
506 2077 580 2143 quod
592 2077 629 2127 vi-

97 2148 162 2198 dent
178 2147 246 2197 alios
260 2147 422 2213 promoveri,
438 2147 559 2198 invident
574 2159 629 2200 sta-

97 2218 147 2268 tim
160 2228 186 2268 et
202 2217 383 2283 indignantur
400 2217 518 2267 Humilis
539 2228 628 2269 autem

96 2288 238 2348 Dominus,
263 2303 292 2337 ac
316 2288 379 2352 pius
401 2289 486 2348 Pater,
511 2299 537 2339 et
555 2289 629 2340 mitis

96 2361 230 2427 Magister,
252 2376 299 2410 nec
322 2359 477 2425 cupiditatis
499 2370 526 2410 et
539 2362 629 2412 ambi-

96 2431 180 2482 tionis
194 2431 263 2482 duos
281 2432 370 2498 arguit
389 2432 563 2496 postulantes,
579 2449 628 2483 nec

95 2503 187 2552 decem
202 2501 321 2568 reliquos
334 2501 527 2567 indignationis
539 2501 629 2553 incre·

96 2583 141 2639 pat
155 2582 180 2624 et
202 2573 309 2638 livoris3
334 2575 379 2623 sed
397 2574 455 2639 ipse
476 2573 628 2625 misericors

96 2656 122 2697 et
153 2647 296 2713 benignus,
326 2646 374 2713 qui
398 2657 438 2696 est
461 2662 512 2713 pax
538 2658 629 2699 nostra

97 2729 210 2783 utraque
240 2717 341 2768 faciens
366 2733 471 2777 unum,
498 2733 568 2784 quos
595 2719 627 2768 ad

98 2788 277 2853 apostolatum
301 2797 450 2846 vocaverat,
481 2797 507 2836 et
532 2787 627 2839 affectu

96 2859 231 2922 sejunctos
249 2858 360 2923 aspexit,
383 2859 451 2907 duos
470 2873 517 2923 per
530 2873 629 2923 super-

97 2928 149 2978 biae
164 2928 381 2992 postulationem,
396 2929 487 2978 decem
503 2944 550 2994 per
562 2929 630 2978 indi·

97 2998 232 3064 gnationis
254 2999 443 3058 turbationem,
465 2999 497 3049 ad
517 3015 548 3050 se
568 3009 629 3050 tan-

97 3084 179 3135 quam
216 3069 249 3118 ad
279 3069 373 3119 salutis
400 3070 542 3130 medium,
573 3086 628 3137 quo

97 3141 293 3207 mitigarentur,
304 3154 432 3209 tanquam
448 3145 480 3192 ad
490 3144 562 3209 pacis
573 3144 630 3194 vin·

96 3213 197 3274 culum,
213 3229 267 3279 quo
282 3213 435 3276 unirentur,
448 3223 577 3280 tanquam
594 3215 627 3264 ad

96 3283 203 3334 virtutis
219 3283 387 3349 Magistrum,
398 3300 453 3349 quo
468 3284 629 3336 instrueren-

96 3364 149 3415 tur,
161 3353 264 3404 vocavit
271 3370 278 3416 ;
293 3365 323 3403 ut
335 3355 369 3403 ab
384 3369 473 3404 errore
483 3366 626 3416 revocaret,

96 3435 126 3474 ut
151 3439 243 3490 pacem
266 3423 431 3483 reformaret,
455 3433 486 3472 ut
508 3427 627 3490 regulam

95 3497 193 3547 debitae
208 3496 375 3562 praelationis
387 3496 515 3555 erudiret,
528 3507 558 3547 ut
573 3512 627 3548 non

95 3579 165 3617 esset
185 3567 312 3617 denarius
332 3567 391 3616 sine
406 3566 514 3616 binario
529 3566 627 3618 carita·

95 3647 139 3687 ils.

129 3724 157 3757 11
183 3709 377 3759 Drscasannrra
397 3723 477 3757 mrim
491 3723 627 3759 ratncrrss

95 3780 221 3830 Gestiunt
239 3798 273 3830 ar
285 3797 420 3831 emacitas
433 3782 579 3831 Eccsssnm
595 3809 626 3819 -

96 3853 130 3904 Et
152 3863 282 3920 utrosque
306 3855 454 3920 reprimens
475 3852 556 3920 coepit
580 3869 626 3905 eos

386 272 391 287 .
408 239 585 294 SECUNDAE
601 239 862 292 PARTts-cnPtJT
881 242 955 292 xxt.

677 354 773 405 docere
786 356 820 406 de
834 356 989 407 humilitate
1001 372 1145 424 perquam
1160 359 1218 411 ho-

677 443 729 479 nor
749 428 865 479 coelestis
886 430 1037 496 acquiritur
1049 440 1077 481 et
1089 442 1218 483 terrenus

677 501 868 561 contemnitur,
894 501 987 552 dicens
1010 517 1018 550 τ
1041 503 1127 555 Scitis
1148 505 1211 570 qula

677 576 792 636 regeret
797 572 1067 638 principesGentium
1074 574 1214 625 dominan-

678 647 731 702 tur,
752 641 871 693 violenta
890 644 1078 696 dominatione
1098 655 1126 696 et
1139 656 1211 711 pote·

678 712 756 763 statis
765 713 922 775 ambitione,
934 730 1037 779 eorum,
1043 716 1072 766 id
1081 728 1122 768 est
1129 732 1210 784 popu·

678 784 767 834 lorum
778 785 959 845 subditorum,
969 798 995 837 et
1007 798 1049 838 est
1060 787 1106 838 hic
1120 789 1212 839 relatio

679 854 712 905 ad
726 853 903 920 intellectum
918 864 944 908 et
955 859 1001 923 qui
1012 858 1130 925 nmjores
1140 866 1211 922 sant,

676 935 836 994 potestatem
849 938 977 981 exercent
990 931 1017 982 in
1038 945 1094 994 eos,
1112 933 1212 983 scilicet

679 999 856 1051 humiliantes
878 1017 924 1052 eos
946 1017 994 1067 per
1016 1018 1094 1054 suam
1114 1015 1216 1069 poten-

680 1071 745 1122 tiam
762 1080 788 1122 et
801 1072 979 1138 angariantes.
993 1073 1077 1133 Quasi
1091 1074 1212 1125 diceret:

679 1143 759 1209 Apud
777 1152 897 1194 terrenos
913 1145 994 1195 habet
1010 1147 1103 1196 looum
1120 1145 1213 1197 dorni-

681 1214 764 1273 natio,
774 1222 801 1263 et
809 1213 926 1265 dominii
938 1216 1084 1279 exsecutio,
1095 1217 1163 1280 quia
1171 1217 1213 1267 de·

680 1283 797 1335 siderare
807 1284 964 1350 primatum,
976 1297 1147 1356 ettusurpare
1161 1288 1212 1338 ho-

680 1369 774 1405 norem
789 1355 917 1406 Gentium
931 1369 980 1417 est,
994 1368 1023 1408 et
1037 1374 1092 1409 non
1107 1369 1214 1409 tantum

679 1441 770 1490 regere
778 1441 842 1476 suos
852 1427 996 1491 subiectos,
1009 1429 1150 1479 sedetiam
1161 1430 1214 1480 tio

679 1497 765 1548 lenter
775 1498 815 1549 eis
829 1499 972 1550 dominari.
985 1501 1063 1552 Unde
1076 1501 1213 1570 Chryses-

680 1573 766 1619 tomus
787 1586 796 1618 .·
817 1570 973 1620 «Ostendit
991 1582 1082 1621 autem
1100 1572 1130 1622 in
1151 1573 1213 1632 hoc,

679 1639 752 1705 quod
776 1640 875 1706 gentile
896 1652 935 1691 est
952 1641 1084 1707 primatus
1105 1658 1212 1709 cupere,

679 1714 760 1765 etsie
782 1715 912 1766 Gentium
934 1717 1144 1782 comparatione,
1165 1733 1213 1769 eo-

679 1801 740 1836 rum
750 1786 870 1837 animam
879 1798 1036 1838 aestuantem
1048 1790 1213 1841 convertit.»

679 1856 716 1907 Et
734 1857 800 1922 quia
818 1858 887 1909 nihil
910 1858 949 1908 sic
966 1859 1047 1909 corda
1067 1859 1213 1911 hominum

680 1930 714 1980 ab
730 1931 832 1981 unitate
853 1931 924 1997 pacis
941 1942 1054 1998 separat,-
1074 1932 1147 1984 sicut
1166 1949 1215 1985 su-

680 2001 783 2065 perbia,
799 2001 858 2052 ideo
872 2003 1006 2052 Dominus
1020 2004 1053 2052 ad
1070 2003 1214 2055 humilita-

680 2081 735 2122 tem
747 2087 793 2122 eos
807 2073 920 2134 reducit,
932 2074 1032 2124 docens
1045 2074 1098 2125 hos
1114 2085 1141 2126 et
1153 2076 1215 2127 illos

682 2158 736 2192 non
758 2152 886 2195 venturos
904 2145 936 2194 ad
954 2160 1078 2210 regnum,
1099 2145 1153 2196 nisi
1168 2160 1222 2213 per·

681 2212 873 2264 humilitatem.
895 2215 968 2278 Noa,
986 2216 1086 2281 inquit,
1104 2218 1143 2268 ita
1163 2219 1217 2269 erit

681 2283 750 2333 inter
762 2298 819 2347 ros,
831 2285 900 2335 sicut
912 2296 951 2335 est
965 2285 1035 2335 inter
1049 2288 1146 2337 mundi
1160 2289 1216 2339 hu·

681 2355 723 2421 jus
738 2365 888 2421 potestates,
906 2368 936 2407 ut
952 2358 998 2408 ille
1012 2359 1108 2409 ceteris
1123 2361 1216 2411 domi-

681 2437 768 2487 netur,
780 2428 827 2493 qui
839 2429 922 2493 maior
932 2430 1026 2480 ceteris
1035 2429 1152 2483 videtur.
1163 2434 1217 2483 lliu-

679 2499 773 2564 joritas
781 2499 853 2548 enim
861 2499 890 2549 in
898 2515 981 2565 regno
988 2505 1215 2554 meononeodem

681 2572 762 2621 modo
774 2572 930 2638 acquiritur,
941 2573 1011 2623 sicut
1024 2574 1051 2623 in
1063 2590 1147 2640 regno
1159 2586 1215 2626 ter-

680 2657 755 2700 reno,
767 2642 832 2708 quia
846 2643 874 2693 in
895 2658 979 2708 regno
998 2653 1103 2694 terreno
1117 2647 1215 2713 acqui-

680 2715 749 2765 ritur
773 2731 820 2780 per
845 2716 1020 2765 ambitionem
1044 2726 1070 2767 et
1093 2728 1213 2782 potesta—

680 2795 745 2843 tem,
764 2786 810 2835 sed
832 2786 860 2835 in
881 2803 961 2854 regno
980 2804 1039 2838 meo
1062 2790 1216 2856 acquiritur

680 2856 813 2906 contrario
827 2858 916 2918 modo,
930 2858 1031 2908 scilicet
1049 2875 1097 2924 per
1116 2860 1215 2911 humi-

680 2928 791 2979 litatem.
815 2929 896 2988 Quasi
915 2930 1039 2981 diceret:
1060 2933 1116 2982 Vos
1138 2950 1215 2985 more

679 2998 840 3050 secularium
853 3000 953 3064 petitis,
964 3012 990 3050 et
998 3002 1082 3052 vultis
1092 3019 1141 3069 per
1152 3020 1215 3070 prte-

680 3070 808 3121 lationem
819 3071 910 3122 venire
921 3073 954 3121 ad
964 3072 1083 3137 requiem
1097 3085 1124 3125 et
1137 3076 1214 3141 regni

681 3141 889 3207 possessionem,
901 3159 962 3193 cum
972 3158 986 3192 e
997 3153 1089 3194 contra
1097 3145 1132 3194 ad
1144 3161 1218 3196 sum·

680 3230 753 3265 marn
772 3213 904 3264 virtutum
920 3214 1076 3264 ascendatur
1091 3232 1147 3266 non
1163 3217 1216 3268 im-

681 3287 808 3352 perando,
829 3288 876 3337 sed
893 3287 1090 3353 ministrando3
1107 3299 1136 3340 et
1156 3289 1218 3340 ideo

680 3359 789 3409 nonita
812 3359 866 3408 erit
887 3359 956 3408 inter·
974 3373 1031 3420 vos,
1052 3358 1125 3409 sicut
1145 3360 1217 3410 inter

679 3443 734 3479 eos.
751 3429 820 3478 Nam
834 3428 862 3477 in
883 3443 967 3494 regno
987 3439 1095 3478 terreno
1112 3430 1215 3495 praelati

680 3508 742 3549 sunt
756 3498 873 3560 domini3
896 3500 942 3548 sed
964 3509 1085 3549 vestrum
1098 3515 1216 3566 regnum

679 3585 733 3619 non
743 3581 782 3621 est
791 3580 936 3628 terrenum,
949 3571 995 3620 sed
1008 3570 1158 3636 spirituale,
1170 3588 1217 3622 un·

679 3641 712 3690 de
737 3656 784 3706 per
806 3640 961 3706 oppositum
980 3642 1060 3691 debet
1083 3640 1113 3691 in
1135 3641 1217 3691 tubis

678 3726 745 3774 esse,
758 3711 823 3777 quia
837 3711 937 3776 praelati
955 3712 1158 3762 Ecdeme-sunt
1167 3712 1217 3761 mi·

679 3780 766 3832 nistri.
789 3781 866 3831 Unde
882 3792 908 3831 et
928 3782 1064 3846 Origenes
1082 3799 1090 3832 ,·
1110 3800 1127 3829 n
1143 3783 1218 3832 Inter

679 3869 726 3905 vos
741 3863 830 3904 autem
845 3853 893 3919 qui
908 3853 973 3903 estis
987 3853 1051 3910 mei,
1065 3869 1120 3903 non
1134 3864 1217 3905 erunt
