2632 4320
151 301 202 353 366

149 433 229 484 opera
244 414 432 466 misericordiae
446 413 618 475 exhibuistis,
635 411 681 461 uni

150 491 182 540 de
194 489 236 539 his
243 486 383 554 fratribus
398 485 464 535 meis
476 485 602 545 minimis,
616 480 680 532 milti

141 559 261 627 fecistis.
277 558 382 607 Fratres
396 566 468 619 sunt,
481 555 546 621 quia
561 553 680 604 fecerunt

149 631 313 681 voluntatem
338 627 440 689 Patris;
462 625 569 675 minimi
595 637 679 680 vero,

148 702 214 769 quia
238 701 347 751 fuerunt
372 699 491 750 humiles
522 708 549 748 et
576 695 678 762 abjecti.

149 772 202 823 Ubi
215 772 287 822 idem
306 771 518 838 Chrysostomus
532 786 540 818 .·
556 786 570 815 u
588 768 613 817 Ο
627 768 679 816 bo-

149 843 220 893 nitas
233 841 346 903 Christj!
363 838 488 900 Quandiu
517 839 543 888 in
568 852 679 904 corpore

150 911 346 978 contemptibili
367 911 470 962 eratin
486 909 598 968 mundo,
619 907 679 958 fue-

149 993 188 1033 rat
207 981 363 1033 verisimilis
380 980 456 1041 ratio,
471 989 501 1029 ut
519 988 628 1045 propter
640 978 679 1027 si-

148 1054 329 1104 militudinem
353 1052 466 1102 visionis
482 1049 592 1115 fratres
615 1063 679 1099 suos

148 1124 274 1174 homines
301 1122 460 1190 appellaret;
494 1121 559 1186 quid
589 1129 679 1171 autem

146 1195 280 1254 dicamus,
294 1194 366 1259 quod
392 1193 420 1240 in
441 1191 486 1240 illa
507 1191 591 1256 gloria
611 1207 678 1241 con-

147 1267 266 1326 stitutus,
290 1265 376 1315 adhuc
400 1273 542 1314 contentus
567 1273 607 1313 est
633 1278 679 1313 eos

147 1338 235 1387 dicere
247 1337 365 1402 fratres,
381 1334 482 1400 quibus
498 1332 632 1383 sufficeret
646 1333 678 1382 ad

147 1410 253 1459 laudem
278 1407 301 1457 si
327 1408 367 1456 vel
394 1407 479 1456 bonos
501 1421 593 1456 servos
617 1404 679 1454 illos

146 1477 267 1530 vocaret?
280 1497 294 1525 n
304 1477 339 1527 Et
351 1478 449 1527 iterum
467 1478 614 1541 :«Propter
628 1476 679 1524 hoc

147 1550 219 1600 enim
243 1557 307 1598 sunt
328 1548 436 1609 fratres,
459 1548 524 1615 quia
551 1546 678 1606 humiles,

146 1623 209 1689 quia
226 1622 319 1687 abjecti
339 1632 366 1672 et
382 1621 612 1687 contemptibiles,
627 1620 679 1670 hos

144 1695 218 1744 enim
234 1695 299 1743 tales
314 1692 430 1743 maxime
445 1692 474 1741 in
486 1691 678 1741 fraternitatem

144 1773 227 1815 vocat.
240 1784 253 1810 n
266 1764 341 1814 Unde
355 1771 381 1812 et
394 1762 586 1828 Augustinus:
599 1779 612 1807 u
626 1760 679 1810 Mi-

148 1837 215 1887 nimi
230 1853 293 1903 ergo
313 1834 360 1900 qui
381 1845 445 1884 sunt
464 1834 576 1893 Christi,
594 1833 623 1882 hi
638 1832 679 1882 illi

149 1916 213 1957 sunt
232 1908 278 1973 qui
298 1905 391 1956 omnia
409 1905 572 1954 dimiserunt
592 1913 618 1953 et
636 1918 680 1953 se-

149 1979 202 2029 cuti
216 1989 279 2028 sunt
295 1993 367 2037 eum,
381 1987 407 2027 et
425 1977 559 2042 quidquid
574 1975 679 2025 habue-

149 2059 213 2100 runt
233 2049 396 2116 pauperibus
417 2048 629 2108 distribuerunt,
649 2056 680 2096 ut

147 2121 202 2171 Deo
216 2121 275 2170 sine
290 2120 401 2170 seculari
415 2119 544 2184 compede
563 2117 678 2183 expediti

146 2191 284 2250 servirent,
318 2199 344 2239 et
372 2190 405 2239 ab
429 2189 555 2238 oneribus
582 2187 678 2237 mundi

145 2262 244 2312 liberos
259 2262 332 2311 velut
351 2271 481 2326 pennatos
495 2275 604 2309 sursum
625 2260 680 2309 hu-

145 2348 234 2383 meros
257 2333 388 2383 tollerent.
408 2332 443 2382 Hi
463 2341 527 2382 sunt
549 2330 677 2394 minimi3

145 2419 227 2471 quare
241 2403 453 2468 minimi?]Quia
473 2402 601 2463 humiles,
616 2402 680 2468 quia

145 2492 200 2528 non
216 2475 287 2537 elati,
301 2492 356 2525 non
372 2475 490 2542 superbi.
502 2474 680 2540 Apprehende

147 2549 278 2598 minimos
294 2548 369 2610 istos,
385 2557 412 2598 et
425 2562 503 2614 grave
513 2549 620 2614 pondus
634 2547 679 2597 in-

144 2620 234 2670 venies
257 2636 264 2668 z
284 2637 297 2666 »
322 2618 378 2668 haec
399 2619 578 2685 Augustinus.
599 2617 681 2668 Chri-

145 2702 204 2742 stus
227 2691 317 2757 itaque
333 2690 362 2739 in
382 2690 564 2740 esurientibus
586 2690 681 2754 esurit,

146 2763 174 2813 in
206 2762 362 2813 sitientibus
394 2762 467 2822 sitit,
503 2762 531 2811 in
564 2762 680 2813 infirmis

144 2842 263 2901 aegrotat,
277 2843 304 2882 et
317 2833 346 2882 in
357 2833 418 2883 aliis
430 2831 554 2882 similiter
563 2834 678 2898 patitur;

146 2918 243 2969 magna
264 2918 328 2968 ergo
350 2903 496 2952 reverentia
515 2903 680 2968 suscipiendi

144 2983 209 3025 sunt
226 2974 335 3025 minimi
354 2985 528 3041 et.pauperes
554 2976 655 3026 Christi
670 2992 677 3040 ;

144 3056 246 3097 etcum
260 3061 355 3111 magna
370 3047 544 3097 veneratione
556 3047 679 3098 servien-

144 3117 210 3167 dum
225 3126 265 3167 est
283 3116 330 3174 eis,
351 3116 487 3182 siquidem
503 3118 628 3168 Christus
649 3119 678 3168 in

145 3189 184 3241 eis
208 3187 355 3253 suscipitur
375 3198 401 3238 et
423 3188 579 3239 honoratur.
602 3190 680 3240 Unde

146 3260 321 3327 Gregorius:
341 3278 353 3304 α
368 3259 410 3308 Ad
424 3261 598 3309 tribuendum
613 3276 679 3327 ergo

145 3334 214 3400 pigri
238 3351 285 3385 cur
305 3333 379 3394 estis,
400 3334 509 3399 quando
533 3334 585 3384 hoc
606 3334 678 3400 quod

144 3406 238 3471 jacenti
253 3407 281 3456 in
293 3416 361 3456 terra
376 3404 521 3471 porrigitis,
534 3406 635 3456 sedenti
650 3405 679 3455 in

107 3473 120 3486 '
145 3477 211 3527 coelo
225 3477 316 3527 datis?
333 3496 347 3524 s

177 3545 191 3596 5
209 3546 299 3598 Oreus
323 3561 512 3597 urst-:arconem
529 3562 563 3594 no
578 3561 678 3595 nutura

144 3633 328 3668 esnrrnsurru.
344 3646 374 3655 -
390 3617 452 3667 llaec
462 3615 601 3683 praemissa
614 3627 679 3666 sunt

144 3701 223 3752 opera
252 3687 463 3748 misericordie„
492 3687 523 3736 ad
557 3687 677 3752 corporis

144 3760 267 3811 miserias
300 3759 483 3827 pertinentia3
510 3760 543 3810 ad
572 3759 677 3810 animas

143 3847 206 3882 vero
237 3844 336 3900 spectat
364 3852 373 3884 ι
403 3843 433 3884 ut
459 3833 620 3883 esurientem
650 3842 676 3883 et

144 3903 280 3957 sitientem
295 3906 426 3972 justitiam
442 3920 509 3971 pane
529 3905 604 3957 verbi
626 3905 674 3956 Dei

451 295 626 348 SECUNDAE
643 291 768 344 PARTlS
782 292 900 344 CAPUT
912 294 943 344 L.

732 407 843 470 reficias,
857 419 884 460 et
894 418 958 476 potu
971 409 1110 476 sapientire
1120 410 1268 478 refrigeres,

732 492 866 531 errantem
877 497 926 546 per
937 481 1062 532 haeresim
1074 484 1117 533 vel
1124 498 1172 548 per
1179 498 1267 549 pecca-

732 563 800 612 tum,
826 551 855 601 in
880 551 994 601 domum
1024 553 1120 604 matris
1145 554 1267 606 Ecclesia

732 623 780 673 Dei
809 637 927 687 revoces,
951 623 1122 675 innocentem
1144 640 1160 675 a
1183 627 1266 687 ,malis

732 703 868 761 protegas,
886 693 989 744 nudum
1005 695 1019 745 a
1037 695 1108 746 bono
1120 712 1204 762 opere
1217 697 1268 749 vir·

732 764 835 815 tutibus
859 779 959 825 ornes,
992 765 1132 816 infirmum
1163 767 1193 818 in
1218 767 1268 819 fide

731 836 896 896 corrobores,
921 835 1097 888 tribulatione
1128 854 1179 890 seu
1210 855 1268 890 car-

731 923 790 961 cere
817 908 933 959 tristitiae
965 923 1094 974 oppresso
1124 911 1269 962 subvenias

731 979 927 1045 compatiendo,
953 980 994 1030 vel
1013 981 1190 1031 consolando.
1214 981 1266 1042 Qui

731 1049 803 1098 enim
816 1049 873 1099 haec
880 1049 952 1109 facit,
958 1065 1047 1100 veram
1057 1050 1232 1102 dilectionem
1244 1062 1268 1102 et

731 1119 867 1171 caritatem
883 1120 1021 1187 adimplet,
1046 1132 1073 1172 et
1087 1122 1145 1173 haec
1169 1122 1268 1188 majora

732 1202 796 1242 sunt
813 1208 896 1258 quam
918 1192 970 1243 alia
985 1195 1134 1259 praemissa,
1148 1195 1222 1263 quia,
1238 1205 1268 1246 ut

731 1263 769 1312 ait
781 1263 943 1329 Gregorius,
955 1265 1017 1329 plus
1027 1275 1067 1314 est
1081 1266 1157 1315 verbi
1171 1266 1268 1332 pabulo

730 1335 861 1384 victuram
871 1334 899 1384 in
915 1346 1074 1401 perpetuum
1082 1346 1202 1387 mentem
1213 1336 1269 1387 reti·

732 1421 800 1466 cere,
817 1421 900 1471 quam
921 1416 1043 1457 ventrem
1058 1408 1197 1459 moriturae
1210 1424 1270 1460 car·

733 1477 777 1528 nis
808 1487 912 1528 terreno
945 1492 1015 1545 pane
1047 1479 1155 1530 satiare.
1190 1480 1268 1532 Unde

733 1549 946 1616 chrysostomus
969 1565 977 1598 .·
1001 1567 1015 1595 u
1032 1549 1060 1598 Si
1086 1549 1144 1600 haec
1170 1552 1263 1602 omnia

732 1619 905 1685 corporaliter
918 1619 1077 1685 corporibus
1090 1620 1196 1670 Christi
1211 1621 1265 1672 rni-

734 1691 847 1741 nistrare
874 1705 977 1755 magnae
1005 1691 1184 1742 beatitudinis
1209 1702 1268 1756 est,

732 1776 793 1828 quae
812 1760 925 1810 omnino
952 1773 1013 1827 post
1044 1761 1186 1812 modicum
1207 1774 1269 1813 sunt

733 1833 860 1899 peritura,
875 1841 953 1897 putas
968 1841 1075 1898 quantae
1094 1832 1269 1884 beatitudinis

731 1914 780 1967 est,
796 1903 854 1952 haec
869 1901 961 1952 omnia
972 1902 1148 1968 spiritualiter
1163 1903 1267 1954 anima·

731 1977 782 2026 bus
798 1973 1010 2040 periclitantibus
1024 1973 1190 2036 ministrare,
1207 1973 1267 2041 qui·

731 2049 783 2098 bus
811 2045 951 2098 vivificatae
974 2046 1082 2112 possint
1115 2046 1206 2098 vivere
1237 2047 1265 2096 in

733 2119 879 2172 aeternum!
896 2120 1002 2181 Quanto
1017 2119 1115 2170 melior
1127 2130 1168 2170 est
1180 2119 1268 2171 anim

732 2207 814 2258 quam
841 2206 945 2256 corpus,
971 2199 1045 2240 tanto
1070 2191 1185 2242 meliora
1207 2201 1268 2242 sunt

731 2278 791 2328 quae
813 2262 846 2311 ad
870 2262 982 2311 salutem
1004 2258 1170 2322 animarum,
1187 2276 1266 2329 quam

731 2350 792 2401 quae
814 2334 846 2384 ad
866 2333 1088 2384 sustentationem
1112 2347 1267 2399 corporum,

731 2405 928 2455 ministrantur.
943 2423 957 2452 u

763 2477 780 2528 6
794 2479 864 2538 Qun>
878 2493 955 2528 nicar
967 2477 1025 2526 Rex
1036 2491 1114 2528 trsms
1123 2477 1133 2528 i
1142 2506 1174 2516 —
1191 2476 1268 2529 Tunc

744 2550 814 2601 dicet
834 2551 899 2601 Rex
921 2556 948 2600 et
970 2548 1013 2600 tu's
1033 2549 1079 2614 qui
1108 2564 1126 2599 a
1150 2549 1269 2601 sinistris

732 2623 791 2689 ejus
811 2629 897 2687 erunt,
913 2621 940 2671 id
953 2631 994 2672 est
1007 2621 1141 2688 reprobis,
1159 2623 1209 2690 qui
1232 2621 1268 2673 si-

733 2693 826 2752 nistra,
852 2691 880 2741 id
901 2701 941 2742 est
963 2691 1131 2758 temporalia,
1147 2692 1267 2760 quandiu

731 2764 865 2824 vixerunt,
876 2763 997 2813 ardenter
1006 2773 1168 2813 amaverunt
1182 2781 1189 2814 :
1203 2763 1268 2814 Dis·

732 2835 818 2886 cedite
837 2849 855 2884 α
871 2848 921 2885 me.
937 2835 962 2884 O
978 2834 1073 2884 infelix
1087 2833 1266 2886 discessioIO

732 2908 799 2957 dura
813 2904 965 2972 separatio!
981 2907 1006 2957 Ο
1021 2895 1189 2959 miserabilis
1203 2923 1267 2959 con·

732 2977 816 3029 ditio!
842 2978 980 3028 Discedite
998 2992 1061 3044 ergo
1090 2993 1106 3029 a
1129 2994 1177 3030 me
1196 2979 1267 3030 fonte

731 3052 795 3102 vitae
820 3049 1019 3110 indeficientis,
1046 3066 1061 3101 a
1091 3067 1135 3103 rne
1166 3052 1266 3104 lumine

732 3123 825 3189 gloriae
862 3121 1060 3184 beatificantis,
1093 3138 1110 3173 a
1139 3138 1185 3174 me
1213 3133 1266 3174 tor·

732 3206 805 3245 rente
824 3194 969 3261 voluptatis
991 3194 1163 3256 inundantis,
1186 3211 1202 3247 a
1226 3209 1265 3245 me

733 3265 899 3331 plenitudine
930 3266 1061 3316 ubertatis
1092 3265 1263 3328 inebriantis3

731 3334 888 3386 maledicti:
906 3335 994 3400 primo
1011 3335 1203 3386 maledictione
1216 3334 1265 3385 cul·

730 3422 788 3472 pu,
809 3406 855 3456 sed
875 3406 956 3456 modo
976 3405 1168 3456 maledictione
1181 3418 1263 3473 poena

729 3486 846 3537 aeternae,
870 3477 897 3527 in
926 3477 1016 3543 ignem
1042 3483 1183 3541 aeteruum,
1208 3477 1264 3527 sine

730 3547 784 3599 fine
804 3564 852 3599 vos
869 3563 1003 3608 arsurum,
1029 3549 1075 3614 qui
1091 3555 1214 3615 paratus
1226 3553 1264 3598 est

729 3621 837 3672 diabolo
856 3626 883 3670 et
901 3620 1009 3687 angelis
1023 3620 1090 3687 ejus,
1116 3629 1148 3671 ut
1167 3619 1264 3687 quibus

729 3690 846 3756 colligati
861 3688 951 3741 fuistis
966 3690 993 3740 in
1015 3691 1102 3755 culpa,
1124 3688 1263 3741 sociemini

728 3761 758 3811 in
787 3776 872 3827 poena.
907 3760 931 3811 0
960 3760 1128 3812 consortium
1148 3763 1264 3829 malum,

728 3833 858 3884 horribile
872 3833 983 3899 quidem
997 3833 1030 3884 ad
1049 3831 1263 3900 imaginandum,

728 3903 857 3956 horribile
869 3903 986 3971 amplius
999 3904 1032 3956 ad
1043 3903 1207 3971 videndum,
1219 3904 1262 3959 md
