2632 4320
90 213 118 274 ¹2
346 222 349 229 '
421 220 594 271 SECUNDAE
613 214 736 269 PARTIS'
752 218 868 270 CAPUT
884 221 903 270 l.

101 339 158 398 vit,
187 348 213 389 et
242 354 275 390 ex
302 348 367 388 tunc
399 353 457 388 eam
488 338 633 388 Caesaream

104 408 232 475 Philippi,
247 409 274 458 in
296 408 456 458 memoriam
478 407 519 458 sui
542 407 634 456 nomi-

102 480 154 543 nis,
168 480 233 529 etin
249 479 381 528 honorem
397 477 498 528 Tiberii
511 478 633 539 Caesaris,

101 551 148 617 qui
170 549 194 599 ei
213 559 337 614 quartam
361 559 464 614 partem
486 548 560 614 regni
587 549 633 597 de-

101 623 191 680 derat,
219 619 371 686 appellavit.
400 620 433 669 Et
460 629 501 670 est
525 619 576 669 sita
607 618 633 667 in

22 726 25 731 -
101 693 284 758 pedemontis
300 690 404 751 Libani,
420 690 464 740 ubi
487 690 553 740 hinc
572 690 634 739 inde

101 766 129 816 in
158 764 254 815 declivi
282 765 361 814 latere
386 764 486 814 montis
510 764 639 814 oriuntur-

100 839 155 888 duo
179 839 279 899 fontes,
300 839 346 888 Jor
365 847 392 887 et
410 838 468 887 Dan
488 837 563 896 dicti,
586 836 633 902 qui

101 919 162 976 post
183 909 330 968 modicum,
352 908 384 957 ad
405 908 520 958 radicem
541 918 566 958 et
587 924 634 973 pe-

100 980 163 1030 dem
194 979 290 1029 Libani
315 977 488 1037 confluentes,
515 977 634 1028 efficiunt

99 1051 253 1114 Jordanem,
271 1051 318 1117 qui
340 1060 401 1116 post
422 1050 516 1114 longos
534 1050 633 1100 circui-

99 1132 143 1174 tus
160 1124 310 1190 ingreditur
326 1140 398 1173 mare
411 1124 537 1183 Galilaeae,
552 1140 634 1191 prope

99 1194 238 1246 Corozaim
260 1195 403 1245 civitatem.
428 1194 532 1244 Dicitur
553 1194 632 1244 etiam

98 1265 217 1316 Caesarea
241 1265 370 1330 Philippi,
397 1264 428 1314 ad
455 1263 631 1314 differentiam

98 1335 224 1386 Coesareae
248 1335 407 1393 Palestinae,
434 1334 480 1383 ubi
505 1335 632 1385 Centurio

97 1406 242 1457 Cornelius
261 1406 359 1456 dicitur
379 1405 523 1456 habitasse.
544 1406 591 1455 Est
606 1415 632 1456 et

95 1477 147 1529 al'u
167 1479 293 1541 Cesarea,
313 1476 472 1542 metropolis
490 1477 631 1544 Cappado-

96 1547 153 1607 ciae,
171 1564 233 1614 quae
248 1559 287 1598 est
303 1548 331 1598 in
344 1547 452 1613 regione
471 1547 584 1598 Turciae.
600 1548 630 1596 ln

96 1621 146 1673 ista
160 1633 251 1672 autem
266 1622 381 1681 civitate,
397 1620 499 1671 scilicet
512 1620 630 1671 Caesarea

97 1696 226 1761 Philippi,
241 1705 266 1744 et
283 1695 311 1745 in
330 1694 482 1746 confinibus
497 1695 563 1759 ejus,
579 1695 630 1745 ha-

96 1765 198 1816 bitabat
221 1766 349 1816 Gentium
373 1766 500 1832 populus;
523 1776 549 1816 et
570 1765 629 1815 ideo

96 1854 129 1890 ex
150 1839 202 1889 hoc
227 1841 299 1906 quod
322 1839 446 1891 Christus
471 1839 630 1905 mysterium

96 1925 153 1961 suae
172 1910 369 1960 incarnationis
384 1909 429 1960 hic
443 1910 560 1959 revelare
578 1925 631 1958 vo-

96 1980 156 2039 luit,
170 1980 320 2030 ostenditur
333 1980 407 2046 quod
422 1979 628 2029 fundamentum

97 2050 223 2102 Ecclesiae
247 2050 276 2099 in
296 2048 347 2099 fide
368 2049 497 2100 Gentium
513 2047 551 2099 fit.
567 2050 629 2100 Haec

96 2122 170 2174 enirn
185 2121 278 2172 civitas
298 2131 338 2172 est
359 2120 496 2171 Phoenicis
513 2121 630 2186 regionis

97 2193 235 2252 Gentium,
263 2202 289 2242 et
317 2192 448 2243 terminus
472 2192 570 2243 Judaeae
597 2194 629 2243 ad

95 2264 332 2330 Septemtrionem‚
353 2264 386 2312 ad
401 2277 483 2328 quam
497 2263 629 2313 tributum

97 2349 194 2385 census
208 2333 304 2399 capitis
320 2332 495 2392 deferebatur,
513 2348 631 2399 proquo

96 2405 148 2455 sub
168 2404 270 2454 Caesare
290 2406 412 2468 Augusto
426 2404 569 2454 universus
583 2420 630 2453 or-

96 2475 139 2526 bis
164 2475 312 2540 descriptus
336 2475 443 2525 dicitur.
472 2475 629 2542 Congruum

95 2556 184 2597 autem
200 2545 260 2606 suit,
280 2556 309 2595 ut
326 2545 353 2594 in
365 2546 424 2594 loco
439 2545 467 2595 in
483 2562 538 2612 quo
555 2547 631 2597 orbis

94 2615 226 2667 tributum
244 2615 332 2674 solvit,
352 2615 409 2665 Rex
423 2631 517 2681 regum
531 2626 557 2666 et
574 2617 631 2667 Do-

95 2689 187 2739 minus
200 2689 273 2738 orbis
287 2688 418 2738 tributum
430 2687 492 2738 fidei
504 2690 629 2755 exigeret,

95 2760 168 2825 quod
190 2759 303 2808 solvitur
326 2757 459 2822 decapite
479 2758 584 2820 animae,
603 2760 629 2808 id

95 2838 136 2880 est
149 2829 182 2878 de
197 2838 293 2878 mente.

129 2897 142 2949 3
168 2899 302 2949 Cunrsrus
327 2914 479 2950 nrscrauuos
501 2916 630 2950 turanno-

95 2985 157 3022 σιτ.
172 2998 202 3008 -
216 2971 255 3020 Et
277 2986 337 3020 cum
361 2981 431 3022 esset
453 2974 527 3023 solus
550 2988 630 3024 orans

95 3041 125 3092 in
137 3040 189 3101 via,
203 3041 391 3108 interrogabat
399 3043 546 3110 discipulos
556 3059 629 3109 suot,

95 3127 152 3163 non
174 3111 239 3177 quia
262 3112 403 3176 dubitaret,
423 3115 464 3163 vel
485 3114 629 3180 ignoraret,

94 3191 122 3234 et
149 3191 182 3233 ut
202 3181 305 3248 aliquid
329 3182 457 3247 disceret;
472 3186 518 3236 sed
541 3196 571 3236 ut
584 3203 631 3237 eos

94 3253 233 3306 veritatem
259 3252 404 3306 instrueret
423 3265 450 3306 et
470 3255 586 3316 doceret,
604 3269 631 3309 et

95 3338 213 3376 errorem
236 3324 382 3377 hominum
404 3341 451 3392 per
472 3328 629 3394 responsio-

96 3409 160 3446 nem
169 3396 364 3462 discipulorum
379 3397 538 3451 eliminaret.
553 3401 628 3461 Item,

94 3467 184 3519 uteie
205 3467 372 3520 occasionem
395 3469 515 3521 merendi
540 3471 628 3534 daret;

94 3546 121 3588 et
134 3553 185 3589 nos
202 3539 273 3591 fideli
294 3554 388 3591 eorum
407 3539 587 3602 confessione,
601 3542 629 3592 in

94 3605 149 3659 fide
169 3609 304 3662 solidaret.
317 3611 399 3672 item,
420 3622 451 3663 ut
470 3609 552 3664 fidem
567 3612 629 3663 illo-

93 3693 156 3731 rum
172 3695 220 3746 per
233 3693 391 3748 sequentem
407 3684 628 3749 approbationem

94 3760 121 3803 et
147 3753 356 3820 promissionem
383 3757 411 3807 in
436 3756 505 3823 ipsis
530 3757 628 3810 serdus

94 3825 273 3890 confirmaret,
286 3842 315 3878 ac
326 3829 505 3882 differentiam
517 3830 629 3898 Aposto-

687 336 776 386 lorum
799 346 825 386 et
851 337 1014 404 populorum
1038 335 1224 387 confirmando

687 407 845 458 ostenderet.
871 409 1062 473 Exploraturus
1083 416 1173 458 autem
1186 406 1222 456 fi-

686 484 747 532 dem
760 482 955 549 discipulorum
977 483 1051 548 prius
1067 481 1141 548 vulgi
1162 497 1223 532 sen-

686 552 797 602 tentiam
819 553 945 619 inquirit;
967 553 1031 618 quia
1045 550 1221 602 confirmatu-

686 640 732 674 rus
747 640 792 674 eos
816 625 844 675 in
864 624 924 685 tide,
945 626 1019 690 prius
1036 625 1182 690 opiniones
1195 636 1221 675 et

686 710 788 745 errores
809 695 924 746 aliorum
940 712 957 746 a
974 695 1111 746 mentibus
1126 711 1221 746 eorum

686 783 825 820 removere
841 769 935 830 voluit,
952 779 982 819 ut
1000 769 1033 819 de
1047 768 1159 819 veritate
1175 784 1222 820 eos

686 840 783 891 melius
795 840 960 891 informaret.
974 841 1018 891 Sic
1029 841 1121 891 doctor
1138 841 1223 891 Evan-

686 910 786 975 gelicus
810 912 888 961 debet
902 927 1005 962 errores
1023 912 1175 971 destruere,
1191 922 1222 961 ut

688 981 784 1031 melius
808 983 893 1047 possit
913 982 1051 1033 veritatem
1073 983 1220 1033 adstruere.

685 1053 785 1102 Volens
811 1069 873 1119 ergo
894 1052 1027 1105 Dominus
1052 1068 1157 1103 errores
1171 1070 1222 1104 ex-

685 1123 760 1187 poni,
779 1133 809 1174 ut
824 1123 863 1174 eis
878 1124 1006 1190 expulsis,
1022 1123 1149 1188 discipuli
1170 1140 1220 1174 ve-

684 1193 789 1244 ritatem
815 1193 959 1260 proferant,
981 1211 1035 1244 non
1061 1194 1135 1258 vulgi
1160 1195 1221 1261 opi-

684 1264 774 1324 nione,
796 1266 841 1315 sed
860 1281 892 1316 ex
915 1265 1025 1315 Domini
1047 1264 1219 1325 revelatione,

683 1338 869 1403 interrogabat
884 1352 938 1399 eor,
955 1337 1045 1387 diceus
1059 1355 1067 1387 .·
1083 1336 1168 1398 Quem
1183 1338 1221 1388 di-

682 1414 744 1459 cunt
769 1409 894 1471 homines,
921 1417 947 1458 et
971 1408 1056 1458 turbae
1084 1408 1219 1472 vulgares,

681 1493 740 1529 esse
759 1479 859 1531 Filium
879 1477 1019 1530 hominis?
1032 1477 1059 1527 id
1072 1487 1112 1527 est
1125 1477 1220 1544 Virgi-

683 1548 734 1599 nis.
769 1550 826 1600 Hoc
854 1549 908 1612 soli
934 1549 1043 1599 Christo
1070 1549 1216 1599 convenit:

682 1620 767 1671 Adam
791 1621 864 1670 enim
892 1619 943 1670 fuit
968 1619 1040 1670 filius
1062 1629 1148 1678 terrae‚
1171 1619 1218 1670 alii

682 1691 730 1740 lilii
747 1691 902 1750 hominum,
914 1691 979 1756 quia
994 1706 1026 1741 ex
1041 1699 1157 1754 utroque
1172 1691 1217 1755 gi-

682 1775 802 1830 gnuntur
827 1774 947 1829 parente,
974 1764 1020 1813 sed
1046 1763 1120 1813 solus
1135 1763 1218 1813 Chri·

682 1848 740 1888 stus
754 1836 805 1887 fuit
819 1837 891 1887 filius
903 1838 986 1887 unius
1001 1836 1133 1896 hominis,
1153 1836 1218 1902 quia

682 1923 736 1957 non
752 1906 804 1958 nisi
819 1923 905 1957 unum
926 1917 1062 1972 patentem
1079 1906 1174 1955 habuit
1190 1906 1217 1955 in

681 1988 760 2038 terra,
781 1978 819 2027 sic
834 1994 920 2028 unum
941 1977 969 2026 in
989 1979 1064 2027 coelo.
1086 1976 1169 2025 Vocat
1190 1992 1218 2026 se

682 2048 761 2098 etiam
788 2064 841 2097 non
864 2048 952 2097 solum
970 2047 1071 2096 Filium
1096 2046 1154 2105 Dei,
1170 2048 1217 2097 sed

682 2117 811 2178 hominis,
829 2117 932 2167 ratione
951 2116 1128 2178 humilitatis;
1144 2117 1218 2182 quod

682 2200 721 2238 est
745 2199 837 2239 contra
851 2189 920 2247 illos,
936 2187 983 2254 qui
1003 2203 1108 2252 semper
1122 2189 1218 2237 volunt

682 2276 710 2310 se
725 2276 740 2311 a
753 2258 870 2325 digniori
890 2259 1039 2321 nominare,
1064 2266 1090 2307 et
1104 2258 1218 2322 majores

683 2347 737 2383 suae
758 2333 909 2398 parentelae,
928 2329 1015 2380 tacitis
1034 2329 1138 2392 ceteris,
1151 2331 1218 2380 alle-

683 2419 753 2470 gare.
772 2402 925 2452 Secundum
940 2401 1145 2465 Hieronymum,
1163 2416 1217 2449 non

682 2476 767 2526 dicit:
785 2475 873 2534 Quem
898 2489 941 2523 me
965 2473 1059 2522 dicunt
1082 2488 1140 2522 esse
1165 2474 1218 2522 ho-

683 2546 787 2598 mines?
809 2546 882 2597 Licet
903 2547 936 2596 de
950 2560 978 2595 se
998 2545 1170 2610 intelligeret,
1185 2561 1218 2595 ne

682 2620 808 2684 iactanter
828 2617 863 2668 de
883 2631 912 2666 se
932 2631 1051 2682 quaerere
1066 2615 1216 2678 videretur;

682 2692 728 2743 sed
756 2690 833 2750 dicit,
860 2689 1009 2740 secundum
1047 2687 1219 2754 chrysosto-

682 2777 762 2823 mum,
776 2759 876 2810 Fr'lium
890 2758 1004 2808 hominis
1009 2774 1019 2820 ,·
1033 2757 1098 2822 quia
1112 2757 1218 2822 dispen-

682 2833 814 2884 sationem
837 2829 1029 2891 Inearnationis
1054 2830 1124 2880 credi
1150 2832 1217 2887 vult,

682 2916 708 2956 et
723 2905 751 2953 in
766 2900 962 2954 confessionem
976 2900 1109 2951 devenire.
1133 2900 1218 2951 Simi-

682 2975 743 3025 liter
764 2973 863 3040 praelati
883 2987 914 3023 ac
937 2971 1060 3023 doctores
1080 2981 1106 3022 et
1127 2973 1218 3038 magni

683 3045 809 3096 homines
847 3043 976 3093 deberent
1014 3042 1150 3110 inquirere
1184 3043 1216 3092 de

682 3115 753 3166 fama
765 3129 814 3165 sua
832 3113 1055 3164 acallateralibus
1070 3114 1139 3175 suis;
1155 3111 1219 3176 quia

682 3189 754 3240 bona
775 3187 847 3239 fame
864 3187 984 3238 doctoris
1004 3197 1032 3238 et
1051 3182 1217 3251 presidentis

682 3262 799 3311 multum
814 3259 879 3311 facit
895 3260 931 3310 ad
950 3256 1079 3309 doctrine
1091 3265 1118 3305 et
1129 3252 1219 3304 aedifi-

680 3329 797 3382 cationis
817 3328 953 3391 frucmm·,
977 3327 1055 3385 male,
1075 3324 1108 3375 ad
1131 3323 1217 3374 detri-

681 3415 813 3455 mentum.
834 3401 912 3455 Unde
930 3399 1062 3465 Origenes
1077 3413 1086 3448 ε
1102 3415 1115 3443 ι
1130 3396 1218 3446 Inter-

681 3472 785 3541 rogavit
801 3470 926 3525 chrletus
945 3467 1104 3532 discipulos,
1119 3477 1148 3515 ut
1165 3481 1216 3515 nos

680 3560 786 3610 semper
805 3551 955 3595 scrutemur
968 3537 1059 3605 qttal'ts
1072 3536 1165 3603 opinio
1180 3536 1218 3586 sit

680 3615 751 3680 apud
774 3611 902 3665 homines
914 3609 949 3661 de
963 3606 1054 3667 nubis,
1068 3618 1097 3657 ut
1112 3606 1134 3657 si
1150 3606 1218 3671 quid

681 3688 750 3738 male
772 3685 870 3737 dicitur
890 3683 924 3733 de
945 3681 1038 3740 nobis,
1063 3678 1219 3730 occasiones

680 3759 754 3811 illius
774 3755 968 3826 presidentem
992 3753 1014 3804 si
1036 3752 1103 3819 quid
1128 3761 1218 3801 autem

680 3831 764 3892 boni,
797 3829 856 3895 ejus
882 3825 1036 3879 occasiones
1062 3838 1218 3889 augeamus.
