<?xml version="1.0" encoding="UTF-8"?>
<!DOCTYPE html PUBLIC "-//W3C//DTD XHTML 1.0 Transitional//EN"
    "http://www.w3.org/TR/xhtml1/DTD/xhtml1-transitional.dtd">
<html xmlns="http://www.w3.org/1999/xhtml" xml:lang="en" lang="en">
 <head>
  <title>
</title>
<meta http-equiv="Content-Type" content="text/html;charset=utf-8" />
  <meta name='ocr-system' content='tesseract 3.04.00' />
  <meta name='ocr-capabilities' content='ocr_page ocr_carea ocr_par ocr_line ocrx_word'/>
</head>
<body>
  <div class='ocr_page' id='page_1' title='image "./vitajesuchristi01rigogoog_0176.png"; bbox 0 0 2632 4320; ppageno 0'>
   <div class='ocr_carea' id='block_1_1' title="bbox 350 228 979 282">
    <p class='ocr_par' dir='ltr' id='par_1_1' title="bbox 350 228 979 282">
     <span class='ocr_line' id='line_1_1' title="bbox 350 228 979 282; baseline 0.003 -2"><span class='ocrx_word' id='word_1_1' title='bbox 350 231 397 281; x_wconf 88' lang='lat' dir='ltr'>DE</span> <span class='ocrx_word' id='word_1_2' title='bbox 414 228 606 281; x_wconf 87' lang='lat' dir='ltr'><strong>PETITIONE</strong></span> <span class='ocrx_word' id='word_1_3' title='bbox 620 228 794 280; x_wconf 88' lang='lat' dir='ltr'>FILIORUM</span> <span class='ocrx_word' id='word_1_4' title='bbox 810 229 979 282; x_wconf 87' lang='lat' dir='ltr'><strong>ZEBEDAEI.</strong></span> 
     </span>
    </p>
   </div>
   <div class='ocr_carea' id='block_1_2' title="bbox 103 345 637 414">
    <p class='ocr_par' dir='ltr' id='par_1_2' title="bbox 103 345 637 414">
     <span class='ocr_line' id='line_1_2' title="bbox 103 345 637 414; baseline -0.004 -17"><span class='ocrx_word' id='word_1_5' title='bbox 103 347 180 414; x_wconf 90' lang='lat' dir='ltr'>sequi</span> <span class='ocrx_word' id='word_1_6' title='bbox 192 362 249 397; x_wconf 90' lang='lat' dir='ltr'>non</span> <span class='ocrx_word' id='word_1_7' title='bbox 262 355 355 397; x_wconf 86' lang='lat' dir='ltr'>cessat.</span> <span class='ocrx_word' id='word_1_8' title='bbox 369 345 398 396; x_wconf 93' lang='lat' dir='ltr'>Si</span> <span class='ocrx_word' id='word_1_9' title='bbox 414 362 476 412; x_wconf 88' lang='lat' dir='ltr'>ergo</span> <span class='ocrx_word' id='word_1_10' title='bbox 489 345 637 413; x_wconf 87' lang='lat' dir='ltr'>principem</span> 
     </span>
    </p>
   </div>
   <div class='ocr_carea' id='block_1_3' title="bbox 67 417 639 3900">
    <p class='ocr_par' dir='ltr' id='par_1_3' title="bbox 96 417 639 1687">
     <span class='ocr_line' id='line_1_3' title="bbox 105 417 639 484; baseline -0.004 -15"><span class='ocrx_word' id='word_1_11' title='bbox 105 429 183 484; x_wconf 90' lang='lat' dir='ltr'>potes</span> <span class='ocrx_word' id='word_1_12' title='bbox 199 419 307 469; x_wconf 89' lang='lat' dir='ltr'>vincere</span> <span class='ocrx_word' id='word_1_13' title='bbox 330 417 358 467; x_wconf 88' lang='lat' dir='ltr'>in</span> <span class='ocrx_word' id='word_1_14' title='bbox 379 427 496 483; x_wconf 87' lang='lat' dir='ltr'>peccat0,</span> <span class='ocrx_word' id='word_1_15' title='bbox 518 433 574 468; x_wconf 92' lang='lat' dir='ltr'>non</span> <span class='ocrx_word' id='word_1_16' title='bbox 597 427 639 468; x_wconf 91' lang='lat' dir='ltr'>est</span> 
     </span>
     <span class='ocr_line' id='line_1_4' title="bbox 104 488 637 556; baseline -0.002 -17"><span class='ocrx_word' id='word_1_17' title='bbox 104 505 236 556; x_wconf 87' lang='lat' dir='ltr'>magnum</span> <span class='ocrx_word' id='word_1_18' title='bbox 249 504 375 555; x_wconf 87' lang='lat' dir='ltr'>superare</span> <span class='ocrx_word' id='word_1_19' title='bbox 389 488 526 555; x_wconf 84' lang='lat' dir='ltr'>principes</span> <span class='ocrx_word' id='word_1_20' title='bbox 540 490 598 555; x_wconf 78' lang='lat' dir='ltr'>ejus</span> <span class='ocrx_word' id='word_1_21' title='bbox 607 488 637 539; x_wconf 90' lang='lat' dir='ltr'>in</span> 
     </span>
     <span class='ocr_line' id='line_1_5' title="bbox 101 562 636 630; baseline -0.002 -16"><span class='ocrx_word' id='word_1_22' title='bbox 101 578 224 630; x_wconf 90' lang='lat' dir='ltr'>corpore.</span> <span class='ocrx_word' id='word_1_23' title='bbox 232 565 297 614; x_wconf 88' lang='lat' dir='ltr'>Ecce</span> <span class='ocrx_word' id='word_1_24' title='bbox 307 563 445 614; x_wconf 90' lang='lat' dir='ltr'>ostendam</span> <span class='ocrx_word' id='word_1_25' title='bbox 452 562 501 613; x_wconf 90' lang='lat' dir='ltr'>tibi</span> <span class='ocrx_word' id='word_1_26' title='bbox 511 578 636 628; x_wconf 85' lang='lat' dir='ltr'>magnam</span> 
     </span>
     <span class='ocr_line' id='line_1_6' title="bbox 98 633 635 700; baseline -0.004 -16"><span class='ocrx_word' id='word_1_27' title='bbox 98 645 126 685; x_wconf 89' lang='lat' dir='ltr'>et</span> <span class='ocrx_word' id='word_1_28' title='bbox 139 633 363 685; x_wconf 88' lang='lat' dir='ltr'>insufferribilem</span> <span class='ocrx_word' id='word_1_29' title='bbox 378 633 591 700; x_wconf 84' lang='lat' dir='ltr'>persecutionem</span> <span class='ocrx_word' id='word_1_30' title='bbox 607 633 635 683; x_wconf 95' lang='lat' dir='ltr'>in</span> 
     </span>
     <span class='ocr_line' id='line_1_7' title="bbox 98 703 636 770; baseline -0.006 -14"><span class='ocrx_word' id='word_1_31' title='bbox 98 720 213 770; x_wconf 91' lang='lat' dir='ltr'>corpore</span> <span class='ocrx_word' id='word_1_32' title='bbox 238 713 294 755; x_wconf 89' lang='lat' dir='ltr'>tuo.</span> <span class='ocrx_word' id='word_1_33' title='bbox 312 705 403 770; x_wconf 87' lang='lat' dir='ltr'>Incipe</span> <span class='ocrx_word' id='word_1_34' title='bbox 424 703 548 754; x_wconf 88' lang='lat' dir='ltr'>resistere</span> <span class='ocrx_word' id='word_1_35' title='bbox 563 703 636 754; x_wconf 88' lang='lat' dir='ltr'>desi-</span> 
     </span>
     <span class='ocr_line' id='line_1_8' title="bbox 97 776 635 843; baseline 0.002 -17"><span class='ocrx_word' id='word_1_36' title='bbox 97 777 183 828; x_wconf 88' lang='lat' dir='ltr'>deriis</span> <span class='ocrx_word' id='word_1_37' title='bbox 199 777 264 838; x_wconf 90' lang='lat' dir='ltr'>tuis,</span> <span class='ocrx_word' id='word_1_38' title='bbox 282 788 308 828; x_wconf 92' lang='lat' dir='ltr'>et</span> <span class='ocrx_word' id='word_1_39' title='bbox 324 787 387 828; x_wconf 91' lang='lat' dir='ltr'>tunc</span> <span class='ocrx_word' id='word_1_40' title='bbox 404 776 540 842; x_wconf 85' lang='lat' dir='ltr'>intelliges</span> <span class='ocrx_word' id='word_1_41' title='bbox 554 792 635 843; x_wconf 86' lang='lat' dir='ltr'>quam</span> 
     </span>
     <span class='ocr_line' id='line_1_9' title="bbox 98 846 635 913; baseline -0.002 -15"><span class='ocrx_word' id='word_1_42' title='bbox 98 847 181 898; x_wconf 85' lang='lat' dir='ltr'>fortes</span> <span class='ocrx_word' id='word_1_43' title='bbox 214 858 278 898; x_wconf 89' lang='lat' dir='ltr'>sunt</span> <span class='ocrx_word' id='word_1_44' title='bbox 305 847 417 913; x_wconf 91' lang='lat' dir='ltr'>spiritus</span> <span class='ocrx_word' id='word_1_45' title='bbox 437 846 635 897; x_wconf 73' lang='lat' dir='ltr'>desideriorum</span> 
     </span>
     <span class='ocr_line' id='line_1_10' title="bbox 98 917 633 984; baseline -0.002 -16"><span class='ocrx_word' id='word_1_46' title='bbox 98 919 235 968; x_wconf 86' lang='lat' dir='ltr'>malorum</span> <span class='ocrx_word' id='word_1_47' title='bbox 250 917 298 984; x_wconf 91' lang='lat' dir='ltr'>qui</span> <span class='ocrx_word' id='word_1_48' title='bbox 312 928 339 968; x_wconf 89' lang='lat' dir='ltr'>te</span> <span class='ocrx_word' id='word_1_49' title='bbox 351 927 557 984; x_wconf 89' lang='lat' dir='ltr'>persequuntur.</span> <span class='ocrx_word' id='word_1_50' title='bbox 570 917 633 968; x_wconf 85' lang='lat' dir='ltr'>Haec</span> 
     </span>
     <span class='ocr_line' id='line_1_11' title="bbox 98 986 636 1053; baseline -0.002 -16"><span class='ocrx_word' id='word_1_51' title='bbox 98 987 170 1038; x_wconf 89' lang='lat' dir='ltr'>enim</span> <span class='ocrx_word' id='word_1_52' title='bbox 189 1003 279 1053; x_wconf 87' lang='lat' dir='ltr'>pugna</span> <span class='ocrx_word' id='word_1_53' title='bbox 301 987 461 1052; x_wconf 86' lang='lat' dir='ltr'>periculosa,</span> <span class='ocrx_word' id='word_1_54' title='bbox 481 996 507 1036; x_wconf 90' lang='lat' dir='ltr'>et</span> <span class='ocrx_word' id='word_1_55' title='bbox 525 986 582 1036; x_wconf 83' lang='lat' dir='ltr'>haec</span> <span class='ocrx_word' id='word_1_56' title='bbox 595 996 636 1036; x_wconf 91' lang='lat' dir='ltr'>est</span> 
     </span>
     <span class='ocr_line' id='line_1_12' title="bbox 99 1056 635 1123; baseline -0.002 -16"><span class='ocrx_word' id='word_1_57' title='bbox 99 1057 219 1122; x_wconf 85' lang='lat' dir='ltr'>gloriosa</span> <span class='ocrx_word' id='word_1_58' title='bbox 235 1057 355 1117; x_wconf 85' lang='lat' dir='ltr'>victoria,</span> <span class='ocrx_word' id='word_1_59' title='bbox 370 1056 416 1122; x_wconf 93' lang='lat' dir='ltr'>qui</span> <span class='ocrx_word' id='word_1_60' title='bbox 429 1056 547 1123; x_wconf 91' lang='lat' dir='ltr'>potuerit</span> <span class='ocrx_word' id='word_1_61' title='bbox 559 1056 635 1106; x_wconf 89' lang='lat' dir='ltr'>odire</span> 
     </span>
     <span class='ocr_line' id='line_1_13' title="bbox 100 1125 633 1192; baseline -0.008 -14"><span class='ocrx_word' id='word_1_62' title='bbox 100 1128 174 1192; x_wconf 89' lang='lat' dir='ltr'>quod</span> <span class='ocrx_word' id='word_1_63' title='bbox 189 1137 272 1188; x_wconf 87' lang='lat' dir='ltr'>amat,</span> <span class='ocrx_word' id='word_1_64' title='bbox 295 1137 323 1178; x_wconf 90' lang='lat' dir='ltr'>et</span> <span class='ocrx_word' id='word_1_65' title='bbox 336 1142 426 1177; x_wconf 90' lang='lat' dir='ltr'>amare</span> <span class='ocrx_word' id='word_1_66' title='bbox 438 1127 511 1192; x_wconf 92' lang='lat' dir='ltr'>quod</span> <span class='ocrx_word' id='word_1_67' title='bbox 523 1125 581 1176; x_wconf 92' lang='lat' dir='ltr'>odit</span> <span class='ocrx_word' id='word_1_68' title='bbox 597 1141 606 1176; x_wconf 73' lang='lat' dir='ltr'>a</span> <span class='ocrx_word' id='word_1_69' title='bbox 620 1145 633 1174; x_wconf 79' lang='lat' dir='ltr'>n</span> 
     </span>
     <span class='ocr_line' id='line_1_14' title="bbox 100 1196 635 1266; baseline 0.002 -19"><span class='ocrx_word' id='word_1_70' title='bbox 100 1197 160 1248; x_wconf 87' lang='lat' dir='ltr'>haec</span> <span class='ocrx_word' id='word_1_71' title='bbox 173 1198 402 1266; x_wconf 67' lang='lat' dir='ltr'>ChrysostomuS,</span> <span class='ocrx_word' id='word_1_72' title='bbox 410 1197 489 1248; x_wconf 90' lang='lat' dir='ltr'>Unde</span> <span class='ocrx_word' id='word_1_73' title='bbox 502 1207 529 1247; x_wconf 87' lang='lat' dir='ltr'>et</span> <span class='ocrx_word' id='word_1_74' title='bbox 537 1196 635 1248; x_wconf 86' lang='lat' dir='ltr'>Hiero-</span> 
     </span>
     <span class='ocr_line' id='line_1_15' title="bbox 97 1269 634 1338; baseline -0.002 -18"><span class='ocrx_word' id='word_1_75' title='bbox 97 1287 198 1338; x_wconf 86' lang='lat' dir='ltr'>nymus</span> <span class='ocrx_word' id='word_1_76' title='bbox 220 1288 229 1322; x_wconf 79' lang='lat' dir='ltr'>r</span> <span class='ocrx_word' id='word_1_77' title='bbox 249 1272 337 1321; x_wconf 84' lang='lat' dir='ltr'>«Non</span> <span class='ocrx_word' id='word_1_78' title='bbox 355 1272 444 1321; x_wconf 89' lang='lat' dir='ltr'>solum</span> <span class='ocrx_word' id='word_1_79' title='bbox 458 1269 553 1320; x_wconf 83' lang='lat' dir='ltr'>effusio</span> <span class='ocrx_word' id='word_1_80' title='bbox 568 1285 634 1319; x_wconf 88' lang='lat' dir='ltr'>san-</span> 
     </span>
     <span class='ocr_line' id='line_1_16' title="bbox 98 1339 633 1407; baseline -0.002 -16"><span class='ocrx_word' id='word_1_81' title='bbox 98 1340 192 1406; x_wconf 84' lang='lat' dir='ltr'>guinis</span> <span class='ocrx_word' id='word_1_82' title='bbox 213 1341 263 1407; x_wconf 85' lang='lat' dir='ltr'>pro</span> <span class='ocrx_word' id='word_1_83' title='bbox 287 1342 398 1391; x_wconf 86' lang='lat' dir='ltr'>nomine</span> <span class='ocrx_word' id='word_1_84' title='bbox 412 1339 514 1391; x_wconf 82' lang='lat' dir='ltr'>Christi</span> <span class='ocrx_word' id='word_1_85' title='bbox 528 1349 633 1406; x_wconf 87' lang='lat' dir='ltr'>marty·</span> 
     </span>
     <span class='ocr_line' id='line_1_17' title="bbox 96 1412 634 1478; baseline -0.002 -15"><span class='ocrx_word' id='word_1_86' title='bbox 96 1412 168 1463; x_wconf 88' lang='lat' dir='ltr'>rium</span> <span class='ocrx_word' id='word_1_87' title='bbox 184 1422 335 1478; x_wconf 86' lang='lat' dir='ltr'>reputatur;</span> <span class='ocrx_word' id='word_1_88' title='bbox 350 1413 396 1462; x_wconf 90' lang='lat' dir='ltr'>sed</span> <span class='ocrx_word' id='word_1_89' title='bbox 410 1412 512 1460; x_wconf 87' lang='lat' dir='ltr'>devotae</span> <span class='ocrx_word' id='word_1_90' title='bbox 524 1426 634 1477; x_wconf 89' lang='lat' dir='ltr'>quoque</span> 
     </span>
     <span class='ocr_line' id='line_1_18' title="bbox 97 1481 633 1548; baseline -0.004 -16"><span class='ocrx_word' id='word_1_91' title='bbox 97 1483 198 1533; x_wconf 88' lang='lat' dir='ltr'>mentis</span> <span class='ocrx_word' id='word_1_92' title='bbox 215 1483 328 1534; x_wconf 89' lang='lat' dir='ltr'>servitus</span> <span class='ocrx_word' id='word_1_93' title='bbox 353 1481 542 1548; x_wconf 90' lang='lat' dir='ltr'>quotidianum</span> <span class='ocrx_word' id='word_1_94' title='bbox 559 1496 633 1531; x_wconf 89' lang='lat' dir='ltr'>mar-</span> 
     </span>
     <span class='ocr_line' id='line_1_19' title="bbox 99 1553 634 1622; baseline 0 -17"><span class='ocrx_word' id='word_1_95' title='bbox 99 1555 202 1622; x_wconf 85' lang='lat' dir='ltr'>tyrium</span> <span class='ocrx_word' id='word_1_96' title='bbox 220 1565 268 1606; x_wconf 91' lang='lat' dir='ltr'>est.</span> <span class='ocrx_word' id='word_1_97' title='bbox 292 1556 339 1606; x_wconf 91' lang='lat' dir='ltr'>llla</span> <span class='ocrx_word' id='word_1_98' title='bbox 358 1569 457 1605; x_wconf 91' lang='lat' dir='ltr'>corona</span> <span class='ocrx_word' id='word_1_99' title='bbox 471 1554 503 1604; x_wconf 91' lang='lat' dir='ltr'>de</span> <span class='ocrx_word' id='word_1_100' title='bbox 524 1553 593 1604; x_wconf 90' lang='lat' dir='ltr'>rosis</span> <span class='ocrx_word' id='word_1_101' title='bbox 607 1563 634 1605; x_wconf 93' lang='lat' dir='ltr'>et</span> 
     </span>
     <span class='ocr_line' id='line_1_20' title="bbox 98 1627 410 1687; baseline -0.01 -9"><span class='ocrx_word' id='word_1_102' title='bbox 98 1628 187 1687; x_wconf 88' lang='lat' dir='ltr'>violis,</span> <span class='ocrx_word' id='word_1_103' title='bbox 204 1627 255 1677; x_wconf 86' lang='lat' dir='ltr'>ista</span> <span class='ocrx_word' id='word_1_104' title='bbox 266 1627 299 1677; x_wconf 90' lang='lat' dir='ltr'>de</span> <span class='ocrx_word' id='word_1_105' title='bbox 312 1627 410 1678; x_wconf 87' lang='lat' dir='ltr'>liliis.»</span> 
     </span>
    </p>

    <p class='ocr_par' dir='ltr' id='par_1_4' title="bbox 67 1701 633 3900">
     <span class='ocr_line' id='line_1_21' title="bbox 128 1701 630 1767; baseline -0.004 -17"><span class='ocrx_word' id='word_1_106' title='bbox 128 1716 145 1767; x_wconf 79' lang='lat'><strong>9</strong></span> <span class='ocrx_word' id='word_1_107' title='bbox 164 1701 371 1751; x_wconf 71' lang='lat' dir='ltr'>Paaoaomarro</span> <span class='ocrx_word' id='word_1_108' title='bbox 386 1715 477 1750; x_wconf 73' lang='lat' dir='ltr'>ulvius</span> <span class='ocrx_word' id='word_1_109' title='bbox 491 1716 526 1750; x_wconf 81' lang='lat' dir='ltr'>ns</span> <span class='ocrx_word' id='word_1_110' title='bbox 543 1714 630 1749; x_wconf 79' lang='lat' dir='ltr'>naono</span> 
     </span>
     <span class='ocr_line' id='line_1_22' title="bbox 67 1768 631 1836; baseline 0 -17"><span class='ocrx_word' id='word_1_111' title='bbox 67 1768 71 1777; x_wconf 90' lang='lat'>&#39;</span> <span class='ocrx_word' id='word_1_112' title='bbox 98 1785 240 1820; x_wconf 71' lang='lat' dir='ltr'>cratonum</span> <span class='ocrx_word' id='word_1_113' title='bbox 263 1798 295 1806; x_wconf 94' lang='lat'><em>-</em></span> <span class='ocrx_word' id='word_1_114' title='bbox 316 1770 349 1820; x_wconf 91' lang='lat' dir='ltr'>Et</span> <span class='ocrx_word' id='word_1_115' title='bbox 370 1769 409 1820; x_wconf 87' lang='lat' dir='ltr'>illi</span> <span class='ocrx_word' id='word_1_116' title='bbox 429 1770 631 1836; x_wconf 81' lang='lat' dir='ltr'>respondentes,</span> 
     </span>
     <span class='ocr_line' id='line_1_23' title="bbox 98 1839 631 1905; baseline -0.002 -16"><span class='ocrx_word' id='word_1_117' title='bbox 98 1839 228 1889; x_wconf 83' lang='lat' dir='ltr'>dixerunt</span> <span class='ocrx_word' id='word_1_118' title='bbox 241 1839 267 1889; x_wconf 90' lang='lat' dir='ltr'>ei</span> <span class='ocrx_word' id='word_1_119' title='bbox 280 1841 448 1890; x_wconf 80' lang='lat' dir='ltr'>:Possumus</span> <span class='ocrx_word' id='word_1_120' title='bbox 455 1857 464 1903; x_wconf 89' lang='grc'><em>;</em></span> <span class='ocrx_word' id='word_1_121' title='bbox 479 1841 631 1905; x_wconf 89' lang='lat' dir='ltr'>loquuntur</span> 
     </span>
     <span class='ocr_line' id='line_1_24' title="bbox 98 1910 629 1977; baseline -0.002 -16"><span class='ocrx_word' id='word_1_122' title='bbox 98 1911 166 1962; x_wconf 89' lang='lat' dir='ltr'>sicut</span> <span class='ocrx_word' id='word_1_123' title='bbox 177 1911 310 1976; x_wconf 86' lang='lat' dir='ltr'>inexperti</span> <span class='ocrx_word' id='word_1_124' title='bbox 332 1911 447 1976; x_wconf 89' lang='lat' dir='ltr'>propriae</span> <span class='ocrx_word' id='word_1_125' title='bbox 467 1910 629 1977; x_wconf 86' lang='lat' dir='ltr'>fragilitatis,</span> 
     </span>
     <span class='ocr_line' id='line_1_25' title="bbox 97 1981 631 2050; baseline 0 -17"><span class='ocrx_word' id='word_1_126' title='bbox 97 1983 167 2048; x_wconf 90' lang='lat' dir='ltr'>quod</span> <span class='ocrx_word' id='word_1_127' title='bbox 184 1998 233 2048; x_wconf 89' lang='lat' dir='ltr'>per</span> <span class='ocrx_word' id='word_1_128' title='bbox 257 1981 379 2033; x_wconf 89' lang='lat' dir='ltr'>effectum</span> <span class='ocrx_word' id='word_1_129' title='bbox 402 1983 497 2049; x_wconf 83' lang='lat' dir='ltr'>patuit,</span> <span class='ocrx_word' id='word_1_130' title='bbox 514 1983 579 2050; x_wconf 90' lang='lat' dir='ltr'>quia</span> <span class='ocrx_word' id='word_1_131' title='bbox 601 1983 631 2033; x_wconf 90' lang='lat' dir='ltr'>in</span> 
     </span>
     <span class='ocr_line' id='line_1_26' title="bbox 100 2051 633 2119; baseline 0 -17"><span class='ocrx_word' id='word_1_132' title='bbox 100 2053 227 2103; x_wconf 90' lang='lat' dir='ltr'>Passione</span> <span class='ocrx_word' id='word_1_133' title='bbox 241 2052 343 2103; x_wconf 88' lang='lat' dir='ltr'>Christi</span> <span class='ocrx_word' id='word_1_134' title='bbox 366 2051 495 2119; x_wconf 87' lang='lat' dir='ltr'>fugerunt</span> <span class='ocrx_word' id='word_1_135' title='bbox 514 2069 570 2119; x_wconf 88' lang='lat' dir='ltr'>prae</span> <span class='ocrx_word' id='word_1_136' title='bbox 592 2053 633 2104; x_wconf 86' lang='lat' dir='ltr'>ti·-</span> 
     </span>
     <span class='ocr_line' id='line_1_27' title="bbox 100 2125 632 2195; baseline 0.004 -20"><span class='ocrx_word' id='word_1_137' title='bbox 100 2141 172 2176; x_wconf 89' lang='lat' dir='ltr'>more</span> <span class='ocrx_word' id='word_1_138' title='bbox 189 2126 294 2185; x_wconf 88' lang='lat' dir='ltr'>mortis.</span> <span class='ocrx_word' id='word_1_139' title='bbox 321 2125 374 2176; x_wconf 91' lang='lat' dir='ltr'>Ubi</span> <span class='ocrx_word' id='word_1_140' title='bbox 399 2127 632 2195; x_wconf 72' lang='lat' dir='ltr'>chrysostomus.-</span> 
     </span>
     <span class='ocr_line' id='line_1_28' title="bbox 99 2197 631 2265; baseline 0.011 -23"><span class='ocrx_word' id='word_1_141' title='bbox 99 2215 113 2242; x_wconf 71' lang='grc' dir='ltr'>«ι</span> <span class='ocrx_word' id='word_1_142' title='bbox 122 2197 327 2262; x_wconf 90' lang='lat' dir='ltr'>Responderunt</span> <span class='ocrx_word' id='word_1_143' title='bbox 336 2208 425 2248; x_wconf 89' lang='lat' dir='ltr'>autem</span> <span class='ocrx_word' id='word_1_144' title='bbox 434 2198 486 2262; x_wconf 88' lang='lat' dir='ltr'>jam</span> <span class='ocrx_word' id='word_1_145' title='bbox 497 2207 631 2265; x_wconf 85' lang='lat' dir='ltr'>prompte,</span> 
     </span>
     <span class='ocr_line' id='line_1_29' title="bbox 101 2267 631 2335; baseline 0.004 -19"><span class='ocrx_word' id='word_1_146' title='bbox 101 2277 281 2333; x_wconf 84' lang='lat' dir='ltr'>exspectantes</span> <span class='ocrx_word' id='word_1_147' title='bbox 306 2267 336 2317; x_wconf 92' lang='lat' dir='ltr'>in</span> <span class='ocrx_word' id='word_1_148' title='bbox 354 2269 472 2333; x_wconf 91' lang='lat' dir='ltr'>eoquod</span> <span class='ocrx_word' id='word_1_149' title='bbox 496 2269 631 2335; x_wconf 90' lang='lat' dir='ltr'>petierunt</span> 
     </span>
     <span class='ocr_line' id='line_1_30' title="bbox 101 2338 632 2390; baseline 0.008 -4"><span class='ocrx_word' id='word_1_150' title='bbox 101 2339 225 2388; x_wconf 88' lang='lat' dir='ltr'>exaudiri.</span> <span class='ocrx_word' id='word_1_151' title='bbox 235 2357 250 2385; x_wconf 81' lang='lat' dir='ltr'>n</span> <span class='ocrx_word' id='word_1_152' title='bbox 259 2339 337 2388; x_wconf 87' lang='lat' dir='ltr'>lesus</span> <span class='ocrx_word' id='word_1_153' title='bbox 353 2349 442 2389; x_wconf 91' lang='lat' dir='ltr'>autem</span> <span class='ocrx_word' id='word_1_154' title='bbox 452 2338 494 2390; x_wconf 86' lang='lat' dir='ltr'>ait</span> <span class='ocrx_word' id='word_1_155' title='bbox 506 2340 545 2390; x_wconf 88' lang='lat' dir='ltr'>eis</span> <span class='ocrx_word' id='word_1_156' title='bbox 561 2357 568 2390; x_wconf 76' lang='grc' dir='ltr'><strong><em>ε</em></strong></span> <span class='ocrx_word' id='word_1_157' title='bbox 582 2340 632 2390; x_wconf 85' lang='lat' dir='ltr'>Ca-</span> 
     </span>
     <span class='ocr_line' id='line_1_31' title="bbox 102 2409 631 2477; baseline 0.006 -18"><span class='ocrx_word' id='word_1_158' title='bbox 102 2409 172 2461; x_wconf 80' lang='lat' dir='ltr'>licem</span> <span class='ocrx_word' id='word_1_159' title='bbox 184 2411 290 2477; x_wconf 85' lang='lat' dir='ltr'>quidem</span> <span class='ocrx_word' id='word_1_160' title='bbox 301 2425 385 2462; x_wconf 83' lang='lat' dir='ltr'>meum</span> <span class='ocrx_word' id='word_1_161' title='bbox 398 2411 500 2471; x_wconf 87' lang='lat' dir='ltr'>bibetis,</span> <span class='ocrx_word' id='word_1_162' title='bbox 511 2419 537 2462; x_wconf 88' lang='lat' dir='ltr'>et</span> <span class='ocrx_word' id='word_1_163' title='bbox 549 2413 631 2477; x_wconf 79' lang='lat' dir='ltr'>bapti-</span> 
     </span>
     <span class='ocr_line' id='line_1_32' title="bbox 102 2482 630 2550; baseline 0.002 -20"><span class='ocrx_word' id='word_1_164' title='bbox 102 2495 154 2532; x_wconf 89' lang='lat' dir='ltr'>smo</span> <span class='ocrx_word' id='word_1_165' title='bbox 167 2497 219 2548; x_wconf 87' lang='lat' dir='ltr'>quo</span> <span class='ocrx_word' id='word_1_166' title='bbox 234 2482 358 2550; x_wconf 64' lang='lat' dir='ltr'>baptiaor</span> <span class='ocrx_word' id='word_1_167' title='bbox 373 2482 586 2549; x_wconf 60' lang='lat' dir='ltr'>baptizabimini,</span> <span class='ocrx_word' id='word_1_168' title='bbox 602 2482 630 2532; x_wconf 94' lang='lat' dir='ltr'>id</span> 
     </span>
     <span class='ocr_line' id='line_1_33' title="bbox 101 2553 630 2620; baseline 0.004 -18"><span class='ocrx_word' id='word_1_169' title='bbox 101 2563 137 2602; x_wconf 88' lang='lat' dir='ltr'>est</span> <span class='ocrx_word' id='word_1_170' title='bbox 151 2553 290 2619; x_wconf 80' lang='lat' dir='ltr'>passiones</span> <span class='ocrx_word' id='word_1_171' title='bbox 301 2564 411 2620; x_wconf 90' lang='lat' dir='ltr'>propter</span> <span class='ocrx_word' id='word_1_172' title='bbox 426 2570 469 2604; x_wconf 91' lang='lat' dir='ltr'>me</span> <span class='ocrx_word' id='word_1_173' title='bbox 483 2554 630 2605; x_wconf 90' lang='lat' dir='ltr'>sustinebi-</span> 
     </span>
     <span class='ocr_line' id='line_1_34' title="bbox 101 2623 630 2684; baseline 0.004 -12"><span class='ocrx_word' id='word_1_174' title='bbox 101 2623 141 2684; x_wconf 86' lang='lat' dir='ltr'>tis,</span> <span class='ocrx_word' id='word_1_175' title='bbox 165 2625 209 2675; x_wconf 89' lang='lat' dir='ltr'>vel</span> <span class='ocrx_word' id='word_1_176' title='bbox 237 2635 307 2684; x_wconf 89' lang='lat' dir='ltr'>actu,</span> <span class='ocrx_word' id='word_1_177' title='bbox 329 2626 371 2675; x_wconf 90' lang='lat' dir='ltr'>vel</span> <span class='ocrx_word' id='word_1_178' title='bbox 392 2625 538 2676; x_wconf 90' lang='lat' dir='ltr'>voluntate.</span> <span class='ocrx_word' id='word_1_179' title='bbox 561 2625 630 2676; x_wconf 86' lang='lat' dir='ltr'>Nam</span> 
     </span>
     <span class='ocr_line' id='line_1_35' title="bbox 101 2693 631 2761; baseline 0.002 -17"><span class='ocrx_word' id='word_1_180' title='bbox 101 2693 266 2745; x_wconf 87' lang='lat' dir='ltr'>dissimiliter</span> <span class='ocrx_word' id='word_1_181' title='bbox 280 2696 351 2761; x_wconf 89' lang='lat' dir='ltr'>passi</span> <span class='ocrx_word' id='word_1_182' title='bbox 366 2705 431 2746; x_wconf 90' lang='lat' dir='ltr'>sunt</span> <span class='ocrx_word' id='word_1_183' title='bbox 444 2712 452 2745; x_wconf 70' lang='grc' dir='ltr'>ε</span> <span class='ocrx_word' id='word_1_184' title='bbox 465 2711 536 2745; x_wconf 92' lang='lat' dir='ltr'>unus</span> <span class='ocrx_word' id='word_1_185' title='bbox 545 2695 631 2745; x_wconf 89' lang='lat' dir='ltr'>susti-</span> 
     </span>
     <span class='ocr_line' id='line_1_36' title="bbox 103 2766 631 2828; baseline 0.004 -14"><span class='ocrx_word' id='word_1_186' title='bbox 103 2767 188 2816; x_wconf 87' lang='lat' dir='ltr'>nendo</span> <span class='ocrx_word' id='word_1_187' title='bbox 204 2776 273 2826; x_wconf 87' lang='lat' dir='ltr'>actu,</span> <span class='ocrx_word' id='word_1_188' title='bbox 287 2767 353 2816; x_wconf 89' lang='lat' dir='ltr'>alter</span> <span class='ocrx_word' id='word_1_189' title='bbox 368 2766 481 2828; x_wconf 81' lang='lat' dir='ltr'>affectu3</span> <span class='ocrx_word' id='word_1_190' title='bbox 497 2783 569 2816; x_wconf 88' lang='lat' dir='ltr'>unus</span> <span class='ocrx_word' id='word_1_191' title='bbox 584 2782 631 2816; x_wconf 91' lang='lat' dir='ltr'>oc-</span> 
     </span>
     <span class='ocr_line' id='line_1_37' title="bbox 101 2834 629 2897; baseline 0.006 -13"><span class='ocrx_word' id='word_1_192' title='bbox 101 2834 177 2895; x_wconf 91' lang='lat' dir='ltr'>cisus,</span> <span class='ocrx_word' id='word_1_193' title='bbox 191 2837 258 2886; x_wconf 86' lang='lat' dir='ltr'>alter</span> <span class='ocrx_word' id='word_1_194' title='bbox 270 2837 299 2886; x_wconf 88' lang='lat' dir='ltr'>in</span> <span class='ocrx_word' id='word_1_195' title='bbox 310 2836 435 2887; x_wconf 88' lang='lat' dir='ltr'>ferventis</span> <span class='ocrx_word' id='word_1_196' title='bbox 451 2837 503 2887; x_wconf 91' lang='lat' dir='ltr'>olei</span> <span class='ocrx_word' id='word_1_197' title='bbox 515 2837 629 2897; x_wconf 91' lang='lat' dir='ltr'>dolium,</span> 
     </span>
     <span class='ocr_line' id='line_1_38' title="bbox 100 2906 632 2973; baseline 0.004 -17"><span class='ocrx_word' id='word_1_198' title='bbox 100 2916 124 2955; x_wconf 86' lang='lat' dir='ltr'>ct</span> <span class='ocrx_word' id='word_1_199' title='bbox 135 2906 215 2957; x_wconf 88' lang='lat' dir='ltr'>etiarn</span> <span class='ocrx_word' id='word_1_200' title='bbox 230 2906 260 2956; x_wconf 91' lang='lat' dir='ltr'>in</span> <span class='ocrx_word' id='word_1_201' title='bbox 273 2906 407 2966; x_wconf 87' lang='lat' dir='ltr'>exsilium,</span> <span class='ocrx_word' id='word_1_202' title='bbox 419 2908 492 2973; x_wconf 91' lang='lat' dir='ltr'>quod</span> <span class='ocrx_word' id='word_1_203' title='bbox 505 2918 546 2958; x_wconf 90' lang='lat' dir='ltr'>est</span> <span class='ocrx_word' id='word_1_204' title='bbox 559 2923 632 2973; x_wconf 85' lang='lat' dir='ltr'>quae·</span> 
     </span>
     <span class='ocr_line' id='line_1_39' title="bbox 100 2978 630 3038; baseline 0.002 -11"><span class='ocrx_word' id='word_1_205' title='bbox 100 2978 159 3028; x_wconf 85' lang='lat' dir='ltr'>dam</span> <span class='ocrx_word' id='word_1_206' title='bbox 186 2994 261 3028; x_wconf 89' lang='lat' dir='ltr'>mors</span> <span class='ocrx_word' id='word_1_207' title='bbox 297 2978 402 3038; x_wconf 90' lang='lat' dir='ltr'>civilis,</span> <span class='ocrx_word' id='word_1_208' title='bbox 438 2979 548 3030; x_wconf 88' lang='lat' dir='ltr'>missus.</span> <span class='ocrx_word' id='word_1_209' title='bbox 576 2979 630 3030; x_wconf 93' lang='lat' dir='ltr'>Ubi</span> 
     </span>
     <span class='ocr_line' id='line_1_40' title="bbox 101 3049 630 3117; baseline 0 -18"><span class='ocrx_word' id='word_1_210' title='bbox 101 3049 312 3117; x_wconf 77' lang='lat' dir='ltr'>chrysostomus</span> <span class='ocrx_word' id='word_1_211' title='bbox 335 3067 344 3100; x_wconf 76' lang='grc' dir='ltr'><em>ι</em></span> <span class='ocrx_word' id='word_1_212' title='bbox 361 3068 375 3096; x_wconf 82' lang='lat' dir='ltr'>n</span> <span class='ocrx_word' id='word_1_213' title='bbox 392 3049 525 3099; x_wconf 90' lang='lat' dir='ltr'>Dominus</span> <span class='ocrx_word' id='word_1_214' title='bbox 540 3060 630 3100; x_wconf 90' lang='lat' dir='ltr'>autem</span> 
     </span>
     <span class='ocr_line' id='line_1_41' title="bbox 98 3120 631 3187; baseline 0.002 -17"><span class='ocrx_word' id='word_1_215' title='bbox 98 3120 135 3171; x_wconf 90' lang='lat' dir='ltr'>cis</span> <span class='ocrx_word' id='word_1_216' title='bbox 156 3121 299 3187; x_wconf 90' lang='lat' dir='ltr'>prophetat</span> <span class='ocrx_word' id='word_1_217' title='bbox 316 3137 414 3186; x_wconf 84' lang='lat' dir='ltr'>magna</span> <span class='ocrx_word' id='word_1_218' title='bbox 437 3122 515 3182; x_wconf 87' lang='lat' dir='ltr'>bona,</span> <span class='ocrx_word' id='word_1_219' title='bbox 539 3122 566 3172; x_wconf 92' lang='lat' dir='ltr'>id</span> <span class='ocrx_word' id='word_1_220' title='bbox 591 3131 631 3171; x_wconf 90' lang='lat' dir='ltr'>est</span> 
     </span>
     <span class='ocr_line' id='line_1_42' title="bbox 98 3193 632 3261; baseline -0.004 -17"><span class='ocrx_word' id='word_1_221' title='bbox 98 3194 225 3261; x_wconf 86' lang='lat' dir='ltr'>martyrio</span> <span class='ocrx_word' id='word_1_222' title='bbox 237 3193 336 3260; x_wconf 87' lang='lat' dir='ltr'>dignos</span> <span class='ocrx_word' id='word_1_223' title='bbox 351 3193 513 3245; x_wconf 89' lang='lat' dir='ltr'>efficiendos.</span> <span class='ocrx_word' id='word_1_224' title='bbox 528 3213 541 3241; x_wconf 85' lang='lat' dir='ltr'>n</span> <span class='ocrx_word' id='word_1_225' title='bbox 552 3193 632 3244; x_wconf 90' lang='lat' dir='ltr'>Dein-</span> 
     </span>
     <span class='ocr_line' id='line_1_43' title="bbox 98 3267 632 3334; baseline 0.004 -18"><span class='ocrx_word' id='word_1_226' title='bbox 98 3267 130 3318; x_wconf 89' lang='lat' dir='ltr'>de</span> <span class='ocrx_word' id='word_1_227' title='bbox 139 3268 276 3319; x_wconf 89' lang='lat' dir='ltr'>Dominus</span> <span class='ocrx_word' id='word_1_228' title='bbox 291 3268 450 3334; x_wconf 79' lang='lat' dir='ltr'>subjungit:</span> <span class='ocrx_word' id='word_1_229' title='bbox 467 3268 567 3320; x_wconf 86' lang='lat' dir='ltr'>Sedere</span> <span class='ocrx_word' id='word_1_230' title='bbox 585 3283 632 3318; x_wconf 83' lang='lat' dir='ltr'>au-</span> 
     </span>
     <span class='ocr_line' id='line_1_44' title="bbox 99 3338 630 3404; baseline 0 -17"><span class='ocrx_word' id='word_1_231' title='bbox 99 3344 148 3388; x_wconf 86' lang='lat' dir='ltr'>tem</span> <span class='ocrx_word' id='word_1_232' title='bbox 159 3339 198 3389; x_wconf 85' lang='lat' dir='ltr'>ad</span> <span class='ocrx_word' id='word_1_233' title='bbox 213 3339 355 3388; x_wconf 81' lang='lat' dir='ltr'>dexteram</span> <span class='ocrx_word' id='word_1_234' title='bbox 375 3352 468 3401; x_wconf 85' lang='lat' dir='ltr'>meam,</span> <span class='ocrx_word' id='word_1_235' title='bbox 488 3338 516 3387; x_wconf 93' lang='lat' dir='ltr'>in</span> <span class='ocrx_word' id='word_1_236' title='bbox 533 3338 630 3404; x_wconf 84' lang='lat' dir='ltr'>gaudio</span> 
     </span>
     <span class='ocr_line' id='line_1_45' title="bbox 98 3409 632 3474; baseline 0 -16"><span class='ocrx_word' id='word_1_237' title='bbox 98 3409 263 3468; x_wconf 88' lang='lat' dir='ltr'>aetcrnitatis,</span> <span class='ocrx_word' id='word_1_238' title='bbox 280 3414 305 3459; x_wconf 89' lang='lat' dir='ltr'>et</span> <span class='ocrx_word' id='word_1_239' title='bbox 318 3409 356 3459; x_wconf 85' lang='lat' dir='ltr'>ad</span> <span class='ocrx_word' id='word_1_240' title='bbox 367 3409 516 3472; x_wconf 85' lang='lat' dir='ltr'>sinistram,</span> <span class='ocrx_word' id='word_1_241' title='bbox 533 3409 559 3459; x_wconf 93' lang='lat' dir='ltr'>in</span> <span class='ocrx_word' id='word_1_242' title='bbox 575 3424 632 3474; x_wconf 89' lang='lat' dir='ltr'>per·</span> 
     </span>
     <span class='ocr_line' id='line_1_46' title="bbox 97 3478 629 3542; baseline -0.002 -13"><span class='ocrx_word' id='word_1_243' title='bbox 97 3478 227 3531; x_wconf 83' lang='lat' dir='ltr'>fruitione</span> <span class='ocrx_word' id='word_1_244' title='bbox 234 3478 419 3540; x_wconf 87' lang='lat' dir='ltr'>humanitatis,</span> <span class='ocrx_word' id='word_1_245' title='bbox 427 3494 478 3530; x_wconf 83' lang='lat' dir='ltr'>nort</span> <span class='ocrx_word' id='word_1_246' title='bbox 486 3486 526 3530; x_wconf 83' lang='lat' dir='ltr'>est</span> <span class='ocrx_word' id='word_1_247' title='bbox 536 3492 629 3542; x_wconf 84' lang='lat' dir='ltr'>meum,</span> 
     </span>
     <span class='ocr_line' id='line_1_47' title="bbox 97 3548 632 3615; baseline -0.004 -16"><span class='ocrx_word' id='word_1_248' title='bbox 97 3564 130 3599; x_wconf 85' lang='lat' dir='ltr'>ex</span> <span class='ocrx_word' id='word_1_249' title='bbox 150 3549 248 3600; x_wconf 87' lang='lat' dir='ltr'>ordine</span> <span class='ocrx_word' id='word_1_250' title='bbox 268 3548 378 3614; x_wconf 84' lang='lat' dir='ltr'>justitiae</span> <span class='ocrx_word' id='word_1_251' title='bbox 401 3564 461 3615; x_wconf 83' lang='lat' dir='ltr'>quae</span> <span class='ocrx_word' id='word_1_252' title='bbox 490 3549 632 3614; x_wconf 89' lang='lat' dir='ltr'>respondet</span> 
     </span>
     <span class='ocr_line' id='line_1_48' title="bbox 96 3621 632 3684; baseline 0 -14"><span class='ocrx_word' id='word_1_253' title='bbox 96 3621 213 3682; x_wconf 88' lang='lat' dir='ltr'>meritis,</span> <span class='ocrx_word' id='word_1_254' title='bbox 229 3621 297 3671; x_wconf 87' lang='lat' dir='ltr'>dare</span> <span class='ocrx_word' id='word_1_255' title='bbox 310 3621 393 3684; x_wconf 82' lang='lat' dir='ltr'>vobis,</span> <span class='ocrx_word' id='word_1_256' title='bbox 409 3621 511 3670; x_wconf 89' lang='lat' dir='ltr'>ratione</span> <span class='ocrx_word' id='word_1_257' title='bbox 521 3637 632 3671; x_wconf 87' lang='lat' dir='ltr'>consan-</span> 
     </span>
     <span class='ocr_line' id='line_1_49' title="bbox 97 3692 631 3758; baseline 0 -16"><span class='ocrx_word' id='word_1_258' title='bbox 97 3692 256 3758; x_wconf 75' lang='lat' dir='ltr'>guiniutis3</span> <span class='ocrx_word' id='word_1_259' title='bbox 271 3694 313 3743; x_wconf 86' lang='lat' dir='ltr'>vel</span> <span class='ocrx_word' id='word_1_260' title='bbox 328 3693 398 3743; x_wconf 88' lang='lat' dir='ltr'>sicut</span> <span class='ocrx_word' id='word_1_261' title='bbox 411 3692 499 3743; x_wconf 90' lang='lat' dir='ltr'>adhuc</span> <span class='ocrx_word' id='word_1_262' title='bbox 511 3694 575 3743; x_wconf 90' lang='lat' dir='ltr'>estis</span> <span class='ocrx_word' id='word_1_263' title='bbox 585 3693 631 3742; x_wconf 89' lang='lat' dir='ltr'>in·</span> 
     </span>
     <span class='ocr_line' id='line_1_50' title="bbox 94 3762 630 3829; baseline -0.002 -16"><span class='ocrx_word' id='word_1_264' title='bbox 94 3762 233 3828; x_wconf 89' lang='lat' dir='ltr'>dispositi,</span> <span class='ocrx_word' id='word_1_265' title='bbox 251 3763 316 3829; x_wconf 90' lang='lat' dir='ltr'>quia</span> <span class='ocrx_word' id='word_1_266' title='bbox 330 3778 361 3812; x_wconf 85' lang='lat' dir='ltr'>ex</span> <span class='ocrx_word' id='word_1_267' title='bbox 378 3763 503 3828; x_wconf 90' lang='lat' dir='ltr'>superbia</span> <span class='ocrx_word' id='word_1_268' title='bbox 517 3779 630 3829; x_wconf 87' lang='lat' dir='ltr'>regnum</span> 
     </span>
     <span class='ocr_line' id='line_1_51' title="bbox 94 3832 631 3900; baseline -0.004 -16"><span class='ocrx_word' id='word_1_269' title='bbox 94 3835 245 3900; x_wconf 80' lang='lat' dir='ltr'>temporale</span> <span class='ocrx_word' id='word_1_270' title='bbox 261 3832 394 3900; x_wconf 82' lang='lat' dir='ltr'>quaeritis,</span> <span class='ocrx_word' id='word_1_271' title='bbox 416 3834 464 3884; x_wconf 84' lang='lat' dir='ltr'>sed</span> <span class='ocrx_word' id='word_1_272' title='bbox 484 3834 578 3900; x_wconf 86' lang='lat' dir='ltr'>quibus</span> <span class='ocrx_word' id='word_1_273' title='bbox 598 3848 631 3884; x_wconf 91' lang='lat' dir='ltr'>ex</span> 
     </span>
    </p>
   </div>
   <div class='ocr_carea' id='block_1_4' title="bbox 1170 231 1221 298">
    <p class='ocr_par' dir='ltr' id='par_1_5' title="bbox 1170 231 1221 298">
     <span class='ocr_line' id='line_1_52' title="bbox 1170 231 1221 298; baseline -0.098 -11"><span class='ocrx_word' id='word_1_274' title='bbox 1170 231 1221 298; x_wconf 86' lang='lat'>167</span> 
     </span>
    </p>
   </div>
   <div class='ocr_carea' id='block_1_5' title="bbox 682 345 1249 3897">
    <p class='ocr_par' dir='ltr' id='par_1_6' title="bbox 683 345 1249 2618">
     <span class='ocr_line' id='line_1_53' title="bbox 689 345 1221 415; baseline 0.008 -20"><span class='ocrx_word' id='word_1_275' title='bbox 689 345 850 397; x_wconf 84' lang='lat' dir='ltr'>meritorum</span> <span class='ocrx_word' id='word_1_276' title='bbox 866 348 960 400; x_wconf 91' lang='lat' dir='ltr'>ordine</span> <span class='ocrx_word' id='word_1_277' title='bbox 972 353 1102 415; x_wconf 86' lang='lat' dir='ltr'>paratum</span> <span class='ocrx_word' id='word_1_278' title='bbox 1125 354 1175 410; x_wconf 85' lang='lat' dir='ltr'>est,</span> <span class='ocrx_word' id='word_1_279' title='bbox 1192 349 1221 399; x_wconf 92' lang='lat' dir='ltr'>id</span> 
     </span>
     <span class='ocr_line' id='line_1_54' title="bbox 689 419 1224 484; baseline 0.009 -19"><span class='ocrx_word' id='word_1_280' title='bbox 689 425 728 465; x_wconf 92' lang='lat' dir='ltr'>est</span> <span class='ocrx_word' id='word_1_281' title='bbox 744 428 854 483; x_wconf 88' lang='lat' dir='ltr'>propter</span> <span class='ocrx_word' id='word_1_282' title='bbox 865 419 960 469; x_wconf 87' lang='lat' dir='ltr'>merita</span> <span class='ocrx_word' id='word_1_283' title='bbox 974 419 1007 469; x_wconf 90' lang='lat' dir='ltr'>ab</span> <span class='ocrx_word' id='word_1_284' title='bbox 1022 427 1123 469; x_wconf 85' lang='lat' dir='ltr'>aeterno</span> <span class='ocrx_word' id='word_1_285' title='bbox 1133 419 1224 484; x_wconf 89' lang='lat' dir='ltr'>dispo-</span> 
     </span>
     <span class='ocr_line' id='line_1_55' title="bbox 689 487 1221 554; baseline 0.008 -16"><span class='ocrx_word' id='word_1_286' title='bbox 689 487 782 549; x_wconf 89' lang='lat' dir='ltr'>situm,</span> <span class='ocrx_word' id='word_1_287' title='bbox 793 506 810 540; x_wconf 86' lang='lat' dir='ltr'>a</span> <span class='ocrx_word' id='word_1_288' title='bbox 822 491 909 542; x_wconf 84' lang='lat' dir='ltr'>Patre</span> <span class='ocrx_word' id='word_1_289' title='bbox 922 506 979 542; x_wconf 89' lang='lat' dir='ltr'>meo</span> <span class='ocrx_word' id='word_1_290' title='bbox 992 491 1102 554; x_wconf 85' lang='lat' dir='ltr'>coelesti,</span> <span class='ocrx_word' id='word_1_291' title='bbox 1117 491 1221 542; x_wconf 89' lang='lat' dir='ltr'>scilicet</span> 
     </span>
     <span class='ocr_line' id='line_1_56' title="bbox 689 562 1221 628; baseline 0.009 -18"><span class='ocrx_word' id='word_1_292' title='bbox 689 562 840 613; x_wconf 92' lang='lat' dir='ltr'>humilibus</span> <span class='ocrx_word' id='word_1_293' title='bbox 849 573 875 613; x_wconf 93' lang='lat' dir='ltr'>et</span> <span class='ocrx_word' id='word_1_294' title='bbox 884 564 917 614; x_wconf 86' lang='lat' dir='ltr'>ad</span> <span class='ocrx_word' id='word_1_295' title='bbox 930 564 982 614; x_wconf 93' lang='lat' dir='ltr'>hoc</span> <span class='ocrx_word' id='word_1_296' title='bbox 992 564 1140 628; x_wconf 89' lang='lat' dir='ltr'>dispositis,</span> <span class='ocrx_word' id='word_1_297' title='bbox 1150 564 1221 615; x_wconf 90' lang='lat' dir='ltr'>sicut</span> 
     </span>
     <span class='ocr_line' id='line_1_57' title="bbox 688 633 1221 700; baseline 0.008 -18"><span class='ocrx_word' id='word_1_298' title='bbox 688 647 738 682; x_wconf 91' lang='lat' dir='ltr'>vos</span> <span class='ocrx_word' id='word_1_299' title='bbox 760 633 904 700; x_wconf 88' lang='lat' dir='ltr'>aliquando</span> <span class='ocrx_word' id='word_1_300' title='bbox 929 635 1012 685; x_wconf 90' lang='lat' dir='ltr'>eritis.</span> <span class='ocrx_word' id='word_1_301' title='bbox 1028 635 1221 686; x_wconf 86' lang='lat' dir='ltr'>Praeordinavit</span> 
     </span>
     <span class='ocr_line' id='line_1_58' title="bbox 688 702 1218 772; baseline 0.009 -20"><span class='ocrx_word' id='word_1_302' title='bbox 688 702 762 752; x_wconf 90' lang='lat' dir='ltr'>enim</span> <span class='ocrx_word' id='word_1_303' title='bbox 776 704 847 755; x_wconf 90' lang='lat' dir='ltr'>Deus</span> <span class='ocrx_word' id='word_1_304' title='bbox 861 705 933 770; x_wconf 93' lang='lat' dir='ltr'>quod</span> <span class='ocrx_word' id='word_1_305' title='bbox 953 706 1046 756; x_wconf 90' lang='lat' dir='ltr'>nullus</span> <span class='ocrx_word' id='word_1_306' title='bbox 1060 706 1092 756; x_wconf 87' lang='lat' dir='ltr'>ad</span> <span class='ocrx_word' id='word_1_307' title='bbox 1105 721 1218 772; x_wconf 80' lang='lat' dir='ltr'>regnum</span> 
     </span>
     <span class='ocr_line' id='line_1_59' title="bbox 689 775 1220 839; baseline 0.008 -15"><span class='ocrx_word' id='word_1_308' title='bbox 689 775 840 839; x_wconf 87' lang='lat' dir='ltr'>perveniet,</span> <span class='ocrx_word' id='word_1_309' title='bbox 871 775 923 825; x_wconf 91' lang='lat' dir='ltr'>nisi</span> <span class='ocrx_word' id='word_1_310' title='bbox 954 776 1022 826; x_wconf 89' lang='lat' dir='ltr'>bene</span> <span class='ocrx_word' id='word_1_311' title='bbox 1052 777 1167 827; x_wconf 90' lang='lat' dir='ltr'>meritus</span> <span class='ocrx_word' id='word_1_312' title='bbox 1194 789 1220 828; x_wconf 86' lang='lat' dir='ltr'>et</span> 
     </span>
     <span class='ocr_line' id='line_1_60' title="bbox 687 845 1219 914; baseline 0.009 -20"><span class='ocrx_word' id='word_1_313' title='bbox 687 845 786 911; x_wconf 86' lang='lat' dir='ltr'>dignus</span> <span class='ocrx_word' id='word_1_314' title='bbox 799 846 887 897; x_wconf 86' lang='lat' dir='ltr'>fuerit.</span> <span class='ocrx_word' id='word_1_315' title='bbox 903 848 963 897; x_wconf 91' lang='lat' dir='ltr'>Non</span> <span class='ocrx_word' id='word_1_316' title='bbox 982 857 1021 897; x_wconf 88' lang='lat' dir='ltr'>est</span> <span class='ocrx_word' id='word_1_317' title='bbox 1039 848 1111 898; x_wconf 90' lang='lat' dir='ltr'>enirn</span> <span class='ocrx_word' id='word_1_318' title='bbox 1126 864 1219 914; x_wconf 90' lang='lat' dir='ltr'>perso-</span> 
     </span>
     <span class='ocr_line' id='line_1_61' title="bbox 688 918 1220 983; baseline 0.009 -19"><span class='ocrx_word' id='word_1_319' title='bbox 688 930 783 965; x_wconf 92' lang='lat' dir='ltr'>narum</span> <span class='ocrx_word' id='word_1_320' title='bbox 812 928 933 983; x_wconf 88' lang='lat' dir='ltr'>acceptor</span> <span class='ocrx_word' id='word_1_321' title='bbox 959 918 1040 978; x_wconf 90' lang='lat' dir='ltr'>Deus,</span> <span class='ocrx_word' id='word_1_322' title='bbox 1065 929 1095 968; x_wconf 91' lang='lat' dir='ltr'>ut</span> <span class='ocrx_word' id='word_1_323' title='bbox 1119 919 1220 970; x_wconf 87' lang='lat' dir='ltr'>scilicet</span> 
     </span>
     <span class='ocr_line' id='line_1_62' title="bbox 688 986 1220 1054; baseline 0.009 -19"><span class='ocrx_word' id='word_1_324' title='bbox 688 986 864 1051; x_wconf 87' lang='lat' dir='ltr'>personaliter</span> <span class='ocrx_word' id='word_1_325' title='bbox 878 987 996 1054; x_wconf 83' lang='lat' dir='ltr'>aliquem</span> <span class='ocrx_word' id='word_1_326' title='bbox 1015 988 1138 1053; x_wconf 90' lang='lat' dir='ltr'>accipiat,</span> <span class='ocrx_word' id='word_1_327' title='bbox 1160 990 1220 1040; x_wconf 88' lang='lat' dir='ltr'>sine</span> 
     </span>
     <span class='ocr_line' id='line_1_63' title="bbox 688 1059 1218 1123; baseline 0.009 -15"><span class='ocrx_word' id='word_1_328' title='bbox 688 1059 793 1109; x_wconf 91' lang='lat' dir='ltr'>meritis</span> <span class='ocrx_word' id='word_1_329' title='bbox 807 1060 835 1111; x_wconf 89' lang='lat' dir='ltr'>in</span> <span class='ocrx_word' id='word_1_330' title='bbox 851 1062 939 1111; x_wconf 89' lang='lat' dir='ltr'>dando</span> <span class='ocrx_word' id='word_1_331' title='bbox 952 1063 1067 1112; x_wconf 85' lang='lat' dir='ltr'>salutem</span> <span class='ocrx_word' id='word_1_332' title='bbox 1080 1072 1218 1123; x_wconf 82' lang='lat' dir='ltr'>aeternam,</span> 
     </span>
     <span class='ocr_line' id='line_1_64' title="bbox 687 1129 1219 1198; baseline 0.008 -19"><span class='ocrx_word' id='word_1_333' title='bbox 687 1129 760 1196; x_wconf 89' lang='lat' dir='ltr'>quia,</span> <span class='ocrx_word' id='word_1_334' title='bbox 782 1132 929 1183; x_wconf 87' lang='lat' dir='ltr'>secundum</span> <span class='ocrx_word' id='word_1_335' title='bbox 945 1133 1136 1198; x_wconf 81' lang='lat' dir='ltr'>Augustinum,</span> <span class='ocrx_word' id='word_1_336' title='bbox 1147 1133 1219 1183; x_wconf 89' lang='lat' dir='ltr'>dile-</span> 
     </span>
     <span class='ocr_line' id='line_1_65' title="bbox 686 1200 1215 1269; baseline 0.008 -20"><span class='ocrx_word' id='word_1_337' title='bbox 686 1200 739 1250; x_wconf 91' lang='lat' dir='ltr'>ctio</span> <span class='ocrx_word' id='word_1_338' title='bbox 748 1201 858 1266; x_wconf 87' lang='lat' dir='ltr'>aequalis</span> <span class='ocrx_word' id='word_1_339' title='bbox 867 1201 929 1253; x_wconf 89' lang='lat' dir='ltr'>facit</span> <span class='ocrx_word' id='word_1_340' title='bbox 944 1218 999 1252; x_wconf 89' lang='lat' dir='ltr'>non</span> <span class='ocrx_word' id='word_1_341' title='bbox 1011 1213 1145 1268; x_wconf 89' lang='lat' dir='ltr'>acceptare</span> <span class='ocrx_word' id='word_1_342' title='bbox 1155 1218 1215 1269; x_wconf 83' lang='lat' dir='ltr'>per·</span> 
     </span>
     <span class='ocr_line' id='line_1_66' title="bbox 686 1273 1218 1325; baseline 0.006 -3"><span class='ocrx_word' id='word_1_343' title='bbox 686 1287 775 1322; x_wconf 65' lang='lat' dir='ltr'>sonas,</span> <span class='ocrx_word' id='word_1_344' title='bbox 791 1273 869 1322; x_wconf 92' lang='lat' dir='ltr'>Unde</span> <span class='ocrx_word' id='word_1_345' title='bbox 876 1274 952 1324; x_wconf 83' lang='lat' dir='ltr'>Beda</span> <span class='ocrx_word' id='word_1_346' title='bbox 963 1291 971 1324; x_wconf 92' lang='lat'>.·</span> <span class='ocrx_word' id='word_1_347' title='bbox 983 1292 996 1320; x_wconf 81' lang='lat' dir='ltr'>n</span> <span class='ocrx_word' id='word_1_348' title='bbox 1009 1275 1071 1325; x_wconf 90' lang='lat' dir='ltr'>Non</span> <span class='ocrx_word' id='word_1_349' title='bbox 1081 1281 1122 1324; x_wconf 87' lang='lat' dir='ltr'>est</span> <span class='ocrx_word' id='word_1_350' title='bbox 1133 1286 1218 1325; x_wconf 85' lang='lat' dir='ltr'>meum</span> 
     </span>
     <span class='ocr_line' id='line_1_67' title="bbox 686 1341 1218 1411; baseline 0.006 -20"><span class='ocrx_word' id='word_1_351' title='bbox 686 1341 762 1392; x_wconf 76' lang='lat' dir='ltr'>vobis</span> <span class='ocrx_word' id='word_1_352' title='bbox 780 1343 861 1405; x_wconf 85' lang='lat' dir='ltr'>dare,</span> <span class='ocrx_word' id='word_1_353' title='bbox 888 1342 915 1392; x_wconf 91' lang='lat' dir='ltr'>id</span> <span class='ocrx_word' id='word_1_354' title='bbox 943 1353 982 1393; x_wconf 90' lang='lat' dir='ltr'>est</span> <span class='ocrx_word' id='word_1_355' title='bbox 1010 1343 1142 1411; x_wconf 77' lang='lat' dir='ltr'>superbis,</span> <span class='ocrx_word' id='word_1_356' title='bbox 1166 1344 1218 1394; x_wconf 94' lang='lat' dir='ltr'>hoc</span> 
     </span>
     <span class='ocr_line' id='line_1_68' title="bbox 686 1413 1216 1481; baseline 0.008 -20"><span class='ocrx_word' id='word_1_357' title='bbox 686 1413 759 1462; x_wconf 90' lang='lat' dir='ltr'>enim</span> <span class='ocrx_word' id='word_1_358' title='bbox 780 1413 868 1463; x_wconf 89' lang='lat' dir='ltr'>adhuc</span> <span class='ocrx_word' id='word_1_359' title='bbox 889 1425 978 1477; x_wconf 78' lang='lat' dir='ltr'>erant3</span> <span class='ocrx_word' id='word_1_360' title='bbox 1005 1415 1065 1464; x_wconf 88' lang='lat' dir='ltr'>aliis</span> <span class='ocrx_word' id='word_1_361' title='bbox 1093 1423 1216 1481; x_wconf 88' lang='lat' dir='ltr'>paratum</span> 
     </span>
     <span class='ocr_line' id='line_1_69' title="bbox 686 1486 1217 1547; baseline 0.002 -12"><span class='ocrx_word' id='word_1_362' title='bbox 686 1495 735 1545; x_wconf 90' lang='lat' dir='ltr'>est,</span> <span class='ocrx_word' id='word_1_363' title='bbox 750 1496 776 1537; x_wconf 92' lang='lat' dir='ltr'>et</span> <span class='ocrx_word' id='word_1_364' title='bbox 794 1502 842 1536; x_wconf 93' lang='lat' dir='ltr'>vos</span> <span class='ocrx_word' id='word_1_365' title='bbox 855 1486 901 1536; x_wconf 90' lang='lat' dir='ltr'>alii</span> <span class='ocrx_word' id='word_1_366' title='bbox 919 1497 1011 1547; x_wconf 89' lang='lat' dir='ltr'>estote,</span> <span class='ocrx_word' id='word_1_367' title='bbox 1024 1487 1051 1536; x_wconf 94' lang='lat' dir='ltr'>id</span> <span class='ocrx_word' id='word_1_368' title='bbox 1066 1498 1106 1538; x_wconf 93' lang='lat' dir='ltr'>est</span> <span class='ocrx_word' id='word_1_369' title='bbox 1118 1487 1217 1537; x_wconf 78' lang='lat' dir='ltr'>humi-</span> 
     </span>
     <span class='ocr_line' id='line_1_70' title="bbox 685 1557 1249 1622; baseline 0.004 -16"><span class='ocrx_word' id='word_1_370' title='bbox 685 1557 734 1616; x_wconf 90' lang='lat' dir='ltr'>les,</span> <span class='ocrx_word' id='word_1_371' title='bbox 757 1566 782 1607; x_wconf 91' lang='lat' dir='ltr'>et</span> <span class='ocrx_word' id='word_1_372' title='bbox 802 1557 880 1607; x_wconf 92' lang='lat' dir='ltr'>vobis</span> <span class='ocrx_word' id='word_1_373' title='bbox 898 1567 1019 1622; x_wconf 88' lang='lat' dir='ltr'>paratum</span> <span class='ocrx_word' id='word_1_374' title='bbox 1039 1567 1088 1609; x_wconf 89' lang='lat' dir='ltr'>est.</span> <span class='ocrx_word' id='word_1_375' title='bbox 1110 1558 1219 1609; x_wconf 82' lang='lat' dir='ltr'>»Unde</span> <span class='ocrx_word' id='word_1_376' title='bbox 1246 1582 1249 1587; x_wconf 94' lang='lat'>·</span> 
     </span>
     <span class='ocr_line' id='line_1_71' title="bbox 685 1630 1218 1697; baseline 0.008 -19"><span class='ocrx_word' id='word_1_377' title='bbox 685 1638 711 1678; x_wconf 89' lang='lat' dir='ltr'>et</span> <span class='ocrx_word' id='word_1_378' title='bbox 732 1630 946 1697; x_wconf 71' lang='lat' dir='ltr'>chrysostomus</span> <span class='ocrx_word' id='word_1_379' title='bbox 964 1648 973 1682; x_wconf 88' lang='grc'>.·</span> <span class='ocrx_word' id='word_1_380' title='bbox 989 1650 1002 1676; x_wconf 81' lang='lat' dir='ltr'>n</span> <span class='ocrx_word' id='word_1_381' title='bbox 1021 1631 1145 1681; x_wconf 89' lang='lat' dir='ltr'>Paratum</span> <span class='ocrx_word' id='word_1_382' title='bbox 1176 1641 1218 1682; x_wconf 91' lang='lat' dir='ltr'>est</span> 
     </span>
     <span class='ocr_line' id='line_1_72' title="bbox 684 1699 1217 1766; baseline 0.004 -18"><span class='ocrx_word' id='word_1_383' title='bbox 684 1699 785 1765; x_wconf 91' lang='lat' dir='ltr'>quippe</span> <span class='ocrx_word' id='word_1_384' title='bbox 798 1715 912 1766; x_wconf 85' lang='lat' dir='ltr'>regnum</span> <span class='ocrx_word' id='word_1_385' title='bbox 927 1702 1055 1751; x_wconf 89' lang='lat' dir='ltr'>coelorum</span> <span class='ocrx_word' id='word_1_386' title='bbox 1071 1702 1159 1751; x_wconf 90' lang='lat' dir='ltr'>Deum</span> <span class='ocrx_word' id='word_1_387' title='bbox 1171 1700 1217 1750; x_wconf 92' lang='lat' dir='ltr'>di-</span> 
     </span>
     <span class='ocr_line' id='line_1_73' title="bbox 684 1769 1217 1835; baseline 0.004 -17"><span class='ocrx_word' id='word_1_388' title='bbox 684 1769 839 1834; x_wconf 85' lang='lat' dir='ltr'>ligentibus,</span> <span class='ocrx_word' id='word_1_389' title='bbox 853 1770 923 1820; x_wconf 89' lang='lat' dir='ltr'>sicut</span> <span class='ocrx_word' id='word_1_390' title='bbox 938 1769 1092 1820; x_wconf 90' lang='lat' dir='ltr'>convivium</span> <span class='ocrx_word' id='word_1_391' title='bbox 1109 1780 1217 1835; x_wconf 87' lang='lat' dir='ltr'>paratur</span> 
     </span>
     <span class='ocr_line' id='line_1_74' title="bbox 683 1837 1215 1903; baseline 0.004 -15"><span class='ocrx_word' id='word_1_392' title='bbox 683 1837 791 1903; x_wconf 80' lang='lat' dir='ltr'>amicis3</span> <span class='ocrx_word' id='word_1_393' title='bbox 816 1839 950 1889; x_wconf 92' lang='lat' dir='ltr'>mundum</span> <span class='ocrx_word' id='word_1_394' title='bbox 972 1841 1215 1901; x_wconf 87' lang='lat' dir='ltr'>contemnentibus,</span> 
     </span>
     <span class='ocr_line' id='line_1_75' title="bbox 683 1910 1218 1978; baseline 0.002 -17"><span class='ocrx_word' id='word_1_395' title='bbox 683 1910 752 1961; x_wconf 90' lang='lat' dir='ltr'>sicut</span> <span class='ocrx_word' id='word_1_396' title='bbox 763 1911 861 1961; x_wconf 91' lang='lat' dir='ltr'>domus</span> <span class='ocrx_word' id='word_1_397' title='bbox 877 1911 924 1961; x_wconf 90' lang='lat' dir='ltr'>Dei</span> <span class='ocrx_word' id='word_1_398' title='bbox 937 1910 979 1961; x_wconf 90' lang='lat' dir='ltr'>vel</span> <span class='ocrx_word' id='word_1_399' title='bbox 991 1912 1123 1978; x_wconf 89' lang='lat' dir='ltr'>hospitale</span> <span class='ocrx_word' id='word_1_400' title='bbox 1136 1926 1218 1977; x_wconf 83' lang='lat' dir='ltr'>para·-</span> 
     </span>
     <span class='ocr_line' id='line_1_76' title="bbox 683 1983 1217 2050; baseline 0.004 -18"><span class='ocrx_word' id='word_1_401' title='bbox 683 1992 728 2033; x_wconf 90' lang='lat' dir='ltr'>tur</span> <span class='ocrx_word' id='word_1_402' title='bbox 741 1983 903 2048; x_wconf 88' lang='lat' dir='ltr'>pauperibus</span> <span class='ocrx_word' id='word_1_403' title='bbox 919 1983 967 2050; x_wconf 90' lang='lat' dir='ltr'>qui</span> <span class='ocrx_word' id='word_1_404' title='bbox 982 1999 1036 2033; x_wconf 91' lang='lat' dir='ltr'>non</span> <span class='ocrx_word' id='word_1_405' title='bbox 1051 1984 1151 2034; x_wconf 89' lang='lat' dir='ltr'>habent</span> <span class='ocrx_word' id='word_1_406' title='bbox 1163 1985 1217 2034; x_wconf 92' lang='lat' dir='ltr'>do·</span> 
     </span>
     <span class='ocr_line' id='line_1_77' title="bbox 684 2053 1218 2118; baseline 0.004 -15"><span class='ocrx_word' id='word_1_407' title='bbox 684 2069 744 2103; x_wconf 92' lang='lat' dir='ltr'>mos</span> <span class='ocrx_word' id='word_1_408' title='bbox 764 2053 844 2118; x_wconf 81' lang='lat' dir='ltr'>alias3</span> <span class='ocrx_word' id='word_1_409' title='bbox 867 2054 938 2105; x_wconf 89' lang='lat' dir='ltr'>veris</span> <span class='ocrx_word' id='word_1_410' title='bbox 963 2054 1126 2115; x_wconf 89' lang='lat' dir='ltr'>humilibus,</span> <span class='ocrx_word' id='word_1_411' title='bbox 1148 2054 1218 2106; x_wconf 90' lang='lat' dir='ltr'>sicut</span> 
     </span>
     <span class='ocr_line' id='line_1_78' title="bbox 683 2124 1216 2191; baseline 0.006 -18"><span class='ocrx_word' id='word_1_412' title='bbox 683 2124 801 2190; x_wconf 87' lang='lat' dir='ltr'>parvulis</span> <span class='ocrx_word' id='word_1_413' title='bbox 821 2135 928 2190; x_wconf 88' lang='lat' dir='ltr'>paratur</span> <span class='ocrx_word' id='word_1_414' title='bbox 941 2125 1027 2188; x_wconf 88' lang='lat' dir='ltr'>cibus,</span> <span class='ocrx_word' id='word_1_415' title='bbox 1047 2135 1073 2175; x_wconf 92' lang='lat' dir='ltr'>et</span> <span class='ocrx_word' id='word_1_416' title='bbox 1088 2125 1216 2191; x_wconf 81' lang='lat' dir='ltr'>vestitus3</span> 
     </span>
     <span class='ocr_line' id='line_1_79' title="bbox 684 2196 1219 2265; baseline 0.006 -19"><span class='ocrx_word' id='word_1_417' title='bbox 684 2196 895 2249; x_wconf 89' lang='lat' dir='ltr'>misericordiam</span> <span class='ocrx_word' id='word_1_418' title='bbox 918 2199 1009 2265; x_wconf 87' lang='lat' dir='ltr'>egenis</span> <span class='ocrx_word' id='word_1_419' title='bbox 1033 2198 1219 2265; x_wconf 91' lang='lat' dir='ltr'>impendenti-</span> 
     </span>
     <span class='ocr_line' id='line_1_80' title="bbox 683 2270 1215 2337; baseline 0.002 -18"><span class='ocrx_word' id='word_1_420' title='bbox 683 2270 743 2328; x_wconf 91' lang='lat' dir='ltr'>bus,</span> <span class='ocrx_word' id='word_1_421' title='bbox 760 2270 830 2320; x_wconf 90' lang='lat' dir='ltr'>sicut</span> <span class='ocrx_word' id='word_1_422' title='bbox 857 2280 964 2337; x_wconf 90' lang='lat' dir='ltr'>paratur</span> <span class='ocrx_word' id='word_1_423' title='bbox 987 2271 1076 2321; x_wconf 94' lang='lat' dir='ltr'>honor</span> <span class='ocrx_word' id='word_1_424' title='bbox 1094 2287 1143 2336; x_wconf 91' lang='lat' dir='ltr'>pro</span> <span class='ocrx_word' id='word_1_425' title='bbox 1159 2271 1215 2320; x_wconf 93' lang='lat' dir='ltr'>ho-</span> 
     </span>
     <span class='ocr_line' id='line_1_81' title="bbox 683 2339 1216 2406; baseline 0.002 -17"><span class='ocrx_word' id='word_1_426' title='bbox 683 2354 757 2400; x_wconf 86' lang='lat' dir='ltr'>nore,</span> <span class='ocrx_word' id='word_1_427' title='bbox 782 2339 884 2390; x_wconf 89' lang='lat' dir='ltr'>bonum</span> <span class='ocrx_word' id='word_1_428' title='bbox 909 2357 957 2406; x_wconf 90' lang='lat' dir='ltr'>pro</span> <span class='ocrx_word' id='word_1_429' title='bbox 985 2342 1072 2404; x_wconf 88' lang='lat' dir='ltr'>bono;</span> <span class='ocrx_word' id='word_1_430' title='bbox 1100 2340 1216 2391; x_wconf 88' lang='lat' dir='ltr'>finaliter</span> 
     </span>
     <span class='ocr_line' id='line_1_82' title="bbox 684 2411 1220 2477; baseline 0.002 -17"><span class='ocrx_word' id='word_1_431' title='bbox 684 2412 923 2476; x_wconf 89' lang='lat' dir='ltr'>perseverantibus,</span> <span class='ocrx_word' id='word_1_432' title='bbox 938 2413 1007 2462; x_wconf 90' lang='lat' dir='ltr'>sicut</span> <span class='ocrx_word' id='word_1_433' title='bbox 1021 2411 1150 2477; x_wconf 86' lang='lat' dir='ltr'>operariis</span> <span class='ocrx_word' id='word_1_434' title='bbox 1164 2427 1220 2476; x_wconf 83' lang='lat' dir='ltr'>pa·-</span> 
     </span>
     <span class='ocr_line' id='line_1_83' title="bbox 683 2481 1215 2545; baseline 0 -15"><span class='ocrx_word' id='word_1_435' title='bbox 683 2491 755 2530; x_wconf 88' lang='lat' dir='ltr'>ratur</span> <span class='ocrx_word' id='word_1_436' title='bbox 771 2496 873 2531; x_wconf 89' lang='lat' dir='ltr'>merces</span> <span class='ocrx_word' id='word_1_437' title='bbox 887 2482 1021 2532; x_wconf 91' lang='lat' dir='ltr'>reddenda</span> <span class='ocrx_word' id='word_1_438' title='bbox 1034 2481 1063 2530; x_wconf 92' lang='lat' dir='ltr'>in</span> <span class='ocrx_word' id='word_1_439' title='bbox 1077 2496 1136 2530; x_wconf 90' lang='lat' dir='ltr'>sero</span> <span class='ocrx_word' id='word_1_440' title='bbox 1153 2490 1215 2545; x_wconf 93' lang='lat' dir='ltr'>post</span> 
     </span>
     <span class='ocr_line' id='line_1_84' title="bbox 683 2567 788 2618; baseline -0.048 -15"><span class='ocrx_word' id='word_1_441' title='bbox 683 2567 761 2618; x_wconf 78' lang='lat' dir='ltr'>opus.</span> <span class='ocrx_word' id='word_1_442' title='bbox 774 2571 788 2599; x_wconf 81' lang='lat' dir='ltr'>tr</span> 
     </span>
    </p>

    <p class='ocr_par' dir='ltr' id='par_1_7' title="bbox 682 2624 1217 3897">
     <span class='ocr_line' id='line_1_85' title="bbox 717 2624 1217 2674; baseline -0.004 0"><span class='ocrx_word' id='word_1_443' title='bbox 717 2640 749 2674; x_wconf 82' lang='grc' dir='ltr'>ιο</span> <span class='ocrx_word' id='word_1_444' title='bbox 763 2624 918 2674; x_wconf 77' lang='lat' dir='ltr'>Iunronxrro</span> <span class='ocrx_word' id='word_1_445' title='bbox 936 2640 1129 2674; x_wconf 76' lang='lat' dir='ltr'>nrscrrusonun</span> <span class='ocrx_word' id='word_1_446' title='bbox 1147 2637 1217 2673; x_wconf 83' lang='lat' dir='ltr'>corr—</span> 
     </span>
     <span class='ocr_line' id='line_1_86' title="bbox 683 2694 1216 2746; baseline -0.002 -2"><span class='ocrx_word' id='word_1_447' title='bbox 683 2712 735 2745; x_wconf 74' lang='lat' dir='ltr'>ras</span> <span class='ocrx_word' id='word_1_448' title='bbox 749 2711 835 2745; x_wconf 74' lang='lat' dir='ltr'>aratos</span> <span class='ocrx_word' id='word_1_449' title='bbox 849 2696 982 2746; x_wconf 73' lang='lat' dir='ltr'>Zauaoat.</span> <span class='ocrx_word' id='word_1_450' title='bbox 997 2724 1028 2732; x_wconf 92' lang='lat'>—</span> <span class='ocrx_word' id='word_1_451' title='bbox 1041 2695 1081 2745; x_wconf 89' lang='lat' dir='ltr'>Et</span> <span class='ocrx_word' id='word_1_452' title='bbox 1100 2694 1216 2744; x_wconf 78' lang='lat' dir='ltr'>audien-</span> 
     </span>
     <span class='ocr_line' id='line_1_87' title="bbox 684 2765 1215 2831; baseline 0 -16"><span class='ocrx_word' id='word_1_453' title='bbox 684 2766 818 2817; x_wconf 85' lang='lat' dir='ltr'>tesdecem</span> <span class='ocrx_word' id='word_1_454' title='bbox 835 2766 890 2827; x_wconf 90' lang='lat' dir='ltr'>alii,</span> <span class='ocrx_word' id='word_1_455' title='bbox 905 2766 1007 2816; x_wconf 90' lang='lat' dir='ltr'>scilicet</span> <span class='ocrx_word' id='word_1_456' title='bbox 1020 2765 1152 2831; x_wconf 77' lang='lat' dir='ltr'>Apostoli,</span> <span class='ocrx_word' id='word_1_457' title='bbox 1169 2765 1215 2815; x_wconf 85' lang='lat' dir='ltr'>in-</span> 
     </span>
     <span class='ocr_line' id='line_1_88' title="bbox 683 2837 1213 2902; baseline 0 -16"><span class='ocrx_word' id='word_1_458' title='bbox 683 2837 792 2902; x_wconf 83' lang='lat' dir='ltr'>dignati</span> <span class='ocrx_word' id='word_1_459' title='bbox 807 2843 869 2887; x_wconf 84' lang='lat' dir='ltr'>sunt</span> <span class='ocrx_word' id='word_1_460' title='bbox 894 2837 927 2887; x_wconf 85' lang='lat' dir='ltr'>de</span> <span class='ocrx_word' id='word_1_461' title='bbox 947 2837 1048 2888; x_wconf 81' lang='lat' dir='ltr'>duobus</span> <span class='ocrx_word' id='word_1_462' title='bbox 1062 2837 1213 2902; x_wconf 85' lang='lat' dir='ltr'>fratribus,</span> 
     </span>
     <span class='ocr_line' id='line_1_89' title="bbox 682 2909 1216 2975; baseline 0 -16"><span class='ocrx_word' id='word_1_463' title='bbox 682 2912 728 2975; x_wconf 91' lang='lat' dir='ltr'>qui</span> <span class='ocrx_word' id='word_1_464' title='bbox 750 2924 810 2959; x_wconf 88' lang='lat' dir='ltr'>sea</span> <span class='ocrx_word' id='word_1_465' title='bbox 831 2909 922 2959; x_wconf 91' lang='lat' dir='ltr'>decem</span> <span class='ocrx_word' id='word_1_466' title='bbox 946 2914 1138 2974; x_wconf 85' lang='lat' dir='ltr'>separaverant,</span> <span class='ocrx_word' id='word_1_467' title='bbox 1159 2919 1216 2959; x_wconf 89' lang='lat' dir='ltr'>tra-</span> 
     </span>
     <span class='ocr_line' id='line_1_90' title="bbox 683 2979 1216 3045; baseline 0 -16"><span class='ocrx_word' id='word_1_468' title='bbox 683 2980 778 3030; x_wconf 92' lang='lat' dir='ltr'>hentes</span> <span class='ocrx_word' id='word_1_469' title='bbox 794 2979 935 3030; x_wconf 88' lang='lat' dir='ltr'>Christum</span> <span class='ocrx_word' id='word_1_470' title='bbox 951 2996 1082 3041; x_wconf 90' lang='lat' dir='ltr'>seorsum,</span> <span class='ocrx_word' id='word_1_471' title='bbox 1100 2991 1131 3041; x_wconf 34' lang='lat' dir='ltr'>et·</span> <span class='ocrx_word' id='word_1_472' title='bbox 1141 2980 1216 3045; x_wconf 89' lang='lat' dir='ltr'>igno·</span> 
     </span>
     <span class='ocr_line' id='line_1_91' title="bbox 683 3051 1214 3110; baseline -0.002 -9"><span class='ocrx_word' id='word_1_473' title='bbox 683 3059 772 3101; x_wconf 90' lang='lat' dir='ltr'>rantes</span> <span class='ocrx_word' id='word_1_474' title='bbox 800 3065 953 3100; x_wconf 89' lang='lat' dir='ltr'>mensuram</span> <span class='ocrx_word' id='word_1_475' title='bbox 977 3067 1064 3110; x_wconf 88' lang='lat' dir='ltr'>suam,</span> <span class='ocrx_word' id='word_1_476' title='bbox 1088 3051 1214 3101; x_wconf 85' lang='lat' dir='ltr'>volebant</span> 
     </span>
     <span class='ocr_line' id='line_1_92' title="bbox 682 3118 1212 3187; baseline -0.004 -17"><span class='ocrx_word' id='word_1_477' title='bbox 682 3119 762 3170; x_wconf 90' lang='lat' dir='ltr'>sociis</span> <span class='ocrx_word' id='word_1_478' title='bbox 775 3119 831 3169; x_wconf 91' lang='lat' dir='ltr'>suis</span> <span class='ocrx_word' id='word_1_479' title='bbox 847 3119 975 3184; x_wconf 84' lang='lat' dir='ltr'>praeferri‚</span> <span class='ocrx_word' id='word_1_480' title='bbox 988 3121 1052 3187; x_wconf 91' lang='lat' dir='ltr'>quia</span> <span class='ocrx_word' id='word_1_481' title='bbox 1062 3121 1150 3170; x_wconf 89' lang='lat' dir='ltr'>adhuc</span> <span class='ocrx_word' id='word_1_482' title='bbox 1160 3118 1212 3185; x_wconf 90' lang='lat' dir='ltr'>ipsi</span> 
     </span>
     <span class='ocr_line' id='line_1_93' title="bbox 683 3190 1212 3243; baseline 0 -4"><span class='ocrx_word' id='word_1_483' title='bbox 683 3191 774 3240; x_wconf 89' lang='lat' dir='ltr'>decem</span> <span class='ocrx_word' id='word_1_484' title='bbox 782 3199 856 3240; x_wconf 88' lang='lat' dir='ltr'>erant</span> <span class='ocrx_word' id='word_1_485' title='bbox 867 3191 986 3240; x_wconf 90' lang='lat' dir='ltr'>carnales</span> <span class='ocrx_word' id='word_1_486' title='bbox 999 3191 1102 3240; x_wconf 84' lang='lat' dir='ltr'>sicutet</span> <span class='ocrx_word' id='word_1_487' title='bbox 1110 3190 1148 3243; x_wconf 89' lang='lat' dir='ltr'>illi</span> <span class='ocrx_word' id='word_1_488' title='bbox 1157 3190 1212 3239; x_wconf 91' lang='lat' dir='ltr'>duo</span> 
     </span>
     <span class='ocr_line' id='line_1_94' title="bbox 683 3260 1215 3328; baseline -0.006 -17"><span class='ocrx_word' id='word_1_489' title='bbox 683 3261 738 3311; x_wconf 90' lang='lat' dir='ltr'>alii.</span> <span class='ocrx_word' id='word_1_490' title='bbox 756 3260 809 3313; x_wconf 92' lang='lat' dir='ltr'>Ubi</span> <span class='ocrx_word' id='word_1_491' title='bbox 829 3261 1068 3328; x_wconf 74' lang='lat' dir='ltr'>chrysostomus:</span> <span class='ocrx_word' id='word_1_492' title='bbox 1085 3278 1098 3306; x_wconf 80' lang='lat' dir='ltr'>n</span> <span class='ocrx_word' id='word_1_493' title='bbox 1114 3261 1215 3318; x_wconf 92' lang='lat' dir='ltr'>Quem-</span> 
     </span>
     <span class='ocr_line' id='line_1_95' title="bbox 683 3330 1213 3394; baseline -0.009 -12"><span class='ocrx_word' id='word_1_494' title='bbox 683 3333 830 3383; x_wconf 87' lang='lat' dir='ltr'>admodum</span> <span class='ocrx_word' id='word_1_495' title='bbox 867 3331 912 3381; x_wconf 91' lang='lat' dir='ltr'>isti</span> <span class='ocrx_word' id='word_1_496' title='bbox 950 3332 1089 3382; x_wconf 84' lang='lat' dir='ltr'>carnaliter</span> <span class='ocrx_word' id='word_1_497' title='bbox 1126 3330 1213 3394; x_wconf 88' lang='lat' dir='ltr'>petie-</span> 
     </span>
     <span class='ocr_line' id='line_1_96' title="bbox 684 3398 1214 3468; baseline -0.013 -14"><span class='ocrx_word' id='word_1_498' title='bbox 684 3414 762 3468; x_wconf 88' lang='lat' dir='ltr'>runt;</span> <span class='ocrx_word' id='word_1_499' title='bbox 781 3403 819 3454; x_wconf 94' lang='lat' dir='ltr'>sic</span> <span class='ocrx_word' id='word_1_500' title='bbox 836 3413 862 3453; x_wconf 90' lang='lat' dir='ltr'>et</span> <span class='ocrx_word' id='word_1_501' title='bbox 885 3402 924 3452; x_wconf 93' lang='lat' dir='ltr'>illi</span> <span class='ocrx_word' id='word_1_502' title='bbox 950 3402 1089 3452; x_wconf 89' lang='lat' dir='ltr'>carnaliter</span> <span class='ocrx_word' id='word_1_503' title='bbox 1112 3398 1214 3448; x_wconf 87' lang='lat' dir='ltr'>contri-</span> 
     </span>
     <span class='ocr_line' id='line_1_97' title="bbox 683 3468 1214 3529; baseline -0.013 -5"><span class='ocrx_word' id='word_1_504' title='bbox 683 3474 744 3524; x_wconf 87' lang='lat' dir='ltr'>stati</span> <span class='ocrx_word' id='word_1_505' title='bbox 777 3484 848 3525; x_wconf 80' lang='lat' dir='ltr'>sunt.</span> <span class='ocrx_word' id='word_1_506' title='bbox 885 3474 952 3522; x_wconf 89' lang='lat' dir='ltr'>Nam</span> <span class='ocrx_word' id='word_1_507' title='bbox 987 3472 1056 3522; x_wconf 89' lang='lat' dir='ltr'>sicut</span> <span class='ocrx_word' id='word_1_508' title='bbox 1089 3469 1154 3529; x_wconf 90' lang='lat' dir='ltr'>isti,</span> <span class='ocrx_word' id='word_1_509' title='bbox 1191 3468 1214 3518; x_wconf 92' lang='lat' dir='ltr'>si</span> 
     </span>
     <span class='ocr_line' id='line_1_98' title="bbox 684 3542 1216 3614; baseline -0.011 -17"><span class='ocrx_word' id='word_1_510' title='bbox 684 3547 857 3614; x_wconf 86' lang='lat' dir='ltr'>spiritualiter</span> <span class='ocrx_word' id='word_1_511' title='bbox 871 3547 1030 3612; x_wconf 90' lang='lat' dir='ltr'>sapuissent,</span> <span class='ocrx_word' id='word_1_512' title='bbox 1043 3559 1098 3593; x_wconf 89' lang='lat' dir='ltr'>non</span> <span class='ocrx_word' id='word_1_513' title='bbox 1108 3542 1216 3592; x_wconf 86' lang='lat' dir='ltr'>fuerant</span> 
     </span>
     <span class='ocr_line' id='line_1_99' title="bbox 685 3615 1213 3686; baseline -0.009 -16"><span class='ocrx_word' id='word_1_514' title='bbox 685 3620 794 3686; x_wconf 88' lang='lat' dir='ltr'>petituri</span> <span class='ocrx_word' id='word_1_515' title='bbox 808 3629 839 3669; x_wconf 91' lang='lat' dir='ltr'>ut</span> <span class='ocrx_word' id='word_1_516' title='bbox 853 3629 942 3669; x_wconf 85' lang='lat' dir='ltr'>essent</span> <span class='ocrx_word' id='word_1_517' title='bbox 955 3632 1036 3683; x_wconf 88' lang='lat' dir='ltr'>super</span> <span class='ocrx_word' id='word_1_518' title='bbox 1048 3630 1158 3679; x_wconf 89' lang='lat' dir='ltr'>omnes;</span> <span class='ocrx_word' id='word_1_519' title='bbox 1174 3615 1213 3665; x_wconf 92' lang='lat' dir='ltr'>sic</span> 
     </span>
     <span class='ocr_line' id='line_1_100' title="bbox 684 3684 1215 3754; baseline -0.013 -14"><span class='ocrx_word' id='word_1_520' title='bbox 684 3701 710 3740; x_wconf 92' lang='lat' dir='ltr'>et</span> <span class='ocrx_word' id='word_1_521' title='bbox 723 3686 773 3748; x_wconf 87' lang='lat' dir='ltr'>illi,</span> <span class='ocrx_word' id='word_1_522' title='bbox 785 3690 808 3739; x_wconf 92' lang='lat' dir='ltr'>si</span> <span class='ocrx_word' id='word_1_523' title='bbox 824 3687 998 3754; x_wconf 88' lang='lat' dir='ltr'>spiritualiter</span> <span class='ocrx_word' id='word_1_524' title='bbox 1010 3684 1215 3746; x_wconf 83' lang='lat' dir='ltr'>intellexissent,</span> 
     </span>
     <span class='ocr_line' id='line_1_101' title="bbox 685 3756 1214 3811; baseline -0.009 0"><span class='ocrx_word' id='word_1_525' title='bbox 685 3777 739 3811; x_wconf 91' lang='lat' dir='ltr'>non</span> <span class='ocrx_word' id='word_1_526' title='bbox 755 3759 869 3810; x_wconf 90' lang='lat' dir='ltr'>fuissent</span> <span class='ocrx_word' id='word_1_527' title='bbox 880 3756 1029 3808; x_wconf 86' lang='lat' dir='ltr'>contristati</span> <span class='ocrx_word' id='word_1_528' title='bbox 1041 3764 1103 3804; x_wconf 89' lang='lat' dir='ltr'>ante</span> <span class='ocrx_word' id='word_1_529' title='bbox 1112 3770 1141 3806; x_wconf 89' lang='lat' dir='ltr'>se</span> <span class='ocrx_word' id='word_1_530' title='bbox 1155 3771 1214 3806; x_wconf 88' lang='lat' dir='ltr'>esse</span> 
     </span>
     <span class='ocr_line' id='line_1_102' title="bbox 685 3825 1217 3897; baseline -0.009 -16"><span class='ocrx_word' id='word_1_531' title='bbox 685 3831 799 3897; x_wconf 77' lang='lat' dir='ltr'>aliquos.</span> <span class='ocrx_word' id='word_1_532' title='bbox 829 3831 896 3880; x_wconf 84' lang='lat' dir='ltr'>Nam</span> <span class='ocrx_word' id='word_1_533' title='bbox 922 3827 988 3879; x_wconf 82' lang='lat' dir='ltr'>velle</span> <span class='ocrx_word' id='word_1_534' title='bbox 1018 3825 1129 3892; x_wconf 89' lang='lat' dir='ltr'>quidem</span> <span class='ocrx_word' id='word_1_535' title='bbox 1158 3841 1217 3882; x_wconf 88' lang='lat' dir='ltr'>esse</span> 
     </span>
    </p>
   </div>
   <div class='ocr_carea' id='block_1_6' title="bbox 0 0 1320 4320">
    <p class='ocr_par' dir='ltr' id='par_1_8' title="bbox 0 0 1320 4320">
     <span class='ocr_line' id='line_1_103' title="bbox 0 0 1320 4320; baseline 0 1"><span class='ocrx_word' id='word_1_536' title='bbox 0 0 1320 4320; x_wconf 95' lang='lat' dir='ltr'> </span> 
     </span>
    </p>
   </div>
  </div>
 </body>
</html>
