2632 4320
139 282 188 333 DE
203 282 339 333 SCRlBlS
351 281 398 334 ET
410 280 606 332 'Pannissus
623 279 659 331 IN
675 277 859 330 DOCTRINA
873 277 966 341 AUD„
983 276 1060 329 ETC.
1126 275 1177 328 283

89 399 263 467 7Quaruoa
291 412 480 449 utorsruonuu
510 411 592 448 vurta.

57 500 89 511 -
102 471 169 523 Fece
194 484 257 535 ergo
282 478 399 536 quatuor
433 467 594 534 generaliter

59 543 87 594 in
103 542 154 593 bac
172 540 251 600 serie,
276 554 338 606 quae
360 539 593 605 reprehenduntur

57 613 86 665 in
100 609 238 678 magistris
257 619 284 660 et
298 609 423 676 praelatis,
441 608 470 659 in
487 608 590 675 quibus

59 701 117 737 non
144 692 208 735 sunt
230 682 383 734 imitandi:
407 680 527 747 primum
553 690 594 733 est

57 753 180 809 defectus
218 755 298 805 bonae
324 752 506 819 operationis,
527 751 594 818 quia

58 827 160 887 dicunt,
173 831 208 876 ‘et
225 840 277 877 non
291 826 401 892 satiauit
405 842 417 887 ,·
432 825 592 884 secundum,

56 897 200 951 austeritas
223 896 398 963 praelationis,
419 896 493 962 quia,
507 909 592 946 onae

56 967 160 1033 mavia
177 966 252 1031 aliis,
279 966 416 1027 nonsibi,
439 967 592 1033 importuna

55 1036 177 1098 tertium,
189 1037 332 1088 ostentatio
345 1037 491 1103 singularis
504 1037 591 1089 actio-

56 1106 112 1170 nis,
132 1107 205 1174 quia,
221 1107 310 1159 omitia
326 1123 408 1173 opera
417 1109 537 1174 faciunt,
562 1113 592 1159 ut

56 1177 201 1229 uideantur
218 1178 252 1228 ab
273 1177 439 1241 homnibus,-
452 1188 591 1244 quartum,

57 1247 167 1301 affectus
190 1248 346 1299 ambitionis
365 1259 390 1299 et
403 1249 504 1315 laudis;
518 1249 592 1316 quia,

57 1325 153 1371 amant
165 1319 271 1385 primos
283 1320 426 1382 recubitus,
441 1327 467 1371 et
486 1321 593 1385 primas

57 1391 214 1455 cathedras,
229 1398 256 1442 et
267 1392 452 1445 salutationes.
469 1394 502 1444 Et
517 1402 591 1451 nota,

58 1466 211 1523 seeundum
231 1466 343 1526 Esdram,
358 1467 431 1532 quod
456 1464 593 1517 Dominus

59 1552 119 1591 non
131 1537 221 1604 arguit
231 1547 257 1588 et
270 1537 403 1603 vituperat
421 1552 477 1600 eos,
491 1537 593 1603 quibus

57 1611 120 1663 hoe
145 1625 178 1663 ex
199 1607 281 1660 officii
312 1608 409 1660 ordine
438 1619 593 1674 competunt

57 1690 86 1735 ot
100 1679 184 1744 fluum
202 1680 326 1732 sedilios
348 1680 396 1746 qui
419 1680 478 1731 lraec
489 1680 592 1742 habita,

56 1755 117 1807 siue
129 1769 186 1807 non
207 1754 308 1815 habita,
325 1754 445 1806 indebite
458 1764 551 1807 amant
566 1764 595 1806 et

55 1834 202 1892 appetunt,
232 1822 356 1877 animum
375 1826 519 1887 videlicet,
536 1842 592 1879 non

57 1895 172 1962 gradum
189 1897 362 1961 redarguens,
378 1907 405 1947 et
416 1899 451 1948 ad
462 1899 593 1950 volunta-

57 1976 124 2030 tem,
139 1982 195 2017 non
221 1967 254 2016 ad
288 1966 387 2017 factum
412 1968 591 2034 vituperatio-

57 2052 123 2088 nem
135 2037 264 2088 reierens.
278 2038 343 2088 Sine
360 2053 438 2089 causa
450 2040 521 2090 enirn
531 2040 590 2089 loco

57 2125 89 2160 se
106 2109 244 2168 humiliat,
272 2109 319 2175 qui
342 2111 421 2161 corde
442 2126 470 2162 se
487 2111 595 2176 praesert

56 2192 86 2234 et
100 2183 198 2234 exaltat
204 2197 212 2245 ;
231 2184 304 2233 unde
320 2198 376 2232 non
393 2184 518 2249 prohibet
531 2198 592 2233 ma-

58 2253 162 2320 gistros
171 2253 259 2319 primo
270 2254 371 2314 sedere,
384 2269 431 2303 nec
440 2255 592 2305 doctrinam

58 2340 144 2392 super
166 2325 336 2387 bathemam,
359 2341 406 2376 nec
421 2327 593 2387 salutationes

58 2398 89 2449 iu
103 2394 177 2455 loro,
194 2411 244 2447 nec
265 2396 378 2448 nomina
405 2397 527 2464 magistri
549 2398 592 2448 vel

58 2465 157 2534 patris3
178 2466 225 2517 sed
249 2468 436 2529 ambitionem,
456 2479 482 2519 et
495 2484 592 2519 vanam

57 2535 184 2603 gloriam,
198 2551 233 2586 ne
248 2536 312 2603 quis
332 2537 390 2588 haec
411 2547 526 2603 appetat,
549 2538 592 2588 rel

57 2606 192 2674 glorietur
214 2607 244 2657 in
268 2608 319 2659 eis.
344 2608 372 2659 Si
395 2618 502 2666 autern,
527 2607 593 2658 dicit

58 2677 288 2744 wineramus,
324 2678 438 2744 diligere
464 2679 528 2730 talia
552 2688 593 2731 est

57 2746 203 2808 incusatio,
212 2763 294 2813 quam
306 2750 409 2799 malum
419 2759 460 2800 est
474 2750 591 2809 studere,

58 2829 91 2871 ut
101 2819 148 2871 lais
164 2820 265 2885 aliquis
274 2821 408 2887 potiatur?
425 2823 477 2874 Ubi
487 2823 525 2873 ait
537 2823 592 2873 Be-

58 2894 120 2943 da:
139 2909 154 2939 a
170 2893 217 2943 Vae
239 2893 346 2944 miseris
370 2895 434 2954 illis,
464 2896 496 2946 ad
522 2910 592 2962 quos

60 2962 259 3013 Pharisaeorum
277 2964 342 3014 vitia
358 2966 530 3030 transierunt,
545 2965 592 3032 qui

59 3050 108 3101 per
135 3036 217 3086 breve
245 3038 408 3087 curriculum
445 3039 506 3089 vitae
527 3053 591 3098 suae,

59 3120 117 3172 quo
144 3116 250 3173 peccata
274 3108 398 3173 plangere
428 3111 591 3173 debuerant,

59 3191 110 3242 pro
149 3177 271 3244 prioratu
311 3192 409 3229 certare
437 3196 492 3230 non
532 3195 593 3230 me—

59 3248 156 3299 tuunt!
174 3268 188 3296 n
202 3249 235 3298 Et
258 3249 414 3309 sciendum,
436 3252 592 3300 'secundum

60 3320 203 3380 eumdem,
226 3321 299 3386 quod
322 3320 421 3386 duplici
448 3323 551 3374 ratione
578 3337 594 3373 a

59 3405 135 3442 vanae
147 3390 242 3457 gloriae
256 3392 360 3458 cupidis
376 3395 510 3444 attendere
520 3395 594 3460 jube-

61 3476 145 3512 mur:
159 3477 195 3513 ne
211 3461 313 3513 scilicet
326 3478 418 3513 eorum
427 3467 469 3515 vel
479 3466 593 3516 simula-

60 3531 136 3585 tione
153 3533 324 3594 seducamur,
342 3535 505 3588 aestimantes
525 3538 595 3588 bona

61 3616 120 3655 esse
143 3619 206 3670 quae
225 3603 337 3668 iaciunt3
358 3607 399 3656 vel
422 3608 594 3658 aemulatione

62 3676 95 3726 ad
112 3677 276 3728 imitandum
303 3678 510 3745 inflammemur,
535 3681 595 3732 fru-

63 3757 118 3798 stra
145 3748 293 3814 gaudentes
317 3748 347 3798 in
369 3749 449 3801 bonis
475 3752 594 3816 laudari,

63 3832 126 3883 quae
146 3817 286 3870 simulant.

97 3888 206 3941 8Uuus
224 3908 301 3943 uosrs
312 3893 479 3945 Paucaaron
499 3910 533 3945 ur
551 3896 597 3945 Pa·

647 410 707 456 raa,
732 410 806 446 uuna
823 408 997 445 auulsum-rs
1021 409 1178 444 conumer-

646 481 701 517 rto.
716 493 746 505 -
760 465 863 515 Deinde
891 473 997 515 revocat
1027 463 1177 529 discipulos

646 539 679 589 ab
699 537 748 588 hac
763 536 889 602 superbia
917 547 944 588 et
961 536 1120 597 ambitione,
1138 535 1177 586 di-

645 624 709 660 cens
727 625 735 659 e
756 608 809 659 Vos
822 614 910 660 autem
922 608 1012 670 nolite,
1028 607 1056 658 id
1068 616 1172 659 estnon

645 681 736 732 velitis
748 690 775 731 et
795 680 931 741 affectetis,
954 680 1048 731 vocari
1070 680 1178 741 Rabbi;

646 767 694 804 nec
705 752 842 815 vocemini,
865 752 893 803 id
914 761 956 803 est
978 768 1028 802 nec
1042 751 1174 819 appetatis

645 823 734 874 vooari
769 823 910 889 magistri,
940 832 1050 888 propter
1087 822 1178 873 inanis

646 893 739 959 gloriae
761 893 957 958 ambitionem;
972 899 999 945 et
1015 899 1123 958 patrem
1134 908 1179 945 no·

646 966 693 1017 lite
718 981 815 1017 vocare
842 967 917 1017 vobis
946 980 1027 1031 super
1058 972 1179 1028 taram,

646 1049 754 1106 propter
779 1039 969 1090 adulationem.
998 1039 1060 1089 Non
1088 1038 1180 1089 hono·

646 1128 712 1172 rem,
735 1115 777 1164 vel
800 1129 899 1164 nornen
913 1112 1045 1178 magistri,
1064 1120 1110 1161 aut
1126 1126 1177 1176 pa-

646 1185 704 1245 tris,
727 1184 844 1248 inhibet;
866 1186 913 1236 sed
928 1200 963 1235 ne
985 1183 1048 1250 quis
1064 1183 1177 1233 indebi-

645 1265 713 1315 tum,
728 1257 770 1306 vel
786 1255 906 1306 indebite
928 1254 981 1305 sibi
994 1264 1115 1320 usurpet,
1134 1253 1177 1304 vel

645 1325 721 1377 alteri
751 1327 879 1376 attribuat
905 1342 913 1376 ι
940 1325 1016 1376 Unus
1041 1331 1083 1376 est
1109 1325 1178 1376 enim

645 1398 931 1465 Magistervesterset
945 1412 1012 1448 unus
1031 1403 1072 1448 est
1091 1397 1180 1448 Pater

646 1468 802 1536 principalis
838 1469 966 1521 omnium
998 1467 1178 1534 singulariter,

645 1551 672 1592 et
686 1556 732 1607 per
745 1539 939 1602 excellentiam,
956 1538 1002 1604 qui
1021 1545 1061 1589 est
1079 1538 1107 1588 in
1121 1552 1178 1589 coe-

646 1613 689 1675 lis,
708 1612 751 1663 cui
768 1621 809 1662 est
822 1627 884 1662 cura
896 1612 929 1661 de
949 1609 1089 1660 omnibus.
1102 1609 1178 1661 Licet

645 1685 744 1750 aliquis
757 1684 844 1750 possit
854 1682 942 1734 vocari
966 1692 1049 1747 pater.
1061 1682 1103 1733 vel
1116 1697 1180 1732 ma·

645 1754 728 1822 gister
742 1754 771 1804 in
788 1764 867 1817 terra,
880 1753 983 1803 ratione
997 1752 1179 1818 generationis

645 1825 781 1888 doctrinae,
804 1825 847 1876 vel
867 1824 970 1887 aetatis;
987 1833 1079 1874 tamen
1102 1824 1182 1873 solus

645 1898 727 1958 Deus,
750 1907 853 1949 naturae
878 1905 979 1956 auctor,
1004 1905 1046 1947 est
1060 1896 1137 1946 Pater
1149 1904 1177 1945 et

645 1971 773 2038 Magister
795 1969 968 2036 principalis;
997 1967 1061 2034 quia
1083 1968 1117 2018 ab
1143 1983 1174 2018 eo

645 2043 777 2093 habemus
800 2042 872 2107 quod
892 2055 996 2100 sumus,
1014 2048 1039 2090 et
1061 2039 1174 2090 scimus.

625 2154 627 2159 .
646 2113 699 2164 Ubi
718 2113 928 2181 Chrysostomus
947 2128 955 2161 :
974 2128 988 2156 a
1015 2111 1068 2160 Vos
1090 2116 1179 2160 autem

646 2185 727 2236 nolite
744 2183 838 2235 vocari
858 2181 961 2243 Rabbi;
974 2197 1009 2231 ne
1032 2182 1106 2247 quod
1120 2181 1177 2231 Deo

645 2257 767 2316 debetur,
784 2255 863 2306 vobis
884 2252 1061 2319 praesumatis.
1088 2252 1179 2302 Nolite

645 2338 673 2378 et
700 2328 769 2379 alios
798 2341 892 2377 vocare
924 2324 1024 2387 Rabbi;
1043 2339 1077 2374 ne
1104 2323 1177 2374 divi-

645 2416 713 2450 num
723 2400 856 2449 honorem
870 2395 1030 2447 hominibus
1044 2392 1181 2445 deferatis.

650 2474 727 2524 Unus
739 2478 779 2524 est
792 2471 861 2522 enim
884 2469 1024 2535 Magister
1040 2466 1177 2528 omnium,

644 2545 692 2609 qui
721 2558 816 2593 omnes
845 2539 1003 2590 naturaliter
1030 2539 1116 2588 docet.
1138 2537 1179 2587 Et

640 2620 748 2681 panem
771 2612 853 2664 nolite
880 2612 978 2661 vocare
1000 2608 1076 2658 vobis
1094 2623 1177 2674 super

645 2691 755 2747 terram,
777 2683 825 2750 qui
845 2698 898 2732 non
919 2681 984 2731 estis
1004 2679 1055 2730 filii
1066 2680 1176 2730 terreni.

645 2756 729 2806 Exeo
751 2755 825 2805 enim
841 2754 977 2804 coelestem
996 2762 1022 2802 te
1040 2751 1178 2817 professus

644 2840 673 2876 es
692 2825 789 2876 habere
810 2826 923 2881 Patrem,
944 2838 976 2872 ex
998 2838 1053 2887 quo
1072 2822 1177 2872 Patrem

644 2897 695 2947 tibi
709 2895 807 2947 vocasti
827 2895 860 2944 de
874 2896 950 2954 coelo,
965 2893 1076 2944 dicens:
1092 2895 1178 2945 Patet·

646 2977 744 3032 noster,
755 2970 801 3037 qui
816 2984 844 3019 es
863 2969 890 3018 in
910 2969 993 3020 caelis.
1009 2969 1112 3034 Exquo
1126 2984 1177 3018 au-

645 3049 700 3090 tem
713 3041 847 3090 coelestem
860 3049 887 3089 te
902 3038 1038 3104 professus
1056 3053 1085 3088 es
1101 3039 1179 3088 habe-

646 3125 674 3159 re
695 3112 809 3173 Patrem,
824 3110 941 3160 vocando
957 3110 1063 3159 Patrem
1080 3109 1177 3167 Deum,

646 3191 722 3247 turpe
743 3192 783 3231 est
803 3191 834 3230 ut
857 3182 956 3230 iterum
978 3191 1003 3231 te
1028 3178 1180 3246 profitearis

646 3260 793 3311 terrenum,
811 3252 861 3302 tibi
877 3262 980 3318 patrem
994 3249 1114 3301 vocando
1127 3263 1175 3298 su—

646 3339 694 3390 per
706 3334 814 3374 terram.
829 3344 842 3372 »
863 3324 899 3374 Et
916 3324 1013 3374 iterum
1030 3339 1036 3371 :
1054 3339 1066 3367 r
1078 3322 1117 3370 Ne
1128 3335 1178 3384 yo-

646 3393 711 3444 cetis
727 3404 829 3460 patrem
846 3395 874 3444 in
890 3406 974 3453 terra,
999 3408 1054 3442 non
1078 3399 1108 3440 ut
1129 3392 1176 3440 de·

647 3467 765 3517 honores
796 3483 842 3518 eos
871 3468 917 3533 qui
945 3477 971 3516 te
1008 3473 1175 3532 genuerunt,

647 3538 693 3588 sed
720 3547 751 3588 ut
786 3538 914 3588 omnibns
949 3536 1004 3585 illis
1038 3547 1178 3600 praeponas

648 3623 710 3657 eum
729 3608 776 3673 qui
797 3618 822 3658 te
838 3606 910 3669 fecit,
936 3615 963 3655 et
993 3603 1137 3669 inscripsit
1152 3614 1178 3654 te

649 3677 719 3728 inter
732 3679 803 3729 filios
826 3694 890 3728 suos
907 3693 914 3726 :
930 3695 944 3724 a
957 3676 1015 3726 haee
1037 3674 1178 3741 Chrysor—

649 3756 743 3800 tomus.
768 3750 865 3800 Omnes
885 3754 973 3798 autem
999 3760 1047 3797 vot
1069 3744 1180 3810 fratres

648 3823 723 3883 ertia,
744 3822 809 3887 quia
819 3821 868 3870 filii
882 3819 931 3870 Dei
942 3835 990 3885 per
1008 3819 1180 3878 creationem,

650 3904 676 3945 et
686 3895 777 3960 gratiae
796 3893 979 3959 adoptionem,
992 3893 1025 3943 ad
1039 3907 1122 3942 unam
1136 3906 1186 3942 vo-
