2632 4320
673 208 682 235 l

178 306 226 358 DE
241 306 456 359 CARITATIVA
472 306 727 361 CORRECTlONE
744 307 966 370 PRODITORIS,
984 308 1061 360 ETC.
1135 310 1187 375 405

68 432 133 474 stes.
154 422 206 473 Ubi
230 423 368 474 sciendum
382 422 455 489 quod
475 425 597 474 Satanam

68 493 169 545 intrare
191 493 349 554 hominem,
378 503 466 560 potest
487 494 600 560 duplici-

67 572 109 615 ter
130 563 246 631 intelligi
268 582 274 615 ε
296 565 360 630 quia
384 565 424 615 vel
450 565 549 617 intrare
569 565 601 615 in*

66 649 165 700 corpus
197 635 335 699 hominis,
367 636 437 687 sicut
466 645 537 703 patet
570 637 599 687 in

66 708 239 760 daemoniacis
261 719 286 760 et
306 710 345 760 sic
362 718 449 774 potest
468 709 600 761 essentia-

65 779 129 830 liter
148 779 248 831 intrare
266 781 293 831 in
316 781 472 846 hominem3
490 783 533 832 vel
554 781 600 832 in·

64 859 136 902 trare
150 850 179 900 in
201 862 328 913 mentem,
352 852 387 904 ita
415 855 487 919 quod
514 853 599 905 menti

65 923 246 973 essentialiter
263 923 395 984 illabatur,
413 924 491 975 etsie
508 924 599 975 nullus

66 1001 156 1059 potest
183 993 283 1044 intrare
310 993 338 1043 in
372 994 512 1046 hominem
546 995 599 1046 nisi

65 1066 141 1117 solus
172 1067 253 1117 Deus.
286 1068 386 1118 Anima
413 1069 486 1119 enim
516 1069 600 1120 ratio-

65 1137 136 1187 nalis
152 1152 206 1187 non
222 1137 302 1188 habet
314 1138 497 1190 dimensiones
511 1156 601 1206 quan-

64 1206 150 1258 titatis
182 1216 212 1257 ut
232 1208 335 1275 aliquid
354 1209 382 1259 in
411 1225 441 1261 ea
469 1226 526 1261 esse
557 1210 601 1260 di-

64 1287 161 1341 catur,
195 1279 272 1345 quasi
309 1280 380 1331 infra
414 1281 600 1332 dimensiones

64 1350 123 1416 ejus
145 1363 318 1415 contentum,
337 1364 363 1404 et
396 1354 435 1404 sic
460 1354 530 1404 nihil
551 1370 601 1420 po-

653 439 698 474 cor
716 431 837 474 nostrum
858 423 962 490 aliquid
977 423 1127 490 ignitorum
1142 434 1186 478 te·

652 496 741 546 lorum
756 511 877 556 suorum,
893 512 956 547 nam
970 497 992 547 si
1004 497 1189 560 introduxerit,

652 565 795 616 insidiatur
819 567 933 630 deinde,
955 577 986 619 ut
1011 578 1037 620 et
1059 569 1116 635 ipse
1142 569 1188 621 in-

652 637 821 689 troeat.n1n
840 638 891 688 hoc
913 648 1003 690 autem
1025 641 1097 706 quod
1120 641 1187 692 buc-

653 709 718 760 cella
732 720 847 775 sumpta,
856 710 972 776 amplius
985 711 1107 762 introivit
1119 711 1190 765 Sata-

652 794 701 829 nas
724 779 751 829 in
771 781 876 845 ludam,
902 783 1037 847 perpende
1058 791 1188 850 quantum

653 863 693 903 est
718 852 820 904 malum
840 855 1052 905 commensalem
1075 855 1187 921 alicujus

654 932 714 990 post
739 940 796 976 esse
820 926 979 992 ingratum,
1010 935 1036 977 et
1064 926 1188 979 beneficii
1250 924 1253 928 “

654 1010 852 1047 immemorem.

685 1082 702 1134 9
723 1066 864 1118 Panursmo
889 1084 1033 1118 rnomrom
1058 1085 1128 1119 narn
1144 1085 1186 1119 rr-

653 1152 764 1195 srusouu
781 1154 916 1190 nonrssus.
930 1168 961 1177 -
987 1139 1090 1189 Deinde
1104 1139 1186 1206 poni-

654 1216 697 1257 tur
716 1209 861 1275 proditoris
873 1209 1025 1275 permissio,
1041 1210 1185 1261 nonenim

654 1288 756 1344 poterat
774 1280 878 1346 aliquid
898 1281 991 1341 facere,
1008 1280 1059 1330 nisi
1075 1281 1184 1331 Christo

654 1350 834 1416 permittente.
855 1352 916 1402 Ideo
937 1352 1006 1403 dixit
1025 1350 1048 1401 ei
1078 1367 1085 1400 ι
1108 1351 1186 1412 Quod

64 1430 117 1473 test
141 1422 170 1473 in
193 1439 224 1474 ea
244 1439 317 1488 esse,
343 1424 396 1475 nisi
418 1425 491 1492 quod
512 1425 536 1475 ei
557 1425 601 1477 dat
648 1421 734 1486 facis,
750 1421 850 1472 scilicet
869 1423 1015 1485 voluntate,
1029 1421 1089 1486 sac,
1104 1420 1132 1470 id
1147 1432 1187 1472 est

64 1505 137 1552 esse,
167 1494 241 1560 quod
268 1504 307 1545 est
335 1493 373 1544 ibi
402 1510 449 1560 per
474 1494 600 1546 virtutem

654 1491 741 1554 facies,
756 1493 845 1543 citius
862 1494 894 1542 Et
912 1494 980 1544 bene
994 1493 1060 1543 dicit
1079 1511 1086 1544 :
1108 1493 1188 1553 Quod

64 1576 166 1627 suam;
191 1565 238 1615 ubi
261 1575 350 1615 autem
371 1575 411 1616 est
433 1566 520 1616 virtus
542 1565 601 1630 Dei,
646 1563 734 1628 sacis,
759 1563 823 1629 quia
846 1564 992 1615 voluntatis
1012 1567 1115 1616 crimen
1138 1581 1187 1631 pro

64 1635 104 1687 ibi
112 1646 154 1687 est
169 1646 200 1703 et*
208 1637 324 1687 essentia
336 1637 394 1698 Dei,
410 1637 438 1687 in
452 1638 508 1687 Deo
526 1637 600 1688 enim

64 1709 137 1760 idem
153 1719 194 1761 est
210 1710 297 1760 virtus
313 1719 340 1760 et
359 1710 483 1774 essentia,
499 1718 525 1760 et
539 1710 600 1760 ideo

64 1779 137 1832 Deus
166 1781 343 1837 essentialiter
368 1792 408 1832 est
434 1781 462 1832 in
493 1783 599 1843 anima,

63 1854 139 1919 cujus
164 1854 249 1905 solius
268 1865 307 1905 est
329 1855 441 1920 implere
465 1863 598 1921 naturam,

62 1925 120 1976 sive
149 1924 328 1975 substantiam
354 1926 388 1975 ab
418 1941 449 1976 eo
475 1936 598 1977 creatam.

62 1993 168 2045 Dicitur
191 2004 280 2045 tamen
304 1995 384 2045 Satan
414 1996 489 2046 illabi
513 1998 598 2048 menti

63 2066 200 2128 humanae,
224 2082 271 2133 per
289 2068 413 2118 affectum
433 2079 458 2119 et
476 2069 599 2121 effectum

64 2136 184 2200 malitiae,
203 2137 303 2187 scilicet
322 2138 351 2187 in
368 2148 499 2205 quantum
516 2139 600 2190 homo

63 2208 96 2260 ab
124 2224 156 2259 eo
179 2209 305 2259 seductus
331 2210 454 2276 sequitur
479 2227 541 2261 eum
567 2212 600 2262 ad

63 2279 273 2345 perpetrandum
291 2281 392 2330 malum
412 2282 485 2348 qdod
500 2297 600 2348 sugge-

62 2349 113 2414 rit;
130 2359 157 2400 et
183 2349 222 2400 sic
240 2365 286 2416 per
308 2350 505 2402 fraudulentam
523 2353 600 2402 dece-

63 2420 193 2486 ptionem,
213 2431 239 2472 et
252 2422 380 2473 malitiam
396 2424 516 2474 habitare
529 2424 599 2475 dici-

62 2501 106 2543 tur
132 2490 161 2541 in
184 2506 215 2541 eo
245 2507 327 2558 quem
355 2493 459 2559 implet.
483 2493 517 2544 Et
546 2489 605 2544 hoc¹

63 2562 145 2613 modo
158 2561 268 2613 intravit
284 2563 312 2613 in
327 2564 433 2626 ludam,
448 2574 478 2615 ut
491 2565 599 2631 plenius

62 2632 221 2698 possideret,
234 2641 259 2683 et
272 2635 304 2683 ad
319 2636 526 2701 perpetrandum
540 2651 600 2686 ma-

61 2705 120 2756 lum
138 2705 286 2769 induceret,
309 2705 337 2756 in
359 2707 434 2772 cujus
457 2723 503 2757 cor
523 2706 599 2773 prius

62 2775 175 2826 miserat
194 2784 226 2825 ut
248 2775 394 2841 deciperet,
426 2787 452 2827 et
475 2777 509 2826 ad
528 2791 598 2844 prae-

62 2845 184 2897 bendum
198 2860 338 2896 assensum
356 2847 427 2897 malo
449 2847 597 2898 induceret.

62 2917 84 2967 A
107 2916 209 2978 simili,
240 2917 348 2984 quando
373 2917 474 2968 ostium
496 2928 536 2968 est
561 2917 598 2968 ita

60 2985 139 3050 forte,
152 2986 227 3052 quod
241 2987 307 3037 latro
328 3003 376 3037 nec
390 2988 529 3049 violenter,
548 3003 598 3039 nec

61 3057 173 3110 latenter
187 3069 275 3126 potest
287 3060 396 3120 intrare,
405 3068 469 3110 tunc
479 3060 597 3127 quando-

60 3145 114 3197 que
150 3130 331 3182 latrunculum
367 3147 415 3197 per
451 3131 596 3182 fenestram

60 3202 209 3263 submittit,
223 3203 270 3269 qui
284 3213 375 3268 postea
385 3203 485 3253 ostium
496 3204 594 3254 latroni

60 3275 165 3342 aperit,
192 3285 219 3328 et
245 3276 284 3327 sic
307 3277 374 3327 latro
402 3276 492 3328 intrat.
515 3277 596 3328 Latro

60 3355 101 3398 est
129 3346 282 3410 diabolus3
319 3348 416 3398 domus
447 3348 523 3398 fortis
556 3356 596 3399 est

59 3420 204 3487 voluntas3
228 3421 393 3471 latrunculus
422 3437 495 3481 ver0,
526 3422 596 3472 mala

60 3489 187 3556 cogitatio
222 3491 264 3541 vel
300 3490 448 3542 delectatio.
480 3492 595 3551 Quando

59 3577 125 3630 ergo
155 3562 279 3614 diabolus
309 3573 396 3630 potest
424 3564 524 3614 intrare
549 3579 596 3630 per

59 3634 181 3702 aliquam
200 3635 429 3700 complacentiam,
449 3635 494 3699 hic¹
512 3635 597 3700 aperit

59 3707 164 3759 ostium
184 3723 349 3771 consensus,
366 3716 392 3757 et
409 3706 447 3757 sic
471 3707 596 3758 diabolus

59 3779 162 3844 intrat,
189 3788 215 3830 et
243 3780 340 3845 spoliat
370 3780 487 3830 animam
517 3779 596 3830 bonis

57 3851 129 3905 suis.
142 3852 222 3904 Unde
236 3851 389 3918 Origenes:
407 3871 421 3899 a
441 3851 596 3903 Cavendum

61 3923 144 3977 nobis
161 3931 211 3988 est,
232 3938 265 3973 ne
285 3923 408 3974 diabolus
426 3923 546 3975 intrudat
567 3924 595 3974 in

654 1633 722 1684 facto
747 1643 893 1698 reputatur.
915 1634 1036 1686 Festinat
1051 1635 1186 1687 Dominus

654 1704 681 1754 in
710 1704 812 1754 bonurn
840 1705 934 1755 salutis
960 1704 1082 1756 fidelium
1113 1707 1186 1773 quod

653 1775 735 1825 ludas
751 1785 884 1841 operatur,
900 1776 946 1826 sed
962 1791 1016 1826 non
1031 1776 1092 1829 sibi.-
1107 1778 1185 1829 Multi

653 1847 755 1914 quippe
779 1848 881 1898 bonum
904 1858 936 1898 ut
957 1849 1040 1900 Judas
1062 1849 1182 1912 faciunt;

653 1918 699 1968 sed
713 1919 825 1968 omnino
845 1918 914 1969 nihil
929 1919 968 1970 eis
989 1919 1103 1985 proficit,
1118 1919 1185 1987 quia

653 1992 756 2042 bonum
778 1991 863 2043 facere
882 2008 937 2043 non
954 1993 1106 2044 intendunt.
1124 1993 1185 2042 Non

652 2073 742 2115 tamen
762 2064 898 2115 Dominus
912 2064 1028 2131 impellit
1040 2065 1138 2116 ludam
1151 2064 1184 2116 ad

651 2133 814 2200 proditionis
828 2136 949 2200 culpam3
966 2136 1012 2186 sed
1024 2131 1140 2187 ostendit
1156 2149 1186 2186 se

652 2206 726 2258 sitire
747 2207 861 2258 salutem
882 2218 1011 2258 nostram.
1032 2208 1110 2259 Unde
1129 2224 1185 2259 non

651 2277 716 2328 dicit
729 2278 789 2338 hoc,
812 2278 992 2344 praecipiendo
1010 2278 1126 2340 facinus,
1140 2280 1185 2330 vel

652 2350 829 2412 consulendo,
851 2349 915 2416 quia
936 2360 1096 2416 praeceptum
1110 2350 1183 2402 divi-

652 2440 740 2483 num,
765 2425 807 2474 vel
828 2424 992 2487 consilium,
1020 2439 1074 2474 non
1098 2433 1185 2490 potest

651 2509 709 2544 esse
730 2494 763 2543 de
778 2492 899 2543 faciendo
920 2494 1036 2555 malum3
1053 2494 1098 2543 sed
1122 2502 1184 2543 tan-

651 2572 710 2613 tum
740 2563 910 2629 praedicendo
935 2571 961 2612 et
983 2563 1182 2628 permittendo,

651 2634 719 2685 dans
733 2634 756 2685 ei
771 2634 799 2684 in
819 2649 847 2683 se
857 2642 1024 2700 potestatem,
1040 2634 1104 2700 quia
1114 2633 1184 2685 vidit

651 2705 709 2770 ejus
723 2705 846 2755 animum
864 2719 918 2770 prae
939 2704 1024 2754 nimio
1047 2705 1181 2755 desiderio

651 2775 778 2842 implendi
787 2777 860 2842 quod
871 2785 984 2841 coeperat
997 2777 1181 2840 acceleratum,

651 2862 707 2897 non
726 2862 804 2912 posse
824 2845 979 2912 quiescere;
1003 2847 1049 2896 sed
1067 2846 1181 2912 implere

651 2936 705 2970 non
730 2930 854 2986 poterat,
878 2920 930 2970 nisi
961 2921 1019 2986 ipse
1047 2920 1182 2972 Dominus

650 2992 822 3058 permitteret.
838 2991 910 3042 Dicit
924 2992 1005 3042 etiam
1023 2992 1075 3043 hoc
1087 2992 1180 3043 Domi·

650 3080 725 3125 nus,
753 3063 855 3115 crimen
888 3063 1049 3130 proditionis
1082 3080 1181 3130 expro-

650 3135 761 3199 brando,
786 3144 817 3185 ut
844 3136 996 3186 ostenderet
1018 3136 1091 3202 quod
1114 3135 1180 3184 dum

649 3207 706 3273 ipse
717 3205 844 3257 beneficia
858 3206 998 3269 conferret,
1010 3205 1056 3256 ille
1067 3213 1181 3255 mortem

649 3277 800 3328 intentaret.
825 3277 896 3328 Dicit
926 3277 1033 3341 insuper
1055 3275 1124 3334 hoc,
1147 3274 1180 3324 ad

648 3365 716 3416 opus
741 3360 841 3400 nostrae
873 3346 1066 3414 redemptionis
1093 3345 1179 3396 anhe-

648 3421 746 3486 land03
762 3437 818 3471 non
835 3421 931 3472 tamin
952 3416 1098 3486 perniciem
1115 3431 1178 3482 per-

648 3491 695 3542 fidi
726 3492 869 3552 saevlendo,
896 3505 978 3556 quam
1004 3490 1036 3539 ad
1064 3487 1179 3539 salutem

648 3567 770 3619 fidelium
809 3566 969 3617 festinando.
1010 3563 1075 3614 Cum
1111 3575 1178 3626 ergo

647 3640 729 3690 ludas
752 3637 892 3689 buccellam
915 3637 948 3686 de
968 3650 1051 3684 manu
1069 3631 1178 3683 Domini

648 3709 803 3774 accepisset,
818 3707 905 3758 exivit
922 3705 1045 3757 continuo
1060 3703 1092 3753 ad
1108 3716 1180 3768 quae·

649 3781 763 3832 rendum
790 3779 928 3830 cohortem
954 3792 1013 3845 quae
1037 3775 1178 3825 Christum

649 3862 762 3919 caperet.
787 3852 816 3901 ln
838 3867 893 3917 quo
918 3848 1085 3916 significatur
1106 3847 1180 3914 quod

647 3923 770 3974 sacerdos
798 3937 908 3974 sumens
940 3921 1046 3987 Corpus
1077 3917 1179 3971 Christi
