2632 4312
112 255 160 306 DE
176 245 460 303 EXHORTATIONE
474 243 521 295 AD
536 242 755 302 SEQUENDUM
772 243 964 307 CHRISTUM,
981 246 1058 299 ETC.
1110 241 1139 292 13

24 380 50 424 et
66 365 294 436 transgressionis
308 377 382 427 meae,
397 361 424 412 id
439 369 479 412 est
494 375 558 426 pro·

23 443 194 496 fundissimae
222 436 399 495 humilitatis,
425 442 557 514 quantum

21 516 57 567 ad
73 514 235 574 secundum;
251 515 277 560 et
288 506 416 560 absinthii
428 510 454 556 et
468 503 556 570 sellis,

23 590 49 640 id
69 598 110 639 est
123 583 299 638 amarissimae
315 578 458 639 Passionis,
476 592 559 658 quan·

21 672 85 712 tum
95 659 128 709 ad
139 655 256 707 tertium.
270 654 304 704 Et
314 660 376 703 nota
386 650 459 717 quod
468 662 559 699 omma

19 732 53 782 in
77 729 177 796 quibus
196 725 285 777 devoti
305 732 446 774 sectatores
469 717 558 787 perfe-

20 801 126 855 ctionis
137 797 299 865 Evangelicae
310 793 450 847 Christum
463 791 559 841 debent

21 871 139 932 imitari,
153 879 178 921 et
191 870 249 935 ejus
263 862 434 917 similitudini
448 859 559 943 confor-

22 944 107 1004 mari,
121 950 235 1008 possunt
254 950 281 989 et
294 938 345 988 hoc
359 933 493 1015 modoad
508 940 559 982 trra

22 1012 128 1073 reduci,
142 1011 243 1063 scilicet
255 1007 403 1061 secundum
417 1013 467 1056 trra
488 1004 559 1054 bona

22 1102 89 1153 quae
104 1102 119 1137 a
132 1085 188 1136 Deo
200 1082 350 1148 recepimus
365 1095 372 1129 ι
388 1089 418 1129 ut
438 1085 507 1160 sunt
517 1090 559 1125 res

22 1160 181 1219 exteriores,
194 1171 290 1222 corpus
302 1152 451 1221 proprium,
462 1160 489 1232 et
501 1164 560 1231 1psa

19 1229 130 1292 anima;
145 1243 206 1295 quae
220 1226 312 1278 omnia
325 1232 430 1292 oportet
443 1223 559 1306 relinqui

20 1312 135 1371 propter
154 1304 256 1361 Deum,
280 1299 302 1350 si
325 1298 451 1350 volumus
473 1308 560 1360 ipsius

21 1375 130 1429 Christi
142 1390 200 1426 esse
210 1371 319 1440 perfecti
329 1370 487 1421 imitatores.
500 1367 560 1450 Per-

22 1450 112 1500 fectus
136 1447 209 1498 enim
235 1443 336 1496 Christi
360 1441 480 1517 imitator
502 1454 559 1505 prr-

21 1537 74 1572 mo
96 1520 176 1569 debet
197 1517 349 1583 relinquere
372 1512 514 1570 mundum,
534 1519 560 1560 et

21 1608 123 1646 omnes
135 1608 176 1642 res
185 1589 357 1655 temporales;
371 1596 397 1637 et
406 1585 486 1636 etiarn
498 1599 560 1634 cum

20 1666 80 1716 hoc
108 1663 232 1714 omniurn
257 1671 424 1711 terrenorum
447 1671 561 1721 occupa-

22 1737 131 1786 tionem
162 1743 189 1782 et
214 1729 423 1781 sollicitudinem
453 1727 561 1794 penitus

23 1809 109 1859 debet
135 1815 303 1872 postponere.
332 1804 390 1853 Hoc
414 1811 503 1853 autern
532 1800 561 1851 stt

26 1896 77 1948 per
86 1877 265 1929 voluntariam
277 1884 467 1957 paupertatem,
479 1891 561 1960 quam

26 1950 157 2002 Christus
169 1948 298 1999 altissime
314 1957 437 2006 servavit,
452 1962 516 2018 quia
532 1966 560 1999 m

23 2035 85 2076 tota
104 2023 158 2073 vita
177 2037 225 2073 sua
245 2022 432 2088 pauperrimus
454 2024 515 2075 fuit.
530 2052 560 2062 -

22 2095 151 2146 Secundo
177 2093 254 2144 debet
280 2094 432 2161 relinquere
451 2112 559 2164 corpus,

23 2165 102 2232 quod
114 2164 224 2231 quidem
237 2166 398 2233 relinquitur
408 2169 495 2220 tribus
505 2185 560 2221 mo

24 2237 71 2286 dis
92 2253 99 2285 ε
122 2235 220 2302 primo,
233 2252 280 2303 per
293 2239 381 2290 carnis
402 2244 560 2294 maceratio-

23 2328 101 2372 nem,
117 2324 259 2374 perquam
279 2325 378 2376 corpus
390 2315 502 2381 vigiliis,
521 2318 561 2383 je.

24 2383 112 2451 juniis
137 2391 164 2431 et
185 2381 353 2435 orationibus
372 2387 501 2450 atteritur,
527 2405 561 2440 ne

26 2471 89 2506 caro
105 2453 233 2516 lasciviat,
247 2464 273 2504 et
284 2467 376 2508 contra
394 2459 519 2525 spiritum
532 2476 561 2512 se

24 2525 132 2590 erigere
142 2523 312 2590 pertinaciter
327 2538 383 2578 non
402 2543 560 2596 praesumat;

26 2593 159 2656 secundo,
183 2609 230 2658 per
249 2598 403 2661 temporalis
424 2603 561 2652 commodi

26 2661 216 2729 abjectionem,
238 2665 302 2730 quia
324 2666 370 2732 qni
390 2668 472 2719 nimis
491 2671 561 2722 deli.

26 2741 88 2788 cate
113 2736 197 2786 nutrit
220 2751 325 2788 servum
348 2754 439 2802 sunm,
462 2742 562 2794 scilicet

25 2821 126 2872 corpus
148 2822 237 2869 suum,
259 2802 355 2874 postea
383 2813 479 2864 sentiet
503 2829 561 2866 enm

23 2885 217 2943 contumacem,
236 2890 262 2931 et
282 2882 341 2933 ideo
359 2884 439 2935 debet
455 2902 562 2954 semper

25 2952 56 3001 in
77 2949 166 3014 rigore
179 2951 271 3012 teneri,
287 2963 317 3004 ut
331 2955 416 3022 magis
432 2959 561 3024 subjicia.

27 3032 75 3070 tur
95 3018 216 3083 spiritui;
236 3022 325 3083 tertio,
349 3041 395 3090 per
420 3029 561 3092 poenalita.

26 3104 89 3143 tum
104 3090 281 3141 voluntariam
291 3096 499 3161 perpessionem,
512 3101 562 3152 sic-

26 3176 60 3216 ut
84 3164 205 3229 Apostoli
230 3175 256 3215 et
278 3178 419 3235 martyres,
443 3173 490 3238 qui
513 3189 562 3239 pro

28 3234 142 3287 Christo
165 3235 315 3288 voluntarie
339 3250 404 3290 sunt
428 3242 513 3307 passi;
537 3255 579 3302 et,

29 3307 124 3358 omnia
148 3307 198 3359 ista
222 3309 347 3362 Christus
372 3311 449 3375 fecit,
470 3324 495 3364 et
518 3331 562 3366 se-

29 3377 122 3442 ipsum
143 3377 171 3426 in
185 3380 338 3444 exemplum
352 3381 435 3433 dedit.
450 3411 480 3420 —
494 3386 564 3435 Ter-

30 3446 79 3505 tio,
94 3446 172 3496 debet
189 3448 338 3515 relinquere
349 3451 467 3503 animam
476 3469 564 3516 suam,

31 3531 79 3581 per
106 3517 220 3583 propriae
243 3519 389 3573 voluntatis
416 3524 565 3577 abdicatio-

32 3605 110 3649 nem,
133 3601 163 3640 ut
182 3594 347 3646 voluntatem
371 3613 448 3648 suam
467 3599 565 3652 divinae

30 3661 163 3711 voluntati
194 3662 359 3728 conformet,
387 3667 460 3734 quod
495 3670 565 3721 nihil

30 3732 104 3782 aliud
125 3734 198 3795 velit,
220 3736 271 3786 nisi
293 3740 381 3790 solum
402 3741 469 3792 illud
492 3744 565 3808 quod

10 3794 19 3803 ⁸
31 3800 130 3853 divinae
143 3806 274 3857 voluntati
290 3808 484 3876 beneplacitum
503 3812 565 3864 iue-

32 3869 83 3936 rit;
111 3873 163 3924 hoc
185 3875 259 3926 enim
284 3877 347 3930 fecit
367 3880 424 3947 ipse
440 3881 577 3950 Christus,

611 357 658 427 qui
673 358 741 410 dixit
756 376 763 411 ε
778 360 855 424 Veni,
871 375 922 412 non
937 368 967 413 nt
976 362 1084 427 sariam
1100 380 1142 416 vo

611 432 738 482 luntatem
748 446 840 497 meam,
852 434 901 485 sed
912 434 1070 491 voluntatem
1082 443 1141 508 ejus

609 503 655 569 qni
671 502 746 554 misit
759 520 807 557 me.
829 507 907 560 Unde
921 511 955 561 ad
975 513 1140 566 voluntatem

610 575 730 628 divinam
739 577 776 629 ita
789 579 887 633 habeas
900 586 1020 652 regulam
1031 598 1058 638 et
1067 604 1143 641 men·

611 663 701 700 suram
718 665 843 702 omnium
865 655 1001 708 actionum
1024 669 1140 722 tuarum,

610 718 648 770 sic
666 719 738 786 quod
757 720 786 771 in
805 725 933 778 omnibus
948 729 1100 782 actionibus
1115 742 1142 782 et

611 789 751 842 desideriis
775 793 842 856 tuis,
865 795 935 846 nihil
959 802 1140 868 concupiscas,

612 859 665 910 nisi
680 863 754 927 quod
776 863 866 916 honor
878 867 926 919 Dei
942 869 970 920 in
986 883 1012 924 te
1026 875 1142 940 amplie-

611 943 665 997 tur,
679 944 705 985 et
719 935 747 984 in
761 937 890 990 omnibus
904 942 965 994 aliis
981 947 1117 999 creaturis.

643 1003 657 1054 5
685 1006 762 1057 Mons
783 1023 957 1074 srrarrunnts,
971 1031 1005 1064 nn
1031 1017 1143 1068 Cnnrsrt

610 1079 761 1140 exarantur,
773 1096 904 1134 nanninus
919 1102 1039 1146 Qurnona
1048 1106 1143 1142 anarr-

610 1162 698 1199 crrun.
713 1177 744 1187 -·
766 1152 817 1202 Sed
840 1165 880 1205 est
901 1157 1050 1221 sciendum,
1069 1164 1143 1229 quod

611 1219 704 1269 nullus
728 1231 815 1286 potest
839 1225 929 1279 vivere
951 1229 1005 1281 vita
1030 1233 1144 1296 Christi,

611 1289 663 1340 nisi
684 1291 765 1343 etiam
782 1297 913 1350 moriatur
924 1313 1009 1355 morte
1024 1306 1142 1372 Christi3

612 1361 672 1412 ideo
697 1364 767 1416 sicut
788 1367 922 1434 Christus,
942 1390 989 1440 per
1005 1377 1056 1428 hoc
1069 1380 1143 1445 quod

611 1450 644 1485 ex
667 1435 752 1488 nimia
776 1442 883 1495 caritate
910 1461 940 1498 se
964 1452 1142 1517 assumptioni

611 1519 709 1561 nostrae
734 1515 822 1566 carnis
851 1516 996 1583 inclinavit,
1023 1525 1143 1591 seipsum

611 1581 770 1647 exinanivit,
783 1597 810 1638 et
821 1604 868 1653 per
880 1607 1045 1661 consequens
1063 1599 1143 1649 clari·

613 1654 659 1705 tati
677 1654 775 1708 divinae
800 1675 853 1726 qua
879 1664 949 1716 Patri
972 1669 1145 1720 consubstan-

612 1725 684 1775 tialis
710 1728 811 1790 existit,
844 1736 1044 1798 quodammodo
1075 1741 1144 1792 mori

612 1796 713 1860 voluit;
736 1797 771 1848 ita
783 1802 899 1867 quilibet
909 1808 942 1856 ad
962 1808 1040 1860 istam
1055 1812 1145 1877 perfe-

612 1867 728 1918 ctionem
748 1873 862 1925 tendens
881 1877 960 1929 debet
984 1897 1031 1948 per
1054 1898 1144 1935 veram

612 1939 792 1994 humilitatem
812 1956 838 1997 et
857 1951 1007 2015 plenarium
1022 1967 1144 2007 contem·

613 2022 690 2077 ptum
714 2015 755 2065 sui
783 2019 852 2069 mori
880 2022 997 2090 sibiipsi,
1023 2028 1144 2093 seipsum

611 2098 698 2149 usque
716 2086 749 2136 ad
770 2087 839 2139 nihil
861 2091 1017 2158 dejiciendo,
1031 2108 1058 2148 et
1070 2099 1144 2165 seip-

611 2163 672 2204 sum
702 2157 772 2208 nihil
800 2166 965 2227 reputando,
994 2178 1025 2218 ut
1056 2171 1145 2222 vivere

610 2225 697 2292 possit
708 2228 759 2278 soli
773 2229 838 2283 Deo.
852 2234 941 2286 Homo
955 2239 1028 2291 enim
1039 2242 1071 2291 ad
1081 2257 1145 2308 per-

610 2299 752 2351 lectionem
778 2306 889 2358 tendens
916 2310 994 2364 debet
1013 2315 1144 2381 seipsum,

612 2371 663 2421 hoc
682 2382 722 2422 est
743 2376 816 2440 quod
829 2378 934 2431 videtur
951 2383 1050 2437 habere
1070 2403 1145 2440 ase·

612 2441 686 2506 ipso,
708 2443 776 2494 nihil
800 2459 937 2515 reputare;
956 2458 1028 2520 quod
1054 2468 1144 2509 autem

612 2513 720 2564 habeta
735 2514 800 2577 Deo,
816 2524 879 2583 puta
890 2523 958 2574 dona
973 2526 1031 2587 Dei,
1044 2529 1145 2594 quibus

613 2587 794 2639 conformatur
826 2593 889 2643 vitae
918 2597 1038 2661 Christi,
1067 2603 1146 2655 debet

614 2674 720 2711 summe
746 2672 877 2727 reputare,
904 2678 930 2718 et
954 2685 1016 2721 cum
1038 2689 1146 2727 summa

613 2729 751 2797 diligentia
772 2737 913 2799 custodire,
925 2739 928 2744 '
939 2750 970 2792 ut
984 2759 1046 2794 vere
1060 2746 1147 2811 possit

613 2801 699 2852 dicere
718 2819 779 2854 cum
794 2808 924 2872 Apostolo
943 2829 949 2862 ε
966 2814 1031 2865 Vivo
1048 2824 1144 2882 autern,

607 2874 667 2940 Jam
700 2888 751 2925 non
778 2890 830 2943 ego
837 2896 847 2941 ,·
874 2882 939 2933 vivit
968 2899 1030 2937 vero
1056 2889 1083 2938 in
1106 2904 1147 2940 me

614 2946 744 2996 Christus.
762 2946 840 2998 Unde
852 2951 885 3000 de
896 2953 995 3006 talibus
1011 2960 1147 3011 mentibus

613 3016 745 3083 perfectis,
762 3016 800 3067 sic
822 3023 937 3074 mortuis
954 3026 1088 3093 sibiipsis,
1104 3031 1149 3080 di-

612 3086 650 3138 cit
661 3087 806 3153 Apostolus
825 3091 951 3144 :Mortui
965 3098 1037 3160 estis,
1053 3105 1079 3149 et
1092 3101 1148 3151 vita

614 3165 704 3210 vestra
726 3160 882 3213 abscondita
897 3171 938 3214 est
954 3181 1012 3217 cnm
1030 3169 1147 3234 Christo,

616 3229 643 3280 in
675 3229 743 3281 Deo.
773 3231 914 3299 signanter
941 3247 1031 3288 autem
1060 3239 1148 3289 dicit:

616 3302 656 3352 Et
669 3302 724 3352 nita
742 3310 832 3354 vestra
849 3306 1009 3360 abscondita
1031 3316 1072 3362 est
1093 3325 1150 3361 cunt

617 3375 735 3437 Cinisto,
755 3377 783 3428 in
798 3377 866 3442 Deo,
887 3380 951 3445 quia
970 3382 1024 3433 vita
1038 3383 1084 3433 illa
1097 3397 1151 3448 qua

618 3463 695 3499 mens
725 3463 772 3515 per
797 3464 914 3501 amorem
942 3455 1101 3504 continuum
1125 3464 1152 3504 et

616 3521 768 3572 beatificum
795 3523 910 3589 perfecte
930 3527 1023 3578 unitur
1043 3529 1099 3577 Deo
1122 3527 1151 3578 in

618 3593 712 3660 patria,
733 3595 779 3646 illa
801 3599 883 3648 estin
898 3601 1023 3666 praesenti
1036 3600 1152 3651 abscon·

618 3666 687 3730 dita3
724 3668 930 3736 quiapropter
967 3671 1151 3724 necessitatem
1236 3688 1237 3691 ’

620 3738 741 3789 mortalis
752 3739 824 3800 vitae,
836 3741 897 3790 talis
909 3757 985 3791 amor
996 3742 1151 3803 continuus,

619 3819 645 3859 et
658 3825 711 3858 non
728 3809 903 3876 interruptus,
919 3811 946 3860 in
963 3813 1087 3877 praesenti
1099 3815 1153 3865 vita

618 3878 710 3934 haberi
728 3896 782 3930 non
799 3891 894 3946 potest.
912 3883 965 3932 Sed
980 3883 1160 3934 hoceuldeu-
