2632 4320
325 272 372 323 DE
388 271 577 323 EXERCITIO
594 272 724 324 MENTIS
740 272 776 324 IN
794 274 906 326 DEUM.

60 387 141 440 fuerit
160 387 357 448 honorabilius,
378 399 404 439 et
419 398 473 438 tuae
493 387 592 439 animae

57 461 195 513 salubrius
209 477 289 527 super
303 473 348 513 tua
359 461 517 522 tentatione,
531 461 592 511 sub·

58 532 177 598 jiciendo
202 541 277 583 tuam
300 534 466 583 voluntatem
491 532 594 582 volun-

59 604 107 654 tati
138 603 253 667 divinae;
280 603 318 655 sic
339 613 369 655 ut
399 603 422 654 si
457 602 509 653 sibi
532 604 593 669 pla-

59 684 100 724 cet
123 675 198 742 quod
217 689 368 740 perseveres
385 674 415 725 in
436 673 592 736 tentatione,

60 743 189 795 similiter
220 755 247 796 et
274 744 324 795 tibi
349 745 468 810 placeat,
503 744 593 794 solum

60 823 90 865 ut
119 815 208 866 Deum
232 832 286 866 non
319 816 445 868 offendas.
477 844 507 854 -
533 816 593 866 Un-

59 886 197 937 decimum
217 888 366 938 remedium
388 897 428 938 est
451 886 593 954 quodnisi

60 974 108 1022 per
118 959 201 1010 aliam
212 959 283 1010 viam
295 961 383 1027 possis
396 961 509 1012 evadere
523 976 594 1026 prae-

60 1030 144 1080 dictas
167 1031 338 1092 tentationes,
360 1032 441 1082 debes
455 1046 499 1082 eas
522 1031 594 1082 obli-

60 1100 136 1165 visci,
151 1113 178 1152 et
189 1117 235 1168 per
244 1104 390 1168 quamdam
401 1102 594 1168 negligentiam

60 1171 153 1238 fugere
181 1182 211 1223 et
238 1174 390 1237 dimittere,
421 1175 596 1224 considerans

60 1242 135 1310 quod
150 1258 207 1293 non
227 1253 291 1294 sunt
305 1244 466 1295 tentationes
478 1259 525 1309 per
543 1244 596 1295 dia-

62 1316 157 1366 bolum
172 1327 326 1382 procuratae,
342 1317 388 1368 sed
404 1316 552 1382 passiones,
570 1327 597 1368 et

61 1386 228 1453 fragilitates,
238 1403 285 1439 seu
296 1388 448 1440 debilitates
458 1403 519 1454 quae
532 1399 597 1439 sunt

62 1474 223 1511 communes
234 1460 314 1511 statui
329 1461 411 1526 huius
424 1460 494 1511 vitae.

91 1546 110 1595 4
140 1530 355 1590 Quaruoanacur
382 1547 512 1582 annonas
536 1547 598 1582 rao·

64 1616 133 1651 arsa
148 1615 218 1659 Quas
238 1617 404 1652 murmura
416 1617 464 1653 aar
478 1617 597 1652 aromata

62 1689 238 1726 semiannus.
255 1703 286 1714 -
306 1677 338 1726 Et
351 1675 416 1741 quia
436 1691 518 1742 supra
529 1685 556 1727 ct
568 1675 596 1725 in

62 1746 250 1813 sequentibus,
261 1745 354 1798 multis
369 1746 458 1797 modis
473 1748 596 1796 hortatur

62 1818 198 1869 Dominus
211 1829 242 1870 ut
255 1819 408 1885 vigilemus,
422 1819 492 1871 etad
506 1819 596 1870 incer-

63 1902 122 1943 tum
145 1893 204 1957 ejus
224 1892 368 1943 adventum
389 1908 439 1943 nos
462 1906 597 1959 praepare-

63 1977 135 2026 mus,
164 1960 225 2012 ideo
251 1971 281 2012 ut
306 1961 434 2014 continue
457 1961 490 2012 ad
519 1976 599 2028 opera

62 2031 197 2083 virtutum
210 2033 346 2092 ascendas,
358 2032 399 2083 vel
410 2033 505 2083 saltem
519 2031 599 2082 vehe-

64 2114 169 2156 menter
180 2105 323 2155 ascendere
336 2103 479 2165 desideres,
490 2119 599 2170 ponun-

64 2187 108 2229 tur
121 2176 167 2228 hic
186 2187 381 2244 consequenter
394 2177 492 2244 aliquae
513 2176 609 2227 ratio-⁸

64 2266 113 2302 nes
121 2264 241 2316 perquas
248 2250 347 2316 poteris
355 2249 598 2316 sentirepigritiam

64 2332 90 2374 et
103 2322 270 2374 nihilitatem
286 2323 350 2373 boni
367 2324 440 2390 quod
463 2323 597 2389 incepisti,

63 2405 90 2446 et
102 2403 244 2446 cortuum
262 2395 375 2446 excitare
394 2405 421 2446 et
441 2409 550 2445 movere
565 2395 598 2444 ad

65 2464 180 2528 majores
192 2463 366 2530 perfectiones
376 2463 540 2515 omnimodae
548 2463 599 2513 vir·

64 2536 132 2587 tutis
157 2550 242 2601 quam
267 2550 323 2586 non
348 2534 483 2600 incepisti.
509 2533 600 2585 Prima

64 2608 134 2659 ratio
145 2617 196 2668 est,
210 2607 275 2673 quia
292 2607 315 2658 si
331 2607 445 2674 aspicias
460 2605 599 2672 quomodo

66 2678 139 2729 Deus
152 2687 194 2728 est
208 2677 307 2742 dignus
321 2675 406 2728 amari
421 2685 446 2727 et
460 2673 600 2734 honorari,

65 2748 215 2801 secundum
238 2763 314 2798 suam
337 2746 486 2799 bonitatem
503 2754 530 2796 et
555 2759 601 2797 sa-

66 2821 207 2888 pientiam,
220 2831 247 2872 et
258 2820 324 2871 alias
338 2835 400 2871 suas
414 2819 519 2870 nobiles
538 2832 601 2884 per-

66 2893 204 2952 fectiones,
223 2901 363 2959 quaesunt
382 2891 412 2942 in
427 2906 459 2941 eo
474 2890 534 2941 sine
547 2905 601 2939 nu-

66 2979 143 3015 mero
158 2973 186 3014 et
196 2962 256 3013 sine
268 2961 396 3022 termino,
405 2960 511 3012 videbis
526 2958 600 3026 quod

66 3034 117 3086 boc
131 3033 205 3101 quod
212 3032 349 3084 credidisti
358 3032 443 3083 facere
452 3032 569 3082 multum
576 3041 602 3081 et

67 3120 199 3172 magnum
221 3105 253 3156 ad
275 3104 405 3155 honorem
421 3103 483 3164 Dei,
504 3113 531 3154 et
556 3119 602 3154 se-

66 3177 189 3229 cundum
207 3190 285 3227 suam
301 3176 467 3226 voluntatem
485 3183 527 3225 est
546 3173 601 3223 mi-

67 3250 188 3313 nimum,
203 3259 230 3300 et
249 3247 325 3314 quasi
345 3246 415 3298 nihil
435 3246 464 3296 in
481 3255 602 3312 respectu

66 3320 142 3387 quod
160 3318 271 3370 deberet
290 3333 348 3369 ease
362 3317 512 3368 secundum
529 3317 602 3382 quod

66 3390 141 3442 Deus
161 3397 203 3440 est
223 3388 330 3455 dignus.
351 3388 403 3439 lsta
425 3386 492 3438 ratio
506 3386 603 3437 idcirco

68 3461 158 3528 primo
181 3458 301 3526 ponitur,
326 3458 391 3525 quia
419 3456 604 3524 principaliter

67 3532 199 3584 &bemus
212 3531 348 3581 attendere
359 3529 386 3580 in
400 3528 529 3579 omnibus
541 3543 605 3594 ope·

68 3601 146 3654 ribus
159 3600 263 3653 nostris
284 3600 415 3650 honorem
433 3608 459 3649 et
478 3613 604 3649 reveren-

68 3673 146 3733 tiam,
165 3682 194 3723 et
209 3685 330 3722 amorem
355 3668 415 3730 Dei,
440 3668 505 3735 quia
526 3668 555 3720 in
576 3682 605 3718 se

68 3742 169 3810 dignus
185 3751 228 3793 est
247 3739 341 3801 amari,
359 3749 386 3790 et
404 3738 534 3790 honorari
558 3752 605 3805 per

68 3832 182 3869 omnem
195 3824 354 3868 creaturam.
370 3841 401 3853 -
421 3813 544 3864 Secunda
558 3826 605 3862 ra-

68 3887 180 3949 tio„est,
198 3885 264 3955 quia
285 3884 309 3937 ai
325 3884 448 3937 attendas
462 3891 530 3952 quot
552 3882 602 3934 de-

1126 273 1176 326 313

646 400 753 456 spectus
766 400 793 442 et
812 390 952 456 vituperia,
967 400 1034 458 quot
1048 399 1178 457 egestates

646 472 672 512 et
683 461 816 527 penurias,
829 472 897 528 quot
912 463 1020 512 dolores
1036 471 1063 511 et
1077 461 1178 527 passio

647 550 694 586 nes
711 535 841 586 sustinuit
854 535 941 586 Filius
955 536 1004 586 Dei
1020 551 1112 587 amore
1128 535 1177 594 tui,

646 615 677 656 ut
696 620 770 657 ames
790 616 816 657 et
839 606 957 657 honores
980 607 1085 669 Deum;
1112 622 1179 673 cog·

647 692 741 728 nosces
758 677 822 743 quia
838 693 933 743 parum
944 687 991 728 est
1004 678 1078 744 quod
1091 676 1178 728 fecisti

646 749 679 798 ad
692 749 777 799 Deum
787 748 932 799 amandum
941 757 967 798 et
977 748 1178 806 honorandum,

647 823 793 872 secundum
809 822 860 872 hoc
874 823 946 888 quod
959 821 1044 872 facere
1058 821 1177 872 deberes.

648 893 699 942 lsta
724 892 792 942 ratio
818 902 858 944 est
882 892 963 943 altior
987 901 1013 942 et
1037 890 1180 958 perfectior

647 979 729 1031 quam
748 963 838 1030 aliqua
861 962 1043 1030 sequentium,
1070 972 1097 1014 et
1119 963 1180 1014 ideo

648 1034 759 1101 ponitur
784 1035 908 1085 secundo.
940 1061 972 1071 -
995 1032 1086 1084 Tertia
1112 1032 1201 1084 ratio·

648 1117 697 1166 est,
712 1106 777 1173 quia
789 1106 813 1157 si
833 1106 934 1172 cogitas
958 1105 1138 1156 innocentiam
1153 1113 1179 1156 et

648 1178 839 1245 perfectionem
856 1194 938 1246 quam
952 1179 1063 1229 deberes
1082 1178 1180 1229 habere

648 1250 798 1301 secundum
807 1250 856 1300 Dei
868 1253 1035 1310 mandatum,
1050 1264 1096 1315 per
1107 1248 1180 1315 quod

648 1321 747 1372 teneris
772 1336 831 1372 esse
846 1322 949 1387 absque
968 1320 1045 1372 omni
1063 1319 1140 1379 vitio,
1155 1329 1182 1370 et

649 1393 708 1444 sine
726 1392 802 1443 omni
817 1393 903 1458 culpa,
917 1402 944 1443 et
968 1391 996 1442 in
1012 1390 1181 1458 plenitudine

648 1464 732 1516 totius
744 1463 860 1524 virtutis,
877 1464 946 1514 sicut
959 1462 1081 1530 estquod
1099 1461 1181 1512 debe-

649 1550 692 1586 res
713 1550 803 1585 amare
821 1534 932 1584 Deum:
951 1535 1001 1585 Ex
1020 1539 1075 1584 toto
1101 1531 1182 1583 corde

650 1613 702 1668 tuo,
728 1611 754 1656 et
771 1606 895 1656 exomni
917 1605 1008 1655 anima
1034 1610 1088 1665 tua,
1105 1609 1183 1654 etex

650 1683 706 1728 tota
721 1676 879 1732 fortitudine
900 1683 955 1739 lua,
971 1675 1076 1726 videbis
1090 1674 1181 1725 mani-

649 1749 716 1800 feste
733 1748 918 1799 infirmitatem
934 1758 960 1798 et
971 1746 1136 1806 distantiam,
1152 1745 1181 1795 in

650 1836 704 1889 qua
717 1837 745 1873 es
755 1837 771 1873 a
781 1821 906 1888 praedicta
920 1819 1074 1871 innocentia
1089 1829 1115 1870 et
1127 1833 1183 1885 per-

650 1893 772 1944 fectione.
795 1921 825 1931 -
844 1893 946 1954 Quarta
961 1891 1030 1941 ratio
1046 1899 1095 1950 est,
1118 1888 1183 1956 quia

650 1963 672 2013 si
692 1962 792 2029 cogitas
813 1961 1014 2012 multitudinem
1034 1970 1061 2012 et
1073 1959 1184 2026 largita-

650 2045 705 2085 tem
720 2032 911 2084 beneficiorum
924 2032 982 2093 Dei,
994 2042 1020 2083 et
1034 2030 1182 2098 gratiarum

651 2104 829 2171 corporalium
851 2115 877 2155 et
901 2102 1084 2169 spiritualium
1106 2116 1183 2152 com-

651 2175 776 2226 munium
792 2173 842 2225 tibi
858 2185 885 2224 et
899 2173 970 2233 aliis,
991 2174 1032 2224 vel
1046 2187 1107 2239 quae
1123 2171 1184 2222 sin·

651 2244 779 2313 gulariter
786 2244 834 2295 tibi
845 2254 910 2295 sunt
918 2243 1102 2304 datae,senties
1111 2241 1183 2310 quod

652 2319 703 2366 hoc
723 2315 797 2380 quod
817 2314 882 2365 facis
901 2325 1010 2380 propter
1026 2314 1122 2373 Deum,
1145 2320 1186 2363 est

651 2386 720 2437 nihil
732 2386 766 2436 ad
780 2386 1037 2451 recompensandum
1046 2384 1118 2435 dicta
1132 2384 1183 2433 be-

653 2456 746 2508 neficia
760 2465 785 2506 et
802 2456 900 2520 gratias
914 2453 973 2515 Dei,
989 2464 1015 2505 et
1030 2453 1147 2504 maxime
1161 2451 1184 2503 si

653 2526 701 2576 Dei
715 2525 903 2576 liberalitatem
923 2524 1044 2574 attendas
1057 2537 1087 2572 ac
1101 2521 1185 2572 boni-

652 2609 744 2650 tatem.
764 2625 796 2636 —
815 2597 916 2657 Quinta
933 2596 1001 2647 ratio
1018 2606 1067 2657 est,
1085 2593 1149 2660 quis
1162 2593 1186 2644 si

653 2669 755 2736 cogitas
774 2667 944 2719 altitudinem
968 2677 994 2718 et
1016 2666 1185 2717 nobilitatem

653 2739 878 2793 remunerationis
895 2751 921 2791 et
936 2739 1029 2806 gloriae
1046 2737 1186 2806 promissae

654 2822 680 2862 et
701 2820 798 2878 paratae
818 2810 882 2870 illis,
906 2811 953 2878 qui
978 2809 1081 2860 faciunt
1106 2821 1186 2874 opera

652 2883 783 2935 virtutum
809 2884 842 2933 ad
876 2882 1006 2933 honorem
1038 2881 1098 2942 Dei,
1126 2894 1187 2947 quae

653 2953 739 3021 gloria
758 2962 832 3004 tanto
847 2953 932 3018 major
950 2953 1068 3013 dabitur,
1087 2960 1187 3018 quanto

654 3039 735 3092 opera
750 3033 830 3074 erunt
851 3022 1014 3074 virtuosiora
1028 3033 1055 3073 et
1076 3022 1185 3087 majora,

654 3109 799 3161 cognosces
813 3108 861 3159 pro
875 3103 950 3144 tanto
966 3103 1044 3143 tuum
1059 3091 1188 3143 meritum

655 3164 726 3214 nihil
747 3177 806 3214 esse
830 3163 858 3212 in
884 3163 1082 3229 comparatione
1108 3168 1187 3210 tante

655 3235 757 3303 gloriae,
775 3245 800 3287 et
822 3235 988 3287 desiderabis
1007 3235 1094 3286 facere
1107 3245 1189 3298 opera

654 3306 816 3358 virtuosiora
836 3320 917 3372 quam
944 3314 1006 3356 ante
1024 3304 1132 3355 feceras.
1158 3327 1189 3340 ·-

655 3379 734 3429 Sexta
746 3376 813 3428 ratio
823 3388 872 3438 est,
887 3376 951 3444 quia
963 3375 993 3426 si*
1001 3373 1122 3426 attendas
1133 3371 1189 3439 pul·

656 3447 837 3500 chritudinem
856 3456 883 3498 et
901 3445 1092 3513 gratiositatem
1107 3456 1189 3508 quam

656 3521 758 3573 babent
779 3520 892 3571 virtutes
913 3519 940 3569 ln
958 3533 996 3578 se,
1021 3514 1189 3566 nobilitatem

657 3608 739 3660 quam
752 3591 844 3643 anima
864 3590 958 3655 recipit
977 3604 1024 3655 per
1038 3587 1110 3653 ipsas
1132 3585 1188 3636 vir·

656 3675 744 3730 tutes;
767 3664 791 3716 si
811 3663 932 3715 attendas
953 3661 1034 3712 etiam
1053 3658 1184 3711 vilitatem

657 3748 683 3789 et
697 3735 893 3803 turpitudinem
908 3748 989 3800 quam
1004 3732 1073 3782 inse
1086 3729 1187 3780 habent

657 3808 722 3859 vitia
732 3816 759 3858 et
767 3814 881 3872 peccata,
894 3816 921 3856 et
935 3802 1097 3854 nihilitatem
1107 3814 1190 3868 quam

658 3880 750 3932 anima
769 3877 863 3944 recipit
873 3891 920 3943 per
933 3890 973 3935 ea,
994 3872 1146 3937 conaberis,
1167 3869 1190 3926 si
