2632 4320
45 372 49 380 ι
112 297 165 365 418

116 416 237 466 tudinem
258 416 392 479 amicitiae,
406 424 432 464 et
446 412 599 464 dilectionis
612 410 645 462 ad

114 506 169 540 eos.
195 488 362 540 Diminutiva
388 489 472 548 enim,
499 486 645 537 secundum

112 563 292 624 Priscianum,
321 559 463 626 aliquando
490 574 538 624 pro
563 556 644 607 farni-

114 633 239 693 liaritate,
267 641 293 682 et
322 648 414 682 amore
444 631 580 682 dicuntur.
602 629 645 679 Sic

114 721 176 772 ergo
205 719 277 754 nunc
302 719 348 754 eos
369 713 444 754 vocat
468 717 522 768 prae
545 700 644 750 amoris

115 776 301 836 teneritudine,
331 776 395 841 quia
419 790 481 824 cum
511 771 589 823 amici
611 771 643 820 ab

112 838 229 896 invice'm
257 846 396 905 recedunt,
424 845 520 893 affectu
544 841 644 892 amoris

116 916 233 967 maxime
257 916 434 966 inardescunt.
461 914 498 964 Et·
519 912 642 962 iterum:

114 986 209 1038 Adhuc
237 985 381 1048 modicum,
408 985 510 1035 scilicet
536 993 643 1048 tempus

115 1056 174 1119 erit,
188 1065 214 1108 et
228 1058 340 1107 mundus
354 1071 395 1106 me
411 1055 471 1122 jem
490 1069 543 1105 nort
562 1055 641 1116 ridet,

117 1128 147 1178 id
161 1138 202 1178 est
221 1138 353 1177 amatores
368 1125 482 1189 mundi;
496 1139 547 1175 vos
556 1130 646 1174 autem

116 1200 239 1252 ridebitis
253 1212 302 1260 nte,
318 1209 343 1249 et
358 1198 423 1247 boni
434 1198 543 1263 quidem
553 1195 642 1263 ceteri,

115 1274 179 1341 quia
202 1273 265 1323 solis
290 1272 368 1321 bonis
390 1281 451 1336 post
467 1270 646 1321 resurreetio-

115 1358 180 1395 nem
192 1341 315 1409 apparuit
330 1341 358 1390 in
373 1356 459 1392 carne.
478 1342 510 1391 Et
523 1342 645 1391 iterum:

112 1418 177 1467 Nou
199 1415 318 1465 turbetur
339 1429 386 1464 eor
401 1421 526 1473 vestrum,
541 1412 643 1463 scilieet

111 1489 143 1538 de
167 1502 228 1536 meo
249 1500 355 1535 recessu
371 1501 417 1551 per
431 1496 555 1545 mertem,
579 1498 639 1534 cnm

111 1559 145 1608 sit
170 1557 202 1607 ad
230 1572 318 1606 meam
347 1555 587 1622 glorificationem,
616 1565 642 1604 et

111 1628 227 1693 Spiritus
250 1626 340 1676 Sancti
364 1626 532 1676 missionem.
554 1626 588 1674 Et
611 1625 638 1673 in

112 1698 163 1748 hoc
177 1699 305 1747 docemur
318 1711 370 1744 non
383 1695 485 1745 turbari
497 1696 530 1744 de
542 1695 640 1744 nostris

113 1767 206 1818 amicis
218 1767 246 1816 in
257 1765 426 1816 confessione
439 1765 500 1814 fidei
515 1765 640 1814 deceden-

111 1841 193 1900 tibus,
210 1856 272 1889 nam
287 1848 327 1889 est
342 1839 385 1889 via
400 1839 433 1888 ad
447 1854 540 1888 eorum
554 1837 639 1903 glori-

109 1910 260 1960 ficationem
287 1919 313 1959 et
338 1919 457 1959 nostram
481 1907 640 1958 subventio-

113 1996 185 2040 nem,
209 1980 273 2045 quia
290 1979 369 2028 amici
391 1978 476 2028 nostri
496 1978 639 2028 existentes

112 2068 173 2102 cum
195 2052 259 2111 Deo,
288 2053 373 2101 multo
392 2051 454 2116 plus
473 2066 524 2099 nos
550 2050 640 2113 juvare

41 2148 44 2154 ·
110 2133 232 2188 possunt,
252 2139 335 2189 quarn
349 2123 474 2173 viventes
483 2122 512 2172 in
525 2122 639 2172 mundo

110 2195 172 2243 Non
189 2194 316 2255 turbetur,
328 2193 450 2257 inquam,
463 2207 509 2242 cor
521 2199 637 2242 vestrum

109 2264 173 2330 quia
189 2265 244 2313 dixi
266 2280 309 2313 me
324 2265 495 2324 moriturum,
518 2264 563 2314 sed
583 2273 638 2313 sta·

108 2335 219 2384 biliatur
243 2333 304 2394 fide,
320 2335 458 2385 credentes
480 2350 526 2384 me
545 2351 636 2385 resur-

48 2430 50 2436 ·
108 2415 259 2467 recturum;
276 2418 357 2470 neque
370 2403 512 2469 formidet,
529 2415 638 2470 propter

107 2476 314 2527 tribulationum
340 2477 506 2537 instantiam,
534 2492 567 2526 ne
592 2478 636 2526 di-

106 2550 221 2599 mittatis
238 2548 299 2599 fidei
314 2549 502 2609 constantiam,
515 2550 561 2599 sed
573 2566 636 2616 per-

105 2629 221 2670 severate
238 2619 333 2670 lortes
359 2635 446 2685 usque
482 2621 510 2670 in
543 2618 634 2672 linem.

104 2686 239 2741 Dominus
255 2689 410 2740 intendebat
424 2691 532 2741 animos
550 2692 635 2743 disci-

104 2758 228 2826 pulorum
241 2761 389 2811 confortare
400 2772 491 2812 contra
502 2764 564 2828 duo,
580 2764 634 2814 sci-

99 2832 163 2892 licet
177 2849 183 2882 :
199 2841 289 2881 contra
303 2847 398 2891 unum,
414 2834 486 2897 quod
506 2833 635 2886 immine»

105 2901 149 2950 bat
174 2901 203 2950 in
232 2902 370 2967 prasenti,
398 2904 470 2968 quod
497 2915 553 2956 erat
578 2907 634 2972 ejus

103 2968 214 3034 Passi03
243 2981 269 3021 et
293 2974 366 3022 aliud
392 2976 465 3039 quod
490 2977 634 3028 timebatur

103 3038 235 3103 futurum,
255 3043 354 3094 scilicet
371 3058 563 3110 superventura
576 3051 633 3116 q'us

102 3109 250 3163 tribulatio.
280 3114 356 3164 Unde
383 3118 453 3184 dicit
475 3119 515 3169 eis
539 3137 546 3170 :
568 3121 631 3174 Non

104 3184 235 3249 turbetur,
254 3194 280 3236 et
302 3184 424 3238 tristetur
444 3202 491 3241 cor
505 3200 629 3257 uestrum,

103 3254 204 3306 scilicet
215 3256 247 3306 de
265 3257 336 3306 malo
351 3260 485 3324 prasenti,
498 3273 630 3328 quantum

86 3346 89 3352 ·
100 3325 134 3374 ad
146 3325 271 3394 primunr
282 3341 295 3392 ς,
310 3326 538 3396 tuquefomu‘det,
553 3345 584 3384 er
593 3335 629 3385 ti-

100 3406 178 3458 meat,
200 3397 300 3448 scilicet
323 3399 356 3448 de
380 3395 480 3464 futuro,
497 3412 629 3462 qnantum

98 3468 131 3517 ad
144 3471 308 3521 secundum.
323 3470 444 3522 Creditis
456 3473 486 3523 iu
493 3472 592 3540 Deum,
605 3485 631 3528 et

99 3537 125 3588 iu
139 3552 189 3603 ure,
204 3554 253 3606 per
267 3554 437 3608 consequens
453 3544 561 3607 credite,
581 3549 629 3613 qni

97 3624 164 3658 sum.
180 3610 252 3661 Deus
274 3621 302 3662 et
315 3627 397 3679 quem
412 3612 492 3664 etlam
513 3612 629 3669 confessi

97 3684 161 3735 estis
175 3685 270 3738 Deum.
289 3686 383 3738 Unum
404 3689 540 3756 supponit,
553 3689 628 3742 scili-

95 3765 138 3805 cet
163 3756 244 3809 fidem
271 3775 365 3810 eorum
391 3759 419 3810 in
446 3760 549 3824 Deum,
577 3764 627 3815 hac

96 3825 168 3880 enirn
184 3829 237 3893 iam
253 3829 373 3882 instituti
385 3841 461 3882 erant
479 3847 526 3896 per
548 3848 625 3900 eum3

93 3904 121 3946 et
132 3896 212 3950 aliud'
220 3900 350 3968 praecipit,
363 3899 467 3953 scilieet
473 3913 504 3954 ut
517 3904 625 3958 credant

302 269 306 279 ’
393 295 568 349 securiora
583 290 706 345 Pauus
722 295 839 348 error
856 296 934 350 svn.

698 411 726 461 in
751 412 850 477 ipsum,
877 414 943 479 quia
963 423 1004 464 est
1020 414 1102 474 Deus,
1125 426 1152 466 et
1172 431 1229 468 non

697 485 781 535 homo
796 494 911 537 tantum.
926 488 1079 538 &madum
1093 491 1230 555 Augusti-

698 573 767 621 num,
788 574 822 609 ne
842 569 957 609 mortem
976 560 1078 610 Christi
1099 571 1230 628 tanquam

698 629 818 680 hominis
842 630 977 691 timerent,
1005 641 1030 680 et
1051 631 1112 681 ideo
1133 634 1228 684 turba-

698 710 810 760 rentur,
836 702 989 752 consolatur
1011 718 1075 762 eos,
1099 702 1182 754 etiam
1201 721 1229 758 se

696 769 782 821 Deum
808 787 866 822 esse
887 782 1048 834 contestans,
1070 775 1118 838 qui
1144 777 1229 841 possit

698 842 838 893 hominem
853 845 993 895 suscitare.

729 912 744 961 3
767 913 984 965 Consonrmrua-
1007 930 1141 967 nitemur
1164 931 1227 968 raca

697 984 786 1040 nusu'
801 998 844 1034 ars
873 999 1017 1043 narrnoorr
1041 988 1170 1038 Duarum
1195 1003 1227 1038 rr

696 1067 867 1104 rnouusrorte
882 1069 953 1104 coru
967 1059 1146 1115 smnusoua
1158 1060 1226 1108 Star-

694 1136 747 1173 ert.
764 1150 799 1162 -α
819 1126 852 1176 In
871 1128 949 1177 domo
965 1129 1063 1178 Petris
1079 1129 1133 1180 ruet
1148 1145 1224 1180 m

694 1196 890 1248 siones‘multa
905 1205 976 1261 sunt,
1003 1199 1031 1248 id
1054 1212 1094 1251 est
1113 1202 1224 1253 ditem

695 1270 912 1336 participationes
940 1273 1127 1336 beatitudinis,
1152 1277 1223 1342 qnia,

694 1342 842 1391 secundum
869 1342 1039 1395 differentias
1056 1347 1223 1404 meritorius,

693 1420 760 1460 stant
781 1413 864 1462 etiam
884 1413 1077 1466 distinctiones
1094 1420 1222 1482 praemio·

694 1495 768 1532 runt.
780 1483 864 1542 Quasi
876 1484 1223 1538 diceretzJamcertiestis

692 1551 724 1600 de
751 1552 877 1602 Passione
897 1569 965 1615 mea,
991 1566 1018 1605 et
1040 1566 1129 1607 tamen
1147 1572 1162 1606 a
1178 1575 1221 1608 me

683 1632 840 1690 ¹exspectate
859 1623 941 1674 vitam
962 1636 1101 1678 aeternam.
1121 1629 1221 1678 Secun-

694 1692 760 1741 dum
778 1695 902 1744 eumdem
919 1697 1112 1763 Augustinum,
1127 1699 1221 1750 merito

696 1762 885 1825 turbabantur,
898 1768 1005 1831 quando
1020 1769 1132 1833 quidem
1145 1772 1223 1821 fiden-

694 1835 756 1884 tiori
786 1837 889 1887 dictum
925 1848 981 1888 erat
1015 1844 1090 1907 quod
1117 1856 1221 1910 negaret

694 1905 867 1970 Damnum
890 1910 936 1958 sed
961 1925 1023 1959 cum
1052 1913 1168 1965 audiunt
1192 1917 1221 1965 de

692 1978 881 2029 mansionibus
896 1979 964 2041 coeli,
987 1997 1003 2030 a
1023 1985 1220 2047 perturbatione

693 2061 854 2112 recreantur,
878 2052 941 2102 certi
968 2064 1032 2119 post
1053 2057 1171 2120 pericula
1195 2075 1219 2109 se

690 2122 761 2186 apud
791 2122 941 2172 Dominum
968 2141 1120 2188 manstnos,
1148 2131 1217 2194 quod

693 2192 848 2257 significant
876 2196 968 2246 multae
998 2199 1161 2251 mansiones.
1189 2203 1219 2252 Et

692 2264 790 2315 iterum
805 2283 811 2312 ι
836 2267 911 2318 Vado
921 2283 1026 2334 parare
1040 2272 1114 2323 vobis
1126 2273 1214 2334 locunt,

689 2345 744 2383 tam
769 2336 930 2400 pulchrum,
955 2347 1011 2388 tam
1035 2341 1215 2395 delectabilem

690 2404 847 2466 moriendo,
873 2409 1056 2473 resurgend0‚
1084 2412 1112 2461 in
1142 2414 1216 2464 coelos

689 2476 862 2527 ascendendo.
885 2479 917 2527 Et
933 2495 940 2527 ε
955 2479 1057 2530 Iterum
1083 2484 1168 2546 venio,
1192 2485 1214 2533 in

689 2545 788 2609 judicio
805 2549 966 2612 apparendo,
982 2556 1008 2600 et
1022 2552 1156 2618 accipiam
1173 2567 1215 2605 vos

688 2616 727 2666 ae
737 2617 913 2682 meipsmn,ad
921 2620 1121 2674 beatitudinem
1132 2640 1215 2692 corpo·

688 2687 726 2737 ris
740 2689 887 2758 etenimae,
900 2697 929 2741 ut
942 2692 987 2742 ati
996 2704 1122 2762 rumego
1135 2702 1215 2748 erres

689 2757 759 2821 sitis,
777 2759 878 2810 scilieet
891 2761 921 2810 i'n
936 2772 1036 2812 aeterna
1047 2765 1215 2817 heatitudine

688 2828 748 2878 Jam
771 2840 802 2880 nt
819 2829 921 2882 dixerat
937 2843 1128 2899 parata-erant
1142 2850 1214 2888 maa·

689 2900 790 2963 aiones,
807 2903 909 2954 scilicet
923 2904 950 2954 in
974 2908 1214 2972 praedestinatione,

686 2974 733 3024 sed
748 2984 838 3027 tamen
852 2975 941 3028 adbuc
954 2981 1082 3045 parandae
1092 2992 1169 3034 erant
1185 2982 1213 3033 ab

686 3058 721 3095 eo¹
741 3047 934 3114 redemptionis
950 3065 1040 3116 opere,
1057 3061 1085 3104 et
1103 3054 1138 3105 ab
1153 3052 1212 3121 ipsis

686 3117 825 3170 meritoria
850 3121 1013 3185 operatione.
1042 3124 1067 3175 0
1091 3126 1210 3183 Domine,

686 3201 750 3255 para
766 3191 839 3256 quod
861 3205 948 3257 paras
968 3206 1018 3244 nos
1040 3195 1147 3248 scilicet
1157 3195 1210 3254 ubi,

684 3271 713 3312 et·
723 3271 750 3314 te
762 3263 850 3324 nobis,
865 3274 898 3315 ut
917 3266 957 3316 sit
971 3266 1125 3320 multitudo
1139 3281 1210 3320 man»

683 3331 791 3383 sianum
806 3348 854 3400 pro
867 3334 1020 3387 diversitate
1034 3339 1209 3390 meritonam:

682 3404 752 3456 alius
775 3408 844 3472 plus,
868 3407 938 3458 allus
956 3408 1054 3460 minus*
1072 3412 1210 3478 pantetps

678 3476 726 3526 tui·
738 3478 849 3530 erimus
866 3479 899 3530 Et
912 3480 1012 3530 itertrm
1027 3497 1034 3530 :
1051 3482 1209 3534 Narrate

679 3559 764 3615 quant
778 3562 830 3602 vos
838 3552 1033 3620 orptlanonin
1043 3568 1105 3620 quo
1116 3555 1210 3606 tunm

681 3637 713 3673 se
726 3636 788 3675 esse
797 3632 899 3691 patrem
915 3624 979 3687 illis,
994 3625 1070 3678 ναῶ·
1089 3636 1117 3680 et
1139 3623 1208 3681 truie

680 3696 719 3747 ad
733 3710 791 3760 ros,
804 3698 935 3766 Spiritum
949 3695 1053 3751 militet
1063 3699 1205 3764 mimirum

679 3766 735 3818 hor
745 3777 834 3818 autem
846 3769 921 3831 dicit,
936 3782 974 3820 tte
991 3778 1138 3837 putaretur
1146 3767 1206 3838 Spi-

679 3837 762 3889 rl'tum
781 3837 888 3891 mittere
910 3837 975 3892 sine
985 3856 1022 3893 se.
1039 3840 1075 3893 E't
1088 3844 1205 3896 iterum

679 3906 786 3974 Paron,
812 3911 915 3963 seilicet
940 3912 1066 3977 pectoris,
1091 3915 1206 3980 reatuque
