2632 4320
156 249 204 300 DE
222 249 506 303 CONSPIRATIONE
523 251 741 304 PONTIFICUM
757 255 804 305 ET
823 255 1103 311 PHARISAEORUM.
1140 277 1190 328 147

65 364 191 415 secundo
218 374 279 430 post
307 366 462 418 Passionem
489 368 601 432 Christi,

63 444 108 486 est
134 433 246 485 iactum.
285 437 480 502 Prophetizavit
511 448 602 490 autern

65 507 188 573 Caiphae
217 509 312 560 utilem
350 510 470 562 humano
510 512 601 577 generi

64 588 184 629 mortem
220 580 336 645 Christi,
366 581 428 632 licet
468 583 600 634 nesciens.

63 649 198 709 Quamvis
222 651 296 701 enim
317 661 388 703 esset
405 652 519 703 intentio
538 653 601 705 Cai-

62 719 127 784 phae
141 720 204 770 dare
223 722 396 771 solummodo
408 722 552 773 consilium
568 725 602 773 de

62 800 153 840 morte
175 790 288 851 Christi,
310 807 358 856 pro
384 793 540 858 temporalis
554 808 601 859 pe·

63 859 144 910 riculi
162 861 297 925 evasione,
316 862 389 914 circa
401 865 535 929 populum
549 865 599 916 Ju-

61 933 196 994 daeorum,
219 943 309 985 tamen
326 936 439 986 verbum
458 948 539 989 suum
563 937 601 988 sic

63 1005 188 1064 sonabat,
206 1008 280 1072 quod
299 1007 425 1060 Christus
450 1018 506 1059 erat
522 1009 601 1060 mori-

62 1088 142 1128 turus
160 1094 208 1144 pro
225 1090 303 1145 gente
314 1089 339 1131 et
353 1081 469 1146 populo;
484 1090 511 1132 et
526 1082 599 1147 quod

61 1150 103 1201 sic
114 1152 235 1216 protulit,
251 1152 305 1203 fuit
314 1154 455 1220 prophetia
468 1155 598 1221 quodam-

61 1221 149 1271 modo
167 1223 200 1272 de
234 1222 340 1284 futuro,
374 1225 450 1290 quod
473 1225 598 1277 Christus

61 1303 120 1343 erat
130 1293 280 1345 moriturus
293 1311 341 1360 pro
352 1297 436 1346 salute
454 1297 596 1362 spirituali,

61 1382 119 1415 non
146 1369 236 1417 solum
256 1369 422 1430 ludaeorum,
446 1372 494 1422 sed
516 1372 597 1423 etiam

60 1437 187 1488 omniurn
216 1440 364 1505 Gentium,
395 1441 444 1508 qui
470 1443 596 1494 credituri

59 1521 138 1561 erant
164 1512 192 1562 in
216 1511 317 1578 ipsum,
338 1525 364 1564 et
379 1531 426 1580 per
445 1514 526 1566 fidem
538 1533 596 1567 con-

59 1581 200 1646 gregandi.
217 1582 293 1632 Unde
307 1583 472 1650 Theophilus
485 1603 494 1635 .-
511 1603 525 1631 a
538 1586 595 1639 Hoc

59 1650 119 1716 ipse
134 1651 245 1716 quidem
258 1669 337 1717 prava
349 1655 419 1705 dixit
431 1654 593 1721 intentione3

58 1723 107 1772 sed
134 1733 226 1774 tamen
253 1725 372 1790 Spiritus
399 1727 490 1778 Sancti
511 1730 595 1794 gratia

57 1811 106 1846 ore
126 1797 184 1861 eius
201 1813 250 1847 usa
275 1808 316 1848 est
338 1800 370 1849 ad
396 1798 482 1851 futuri
503 1816 595 1866 prasa-

58 1869 137 1936 gium
158 1887 166 1919 z
190 1889 204 1918 ii
227 1871 285 1922 haec
325 1872 498 1938 Theophilus.
532 1875 593 1926 Non

57 1952 150 1992 tamen
185 1942 316 2008 sequitur,
341 1945 414 2010 quod
437 1945 593 2012 quicunque

56 2013 203 2078 prophetat
216 2013 252 2064 sit
271 2015 413 2081 Propheta,
426 2032 491 2067 nain
505 2032 594 2082 qnan-

55 2084 148 2149 doque
170 2083 251 2135 alicui
282 2086 434 2139 conceditur
450 2094 525 2139 actus
548 2088 594 2139 ali·

54 2153 136 2218 cujus
156 2153 206 2213 rei,
227 2170 289 2204 cum
308 2166 398 2207 tamen
421 2156 540 2209 conditio
567 2157 592 2209 ei

54 2242 111 2278 non
131 2227 298 2280 conceditur.
327 2230 405 2280 Unde
433 2231 591 2296 Origenes:

56 2317 70 2343 ι
100 2297 163 2347 Non
184 2298 341 2365 quicunque
366 2299 508 2365 prophetat
525 2302 592 2352 Pro-

55 2367 140 2433 pheta
170 2377 227 2432 est;
258 2369 327 2420 sicut
350 2387 407 2421 nori
436 2371 593 2438 quicunque

55 2438 97 2501 jus
117 2438 293 2504 prosequitur
309 2441 398 2505 justus
419 2451 469 2505 est,
491 2443 593 2494 scilicet

54 2508 102 2574 qui
113 2507 181 2560 facit
196 2509 306 2575 aliquod
326 2527 397 2576 opus
410 2522 519 2576 propter
536 2513 591 2564 hu-

54 2593 165 2630 mannm
187 2580 303 2644 gloriam
318 2597 325 2630 ι
341 2601 355 2630 n
370 2581 428 2633 haec
448 2582 590 2647 Origenes.

85 2647 245 2701 3Taiiiici
264 2666 299 2700 iis
318 2665 434 2701 RATIONE
451 2667 591 2703 emautur

55 2718 196 2771 Qnisrmi
218 2737 292 2774 iton.
313 2751 344 2761 -
368 2722 521 2787 Expediens
540 2739 590 2775 au-

55 2802 108 2845 tem
128 2804 156 2845 et
170 2795 351 2846 necessarium
371 2795 424 2847 fult
449 2796 590 2849 Christum

56 2878 102 2928 pro
124 2863 205 2915 nobis
240 2865 294 2930 pati
316 2875 344 2916 et
371 2864 456 2926 mori,
489 2867 591 2919 ratione

56 2936 181 3002 triplici:
207 2939 309 3004 primo,
330 2939 364 2990 ad
390 2941 590 2992 ostendendum

56 3009 122 3061 circa
143 3027 195 3062 nos
216 3013 348 3077 judiciuin
370 3012 469 3065 divina
489 3013 590 3078 digna-

56 3079 140 3131 tionis
167 3090 195 3132 et
221 3082 343 3147 pietatis;
382 3084 523 3144 menneo,
555 3085 589 3136 ad

56 3152 250 3203 exsolvendum
263 3154 382 3218 pretium
401 3164 501 3205 nostrae
526 3155 589 3206 red·

56 3220 215 3286 emptionis,
252 3223 324 3288 quod
368 3222 420 3274 tuit
455 3222 589 3288 pretiosus

58 3287 219 3343 immanitati
240 3292 305 3343 Jesu
330 3293 434 3345 Christi
460 3293 586 3357 sanguim

58 3362 143 3423 tutio,
151 3363 187 3414 ad
195 3364 371 3430 praebendum
379 3365 533 3430 exemplum
544 3382 589 3416 no

60 3439 116 3484 itm
137 3434 313 3495 imitationis,
324 3445 360 3486 ut
378 3451 525 3501 sequamur
541 3451 588 3488 ve·

60 3502 134 3569 adda
148 3507 216 3571 ejus.
240 3508 352 3573 lneuper
374 3517 402 3559 et
420 3507 588 3560 alienatione

61 3572 153 3639 triplici
174 3577 331 3642 expediebat
350 3577 491 3629 Christum
507 3578 586 3630 mori.

63 3641 156 3708 Primo,
169 3648 238 3714 quia
249 3648 332 3701 horno
346 3658 471 3700 mortuus
480 3660 547 3714 erat,
562 3661 587 3702 et

60 3710 114 3765 ideo
127 3718 286 3784 expediebat
308 3728 339 3770 ut
357 3718 485 3772 Christus
510 3736 587 3771 mor-

61 3792 109 3836 ton
126 3799 252 3839 nostran
275 3789 423 3841 destrumt
440 3801 467 3841 et
490 3791 586 3844 homi-

60 3867 118 3908 aem
137 3857 291 3913 deificaret.
310 3861 375 3913 Erat
394 3871 490 3915 autem
501 3860 586 3915 homo

655 380 779 420 mortuiis
800 373 968 439 quadruplici
995 386 1092 436 morte,
1115 376 1191 427 scili-

654 450 695 490 cet
711 457 718 489 :
733 451 843 503 natura,
859 444 954 510 culpae,
970 446 1100 511 gehennae
1117 457 1189 498 etex

654 510 803 575 privatione
812 512 929 565 visionis
941 515 1041 566 divinae
1049 533 1057 579 ;
1073 517 1189 582 primam

653 583 794 646 destruxit,
817 599 864 649 per
884 601 961 636 suani
976 589 1121 653 gloriosam
1143 605 1188 640 re-

654 655 1040 722 surrectionem;‚secundam.
1070 676 1116 726 per
1144 661 1187 712 sui

654 726 796 790 sanguinis
811 725 985 793 effusionem
1007 732 1122 793 tertiam,
1140 749 1188 798 per

653 795 751 846 inferni
781 798 1024 864 exspoliationem,
1051 813 1185 868 quartam,

653 881 700 930 per
717 882 773 918 suae
796 884 910 919 visionis
932 873 1142 924 restitutionem.
1155 903 1185 913 -

652 938 788 997 Secundo,
801 938 866 1004 quia
878 939 961 990 homo
980 952 1036 992 erat
1050 944 1185 1009 perditus3

652 1006 713 1057 ideo
732 1008 890 1073 expediebat
905 1019 934 1059 ut
949 1010 1074 1062 Christus
1090 1013 1186 1065 aditos

651 1078 764 1139 veniret,
779 1095 809 1130 ac
830 1092 947 1131 mortem
972 1083 1084 1143 subiret,
1107 1085 1187 1135 etsie

652 1147 791 1200 hominem
820 1150 955 1216 perditum
981 1152 1123 1204 inveniret.
1155 1183 1186 1192 -

651 1221 753 1283 Tertio,
768 1223 834 1290 quia
845 1224 929 1275 horno
944 1235 999 1276 erat
1013 1241 1029 1276 a
1042 1227 1097 1278 Deo
1113 1227 1186 1278 divi-

651 1310 697 1345 sus
721 1307 747 1346 et
767 1297 917 1364 dispersus,
946 1299 1006 1349 ideo
1030 1300 1187 1364 expediebat

650 1373 679 1417 iit
688 1367 814 1419 Christus
826 1369 906 1432 filios
920 1369 973 1420 Dei
984 1371 1030 1436 qui
1039 1378 1116 1421 erant
1128 1372 1186 1422 dir-

644 1439 723 1503 persi
742 1447 926 1504 congregaret
946 1441 973 1490 in
989 1456 1076 1504 unum,
1095 1450 1121 1492 et
1147 1442 1186 1493 sic

648 1524 694 1560 eos
722 1512 755 1561 ad
779 1512 866 1562 Deum
895 1523 1037 1564 revocaret.
1068 1514 1185 1580 Caiphas

649 1598 712 1648 ergo
730 1583 933 1650 prophetizavit
954 1585 1075 1645 quidem,
1102 1586 1129 1637 id
1144 1597 1183 1638 est

647 1655 727 1704 verba
742 1655 891 1720 prophetiae
905 1657 1026 1720 protulit,
1036 1673 1085 1707 nec
1095 1667 1182 1709 tamen

648 1734 707 1774 erat
723 1725 866 1790 Propheta,
890 1727 954 1792 quia
973 1728 1181 1792 inspirationem

648 1794 834 1860 propheticam
848 1812 904 1846 non
920 1797 1028 1861 accepit,
1039 1807 1065 1846 et
1076 1798 1181 1849 donum

647 1865 796 1930 prophetiae
806 1882 861 1915 non
877 1865 981 1927 habuit,
997 1867 1067 1917 sicut
1088 1878 1114 1918 et
1127 1870 1181 1919 Ba-

646 1938 725 1987 laam.
733 1936 819 1997 Unde,
829 1938 980 1987 secundum
987 1938 1179 2003 Augustinton,

646 2008 773 2058 docem'ur
787 2007 866 2059 etiam
882 2009 1102 2060 hominesmalos
1115 2026 1181 2076 pro-

646 2078 744 2144 phetiae
770 2079 870 2145 spiritu
893 2079 983 2130 futura
1017 2080 1180 2146 praedicere,
1200 2126 1203 2131 .

646 2150 719 2216 quod
732 2159 822 2200 tamen
842 2150 1011 2217 Evangelista
1025 2151 1117 2202 divino
1129 2151 1181 2202 tri—

647 2221 706 2272 buit
714 2232 892 2286 sacrainento,
899 2223 927 2273 id
939 2233 978 2273 est
989 2223 1083 2274 virtuti
1094 2223 1181 2290 ipsius

645 2292 813 2354 sacramenti,
838 2293 939 2344 scilicet
963 2294 1065 2345 summi
1091 2309 1181 2346 sacer-

643 2362 722 2413 dotii.
746 2362 862 2428 Caiphas
876 2363 947 2413 enim
969 2363 1017 2415 hoc
1042 2378 1060 2413 α
1081 2370 1179 2415 semet-

643 2433 703 2498 ipso
714 2449 770 2489 ¹iton
792 2433 876 2496 dixit,
889 2435 937 2484 sed
948 2449 1008 2484 cum
1020 2440 1090 2484 esset
1103 2435 1179 2486 Pon-

643 2509 725 2574 tifex,
742 2508 770 2558 id
785 2517 825 2558 est
836 2524 960 2558 summus
973 2509 1096 2558 sacerdos
1113 2510 1180 2559 antii

644 2579 727 2640 illius,
754 2588 781 2628 et
808 2578 992 2628 ministerium
1018 2578 1121 2627 habens
1148 2578 1178 2632 in

644 2651 780 2714 manibus,
800 2667 855 2702 non
871 2650 976 2702 meritis
992 2650 1049 2701 suis
1059 2651 1175 2718 proplie-

642 2723 739 2789 tiqarit
764 2732 790 2773 et
812 2722 914 2788 Spiritu
928 2722 975 2773 Dei
1000 2723 1107 2772 locutus
1121 2733 1176 2786 est;

642 2794 716 2860 quia,
736 2794 796 2859 ipso
817 2793 968 2860 ignorante,
990 2793 1092 2844 dictum
1114 2809 1179 2859 pro-

642 2865 782 2930 pheticum
796 2864 917 2930 protulit,
930 2879 984 2913 non
1003 2864 1108 2915 ratione
1122 2880 1175 2915 me-

642 2934 687 2986 riti
700 2935 753 2996 sui,
763 2935 809 2984 sed
821 2932 1054 3000 dignitateofficii3
1069 2944 1096 2985 et
1109 2933 1178 2986 forte

642 3004 733 3056 unctio
747 3003 911 3071 pontificalis
922 3003 1036 3054 contulit
1045 3004 1069 3054 ei
1083 3019 1176 3071 quem·

641 3076 704 3126 dam
733 3090 844 3126 sensum
881 3073 1072 3140 prophetandi.
1100 3074 1177 3127 Unde

642 3147 853 3214 chrysostomus
864 3163 872 3198 :
885 3164 899 3193 a
910 3146 980 3197 Vide
987 3157 1077 3197 autern
1092 3161 1177 3213 quan-

641 3227 668 3268 ta
695 3216 811 3284 Spiritus
838 3216 930 3269 Sancti
955 3217 1041 3269 virtus
1068 3227 1132 3279 est;
1160 3232 1176 3266 a

642 3299 734 3340 mente
746 3289 821 3340 enim
836 3289 907 3341 mala
920 3289 1005 3340 valuit
1017 3289 1101 3341 verba
1109 3303 1175 3353 pro-

640 3363 713 3414 ferre
722 3362 881 3429 prophetiae.
898 3361 968 3413 Vide
981 3361 1062 3412 etiam
1075 3370 1175 3425 quanta

640 3445 680 3487 est
708 3431 867 3500 pontificatis
897 3434 985 3487 virtus
1019 3430 1174 3500 potestatis3

641 3505 764 3557 Pontifex
778 3504 853 3556 enim
876 3504 995 3564 effectus,
1023 3502 1072 3553 etsi
1098 3500 1176 3552 indi-

618 3616 620 3621 .
639 3593 711 3644 gnus
720 3576 846 3637 existens,
859 3573 1040 3641 prophetavit,
1051 3571 1174 3624 nesciens

640 3647 709 3714 quid
720 3646 829 3697 diceret.
844 3646 898 3696 Ore
918 3645 991 3695 enirn
1019 3644 1108 3694 solum
1124 3657 1174 3694 usa

638 3728 679 3769 est
700 3716 795 3784 gratia,
820 3716 1032 3767 contaminatum
1056 3730 1103 3767 cor
1117 3731 1173 3767 tion

638 3785 751 3855 contigit
765 3804 802 3837 :ii
815 3787 875 3837 haec
890 3786 1114 3853 Chryaostomus.
1128 3784 1174 3836 Ob

638 3876 721 3928 quam
727 3858 915 3924 auctoritatem
934 3858 1025 3911 solum
1036 3859 1173 3913 credimus
