2632 4312
135 342 186 394 ²90

133 452 226 493 curant
242 441 359 490 fructum
380 437 541 491 animarum,
558 429 604 480 sed
618 443 667 478 ex-

133 510 308 563 crescentium
327 507 501 567 divitiarum
522 517 570 569 per
582 515 668 550 mun-

133 585 201 635 dum
214 584 378 640 discurrunt,
400 594 508 646 gregem
525 573 577 626 sibi
592 586 669 650 com-

134 654 250 705 missum
268 669 324 703 non
348 649 514 702 custodiunt
529 641 670 696 Custodiat

135 742 208 790 eum,
224 725 272 791 qui
287 723 406 775 custodit
419 721 510 772 lsrael.

169 813 185 864 7
203 798 252 848 Va
268 812 302 846 na
322 809 502 846 srxuaartorm
516 806 552 840 ar
574 800 671 838 sarua·

138 887 190 922 cto.
207 897 237 908 -·
260 869 291 919 In
304 878 389 929 sexto,
413 865 502 933 arguit
515 878 562 914 eos
583 860 671 911 simu-

138 942 247 993 lationis
265 952 291 992 et
304 939 447 999 mendacii,
469 937 533 1004 quia
548 935 610 1000 plus
621 946 671 981 cu-

139 1014 236 1064 rabant
263 1013 351 1062 lavare
380 1011 473 1061 sordes
508 1005 671 1061 exteriores,

139 1098 223 1150 quam
238 1082 395 1144 interiores;
416 1082 478 1146 plus
491 1090 634 1143 corporum
647 1083 673 1122 et

139 1169 276 1213 vasorum,
288 1169 370 1218 quam
380 1166 488 1202 morum
498 1161 523 1200 et
532 1147 673 1199 uitiorum.

143 1224 269 1276 Pharisaei
293 1224 368 1273 enim
397 1222 506 1288 quando
542 1216 675 1269 debebant

141 1296 283 1346 ascendere
302 1293 329 1343 'tn
344 1295 486 1358 templum,
506 1291 538 1340 ad
554 1297 675 1339 ostenta—

141 1367 245 1417 tionem
269 1365 421 1424 munditiae,
440 1364 531 1429 primo
554 1358 675 1410 lavabant

140 1435 270 1487 utensilia
298 1436 411 1494 domus,
442 1431 674 1486 tta-vestimenta,

141 1519 169 1559 et
194 1507 376 1570 consimilia;
414 1517 440 1557 et
469 1520 565 1571 parurn
597 1516 675 1551 cura·

143 1581 208 1630 bant
243 1580 277 1629 de
316 1578 438 1628 interiori
470 1574 603 1626 munditia
629 1572 675 1622 in-

143 1649 286 1700 trinsecus.
318 1648 362 1699 Sic
388 1648 470 1698 etiam
487 1646 554 1697 foris
582 1652 676 1694 osten-

143 1720 243 1770 debant
268 1718 427 1770 hominibus
454 1717 624 1768 sanctitatem
649 1711 677 1761 in

144 1790 249 1850 babitu,
274 1790 301 1840 in
328 1804 460 1848 sermone,
489 1789 517 1838 in
544 1786 678 1851 phylacte·

144 1860 202 1922 riis,
220 1861 248 1911 in
264 1860 389 1920 fimbriis,
404 1861 431 1909 in
446 1858 599 1909 orationum
614 1858 677 1907 lon-

145 1931 278 1997 gitudine,
293 1942 321 1982 et
337 1930 433 1981 ceteris
447 1929 624 1994 hujusmodi3
639 1928 679 1978 in-

145 2003 279 2055 trinsecus
299 2015 388 2054 autem
415 2003 444 2052 in
469 2001 628 2052 conscientia
652 2011 679 2051 et

147 2086 238 2126 mente
253 2086 328 2127 erant
345 2076 419 2142 pleni
431 2074 541 2139 rapina,
556 2089 603 2139 per
615 2073 678 2123 affe-

146 2156 221 2198 ctum
247 2146 424 2206 ambitionis,
449 2151 475 2194 et
500 2144 678 2207 immunditia,

146 2232 195 2282 per
207 2218 372 2282 voluptatem
392 2217 499 2277 carnis;
516 2216 557 2266 vel
571 2216 678 2280 rapina,

147 2291 177 2340 id
200 2300 240 2340 est
263 2290 382 2349 avaritia,
404 2301 431 2340 et
454 2289 631 2351 immunditia,
652 2288 681 2338 id

146 2369 187 2411 est
209 2361 336 2410 sordibus
356 2360 503 2422 vitiorum;
526 2359 590 2425 quia
607 2360 680 2425 quod

146 2431 275 2482 bibebant
289 2441 316 2482 et
333 2432 542 2490 manducabant,
557 2430 619 2481 aliis
633 2446 682 2479 au-

145 2501 274 2562 ferebant,
293 2512 321 2552 et
336 2518 383 2568 per
400 2503 451 2552 hoc
472 2502 551 2552 cibus
562 2512 590 2551 et
601 2512 682 2567 potus

144 2589 238 2625 eorum
270 2574 475 2625 immunditiam
512 2584 682 2640 peccatorum

146 2645 270 2696 habebat.
283 2648 314 2696 ln
333 2646 385 2695 hoc
401 2661 464 2696 vero
479 2647 596 2695 multum
609 2661 683 2696 erru-

147 2714 220 2778 bant,
236 2726 264 2765 et
274 2730 373 2782 magna
386 2716 493 2765 cacitas
506 2730 602 2766 eorum
618 2727 683 2776 erat,

148 2786 214 2852 quia
229 2788 291 2851 plus
303 2787 453 2836 curandum
469 2796 511 2836 est
521 2788 556 2837 de
573 2787 685 2836 mundi·

149 2857 186 2906 tia
211 2856 345 2917 interiori,
368 2873 451 2923 quam
476 2858 509 2907 de
539 2857 683 2924 exteriori;

151 2927 215 2992 quia
231 2927 346 2977 exterior
360 2944 416 2977 non
438 2937 481 2978 est
500 2929 556 2978 Deo
570 2939 684 2994 accepta,

153 2999 205 3049 nisi
215 3015 262 3064 per
272 2999 434 3050 interiorem.
444 3001 523 3050 Tales
532 3011 597 3051 sunt
604 3000 685 3051 etiam

154 3071 235 3119 modo
254 3070 344 3129 multi,
367 3071 494 3136 quisunt
515 3072 585 3122 sicut
605 3071 686 3123 fimus

154 3141 217 3192 nive
244 3141 393 3201 dealbatus,
418 3143 536 3192 exterius
559 3144 686 3204 decorati,

155 3223 182 3264 et
198 3213 273 3262 intus
295 3211 438 3277 iniquitate
459 3214 542 3278 pleni.
564 3215 641 3264 Unde
661 3215 687 3265 si

154 3285 217 3352 quis
242 3286 373 3335 interiora
401 3286 518 3336 exterius
547 3288 687 3348 evolveret,

155 3357 273 3407 multum
302 3356 434 3420 foetorem,
458 3360 625 3423 multamque
645 3373 688 3408 sa-

154 3427 227 3477 niem
249 3426 396 3489 inveniret3
420 3429 492 3478 unde
506 3436 532 3477 et
549 3427 687 3477 Ezechiel:

155 3500 213 3552 Fili
227 3500 349 3563 donanis,
360 3500 431 3566 fode
446 3500 585 3564 parietem,
600 3500 690 3567 ingre-

153 3571 227 3633 dere,
236 3577 262 3620 et
273 3571 375 3621 videbis
383 3570 607 3622 abominationes.
615 3571 691 3621 Mun-

151 3643 272 3691 dnndum
296 3653 337 3691 est
363 3657 427 3708 ergo
454 3642 527 3708 qaod
550 3642 623 3692 intus
650 3648 691 3693 est

153 3715 248 3765 calicis
263 3722 289 3765 et
296 3716 464 3780 paropsidis,
481 3715 558 3765 idest
571 3731 618 3765 cor
630 3731 690 3781 pur·

154 3786 273 3849 pandum
288 3796 356 3836 esta
375 3785 458 3846 vitiis,
476 3785 541 3852 quia
554 3801 602 3852 per
617 3786 691 3837 inte·

153 3854 223 3905 riora
240 3856 330 3906 calicis
348 3865 377 3906 et
391 3855 546 3922 paropsidis
562 3857 692 3923 intelligit

157 3925 339 3991 metaphorice
367 3925 495 3978 interiora
518 3927 635 3992 mentis,
660 3943 692 3978 ex

388 312 561 369 smuttuAE
578 307 703 362 anatis
714 305 833 358 CAPUT
843 304 986 358 XXXVIII.

721 423 797 488 cujus
821 422 958 473 munditia
984 423 1119 488 dependet
1150 423 1261 475 bouins

722 492 862 543 munditia
878 491 1028 552 exterioris,
1043 503 1070 542 et
1085 492 1150 542 ideo
1165 494 1260 560 sequi-

722 575 782 616 tur:
810 565 847 635 Ut
864 566 921 630 stat
946 565 974 614 id
998 565 1070 630 quod
1093 564 1261 623 defatiscat

723 635 857 698 mundana
884 635 965 685 idest
979 650 1041 685 vcra
1059 635 1096 686 sit
1111 638 1259 688 ostentatio

723 709 880 768 sanctitatis,
900 725 954 759 non
977 708 1080 759 malitia
1100 709 1259 761 dissimula·

722 779 815 830 tionis.
842 779 919 830 Unde
934 780 1087 844 Origenes:
1101 797 1116 825 a
1137 780 1188 830 Hic
1202 795 1258 831 ser-

725 864 830 900 monos
846 849 965 908 instruit,
979 858 1009 899 ut
1023 848 1184 901 festinemus
1203 866 1259 903 esse

723 922 803 987 insti,
839 937 896 971 non
928 936 1063 986 apparere.
1098 923 1154 982 Qui
1186 924 1258 974 enim

724 994 813 1043 studet
835 1003 867 1043 ut
889 1002 1012 1058 appareat
1033 992 1131 1057 iustus,
1160 1009 1222 1060 quae
1245 1010 1260 1046 a

724 1063 793 1113 ioris
811 1072 877 1114 sunt
895 1063 1015 1124 mundat,
1037 1073 1063 1112 et
1084 1078 1147 1128 quse
1164 1064 1259 1116 viden-

726 1145 771 1185 tur
787 1144 874 1198 curat;
898 1149 944 1182 cor
965 1143 1055 1183 autem
1073 1144 1101 1184 et
1118 1134 1259 1186 conscien-

726 1205 792 1255 tiam
824 1205 947 1270 negiigit.
974 1205 1026 1263 Qui
1055 1214 1146 1254 autem
1172 1207 1260 1257 studet

725 1290 835 1341 eaquae
864 1276 938 1325 intus
961 1286 1035 1333 sunt,
1063 1275 1091 1324 id
1119 1285 1161 1326 est
1185 1277 1259 1342 cogi-

725 1347 842 1398 tationes
851 1348 990 1400 mundare.
1001 1362 1172 1413 consequens
1181 1349 1260 1399 etiam

725 1430 778 1484 est,
793 1431 824 1470 ut
843 1435 954 1486 eaquae
972 1434 987 1468 a
1007 1419 1075 1468 foris
1097 1430 1162 1470 sunt
1185 1420 1260 1471 faciat

728 1493 838 1543 munda.
862 1513 876 1540 n
902 1492 938 1542 Et
961 1493 1109 1542 notandum
1135 1495 1209 1559 qnod
1235 1492 1260 1543 in

728 1563 828 1628 triplici
847 1577 888 1614 2¹ae
905 1562 1025 1627 positum
1038 1573 1080 1613 est
1095 1579 1197 1614 nomen
1212 1578 1260 1615 ce·

729 1635 825 1696 citatis,
842 1651 874 1686 eo
894 1635 968 1700 quod
982 1634 1081 1700 triplex
1095 1635 1199 1686 caecitas
1219 1652 1261 1687 ar-

729 1717 826 1773 guatur
839 1707 868 1757 in
887 1707 925 1757 eis
946 1723 954 1757 ε
977 1706 1066 1772 primo
1083 1707 1110 1756 in
1126 1708 1261 1768 docendis,

729 1779 832 1831 scilicet
852 1780 882 1830 in
904 1794 945 1831 να
967 1791 1077 1846 quart03
1096 1782 1216 1832 secundo
1236 1782 1261 1832 in

729 1853 916 1920 corripiendis,
933 1853 989 1904 sive
1007 1853 1035 1902 in
1058 1854 1201 1919 eligendis,
1213 1856 1261 1907 scl-

730 1926 794 1977 licet
811 1926 838 1976 in
855 1939 896 1977 aa
913 1926 1021 1992 quinto;
1036 1926 1116 1976 tertio
1136 1926 1165 1976 in
1184 1942 1262 1994 agen·

730 1996 782 2057 dis,
797 2006 828 2046 ut
839 1997 884 2046 hic
895 1997 926 2046 in
937 2012 979 2048 aa
993 2006 1077 2047 sexto.

763 2067 846 2119 8Va
865 2083 900 2118 na
922 2083 1069 2128 arnoctust,
1091 2084 1145 2126 Qut
1167 2084 1264 2120 sarm.-

732 2156 810 2191 cunis
826 2156 895 2191 suut
919 2156 1030 2191 simius.
1049 2170 1080 2179 -
1099 2142 1128 2191 In
1143 2141 1264 2208 septimo,

733 2215 897 2264 demonstrat
922 2215 974 2264 hoc
1002 2214 1074 2264 idem
1100 2231 1149 2281 per
1178 2231 1265 2267 exem·

733 2285 811 2350 plum
836 2284 1051 2349 sepulchrorum,
1075 2295 1105 2334 ut
1131 2285 1266 2352 quomodo

732 2354 877 2419 sepulchra
907 2355 1026 2404 dealbata
1054 2356 1124 2406 calce
1156 2357 1267 2423 levigata

734 2435 799 2475 sunt
814 2424 973 2488 forinsecus,
990 2435 1016 2475 et
1037 2436 1130 2476 ornata
1148 2442 1265 2478 marmo-

734 2498 821 2559 ribus,
844 2514 873 2548 ac
894 2498 1017 2548 distincta
1035 2514 1100 2548 auro
1123 2509 1149 2549 et
1171 2499 1267 2551 colori-

736 2571 802 2636 bus,
819 2572 892 2623 intus
912 2587 974 2622 vero
987 2572 1067 2638 piena
1083 2579 1147 2623 sunt
1166 2574 1269 2625 ossibus

738 2648 913 2704 moratorum,
942 2651 968 2692 et
990 2642 1049 2691 ideo
1069 2642 1223 2706 horribilia,
1247 2649 1270 2694 et

738 2716 810 2766 omni
834 2715 980 2782 spurcitia,
1005 2715 1105 2766 scilicet
1134 2717 1272 2783 putredine

738 2796 764 2836 et
794 2786 901 2845 foetore,
927 2795 952 2835 et
978 2785 1038 2836 ideo
1070 2786 1271 2838 abominabilia.

738 2857 816 2908 Unde
850 2856 947 2907 dicitur
976 2857 1170 2922 sepulchrum,
1198 2857 1272 2925 quasi

738 2928 806 2979 semi
821 2927 966 2993 pulchrum
986 2946 993 2978 ε
1015 2928 1052 2978 sic
1074 2939 1100 2979 et
1121 2929 1173 2995 ipsi
1193 2946 1273 2980 mun·

739 2999 843 3059 dinam,
855 3009 881 3048 et
891 2999 1021 3064 justitiam
1034 3000 1061 3049 in
1075 3000 1171 3050 habitu
1183 3000 1273 3057 vestis.

740 3079 767 3120 et
787 3069 941 3120 humilitate
960 3071 1104 3120 verborum
1127 3072 1275 3122 ostenden·

740 3154 790 3203 tes,
810 3145 925 3195 exterius
944 3145 1057 3194 dealbati
1076 3156 1149 3206 sunt,
1169 3155 1276 3212 propter

741 3215 808 3266 boni
835 3215 1053 3277 simulationem
1082 3215 1157 3267 intus
1186 3227 1276 3268 autem

741 3284 815 3350 pleni
833 3294 895 3335 sunt
917 3284 1062 3351 hypocrisi,
1082 3284 1168 3335 idest
1188 3299 1278 3336 amore

742 3370 818 3405 vante
838 3355 933 3413 laudis,
949 3365 1081 3420 quantum
1100 3355 1132 3404 ad
1148 3355 1280 3406 intentio·

749 3440 810 3476 nem
828 3423 1019 3485 simulationis,
1038 3436 1063 3474 et
1081 3424 1236 3491 iniquitate,
1254 3426 1280 3475 id

740 3507 784 3547 est
802 3495 865 3546 odio
884 3495 1011 3553 veritatis,
1033 3506 1166 3561 quantum
1191 3497 1224 3547 ad
1239 3495 1280 3546 ai-

743 3568 888 3620 iectionem
900 3567 1084 3632 malignitatis.
1098 3567 1226 3618 Exterius
1235 3567 1280 3618 ba-

745 3641 809 3689 bent
840 3638 1071 3689 conversationem
1112 3636 1280 3696 honestam,

753 3720 783 3761 ut
809 3709 964 3774 cooperiant
983 3709 1113 3759 malitiam
1137 3709 1281 3760 occultant.

750 3781 797 3832 lsti
812 3779 999 3846 significantur
1022 3795 1071 3846 per
1083 3780 1141 3845 Bel,
1161 3781 1210 3847 qul
1232 3794 1282 3831 cx-

745 3854 831 3905 terius
853 3863 909 3904 erat
933 3869 1027 3917 aereus,
1042 3862 1068 3904 et
1091 3852 1168 3904 intus
1182 3854 1281 3905 luteus.

746 3924 799 3977 Ubi
819 3924 1029 3992 chrysostomus
1050 3940 1059 3976 .·
1081 3942 1095 3971 a
1112 3924 1209 3976 Merito
1232 3922 1281 3989 qui
