2632 4320
352 297 400 349 DE
416 295 546 348 LUMBlS
560 295 789 358 PRAECINCTIS,
807 298 885 350 ETC.

642 413 732 479 utqui
749 414 867 464 converti
879 415 909 464 in
923 415 1038 482 pueritia
1047 417 1174 483 neglexit,
1255 406 1258 411 ’

56 415 88 466 in
97 413 192 481 aliquo
205 431 234 466 se
249 414 401 475 emendant,
416 422 444 464 et
456 414 485 464 in
498 412 589 478 aliquo

56 501 127 549 non3
151 486 245 552 etqui
267 503 362 538 usuras
380 497 407 537 et
427 500 469 536 res
489 484 588 536 alienas

55 557 176 623 amplius
191 559 309 624 accipere
325 559 431 620 nolunt,
446 556 492 607 sed
512 570 588 606 acce-

57 637 116 696 ptas
151 627 293 680 refundere
327 636 460 679 recusant.
495 626 588 686 Quarti

55 710 131 760 sunt,
143 700 191 767 qui
207 717 256 768 pro
266 711 387 768 tempore
398 716 587 767 compungun-

56 780 103 822 tur
112 772 157 821 vel
171 787 200 822 se
217 775 370 832 emendant,
388 772 432 822 sed
448 770 501 821 cito
514 769 588 820 reci-

56 841 159 904 divant,
175 853 207 894 ut
222 844 324 894 faciunt
338 844 396 910 qui,
412 842 473 892 aliis
490 840 588 907 hospi-

55 912 131 965 tibus
160 915 428 981 supervenientibus,
456 927 588 979 pauperes

55 985 178 1051 hospites
205 986 315 1050 ejiciunt
340 1003 347 1036 :
373 984 493 1051 hospites
519 985 587 1034 'vero

55 1057 276 1123 supervenientes
304 1066 369 1107 sunt
399 1056 588 1107 delectationes

55 1126 160 1187 carnis,
175 1128 271 1178 mundi
288 1137 313 1177 et
328 1127 497 1192 hujusmodi3
513 1127 588 1178 varia

55 1197 181 1248 utensilia
200 1209 264 1249 sunt
285 1200 473 1265 occupationes
493 1213 588 1264 super-

53 1267 127 1331 iiuae,
147 1283 209 1336 quae
230 1271 318 1321 cordis
337 1271 487 1320 libertatem
500 1284 587 1334 angu-

54 1352 135 1404 stant,
148 1352 175 1393 et
188 1343 318 1409 Spiritum
339 1346 467 1394 Sanctum
486 1343 588 1393 exstin-

55 1423 154 1481 guunt;
170 1415 227 1475 sed,
243 1423 274 1464 ut
286 1415 408 1466 dicitur:

59 1558 183 1627 Turpius
197 1559 311 1629 ejicitur,
329 1576 408 1626 quam
422 1576 473 1612 non
489 1560 588 1612 admit-

395 1634 473 1701 [titur
483 1633 588 1698 hospes.

56 1773 152 1834 Quinti
177 1785 204 1827 et
226 1777 317 1828 ultimi
341 1787 418 1839 sunt,
443 1777 491 1845 qui
517 1776 589 1826 bona

54 1843 195 1906 inchoant,
216 1849 293 1898 etad
317 1848 399 1899 finem
422 1847 587 1914 proficiendo
612 1873 618 1917 1

54 1916 222 1981 perducunt;
246 1920 316 1985 apud
342 1920 410 1970 istos
433 1918 588 1969 mansiones

55 1986 191 2040 Dominus
208 1990 273 2040 facit
289 2000 316 2041 et
335 2007 381 2042 eos
396 1992 472 2042 vaide
491 1989 589 2055 diligit.

86 2071 106 2121 4
119 2056 195 2108 'fars
219 2075 324 2110 vrorum
342 2077 368 2110 m
391 2076 472 2111 seusu
493 2074 589 2110 arrre-

56 2142 120 2177 mr
136 2142 171 2178 ar
196 2145 301 2181 nomm.
325 2160 355 2169 -
378 2133 407 2181 in
428 2141 504 2182 nocte
526 2145 588 2195 ergo

56 2194 139 2261 hujus
160 2199 245 2249 seculi
271 2215 377 2266 semper
393 2201 522 2252 debemus
544 2200 588 2251 vi-

57 2265 159 2333 gilare,
189 2278 215 2320 et
242 2280 334 2321 contra
363 2273 454 2322 hostes
480 2270 589 2322 solliciti

57 2353 126 2401 esse,
144 2354 333 2408 acexspectare
348 2343 476 2403 iudicem,
491 2353 516 2394 et
534 2344 590 2394 Do-

57 2413 165 2465 minum
181 2415 309 2465 omnibus
329 2416 357 2465 in
373 2415 495 2480 qualibet
514 2424 591 2465 aetate

58 2484 158 2550 paratis
176 2486 264 2535 iucem
287 2497 442 2552 perpetuam
457 2485 590 2535 ministra·

58 2566 160 2607 turum.
183 2557 215 2606 Et
230 2557 289 2607 ideo
307 2557 329 2606 si
348 2557 376 2607 in
397 2557 484 2622 prima
499 2555 591 2623 vigilia

57 2635 83 2676 et
108 2635 188 2676 aetate
216 2627 380 2693 negligentes
407 2627 518 2686 fuimus,
543 2641 590 2676 nec

57 2694 94 2747 sic
107 2696 257 2762 desperare,
276 2708 301 2746 et
321 2713 335 2746 a
353 2697 426 2746 bono
441 2711 520 2761 opere
533 2710 591 2746 ces-

57 2780 114 2817 sare
130 2767 270 2819 debemus,
294 2768 362 2817 Nam
380 2765 592 2832 longanimitatis

58 2852 113 2889 auae
128 2836 283 2903 patientiam
295 2838 436 2886 insinuans
449 2836 590 2895 Dominus,

57 2909 173 2961 subdit:
189 2911 228 2960 Et
251 2911 276 2960 si
299 2911 399 2960 venerit
421 2911 448 2960 iit
474 2910 590 2960 secunda

57 2982 166 3051 riguis,
181 2992 207 3031 ct
220 2992 303 3042 aetate,
319 2989 344 3032 et
357 2984 382 3032 si
400 2983 426 3032 in
446 2982 528 3032 tertia
548 2981 591 3031 vi-

56 3054 140 3121 gilia,
167 3064 193 3103 ct
217 3065 294 3104 aetate
313 3054 422 3117 venerit,
444 3053 473 3102 in
495 3064 589 3109 morte,

56 3129 98 3179 rel
122 3126 243 3192 judicio,
267 3133 293 3177 ct
314 3129 352 3176 ita
376 3127 505 3176 invenerit
528 3141 590 3182 eos,

57 3197 160 3249 scilicet
178 3198 329 3264 vigilantes,
346 3198 414 3248 etin
436 3198 508 3247 bono
528 3212 590 3262 per-

57 3279 225 3330 severantes,
258 3272 328 3321 beati
355 3277 418 3320 sunt
445 3270 517 3320 servi
540 3268 589 3330 illi,

57 3340 180 3392 nuncin
200 3357 256 3408 spe,
275 3353 300 3391 et
324 3352 415 3407 postea
437 3342 465 3391 in
485 3357 521 3390 re.
537 3339 590 3389 Ubi

55 3412 95 3464 ait
108 3412 264 3479 Gregorius
280 3431 288 3463 ,⁴
305 3433 318 3458 n
331 3414 420 3462 Prima
433 3412 525 3478 vigilia
539 3413 591 3477 pri-

57 3499 176 3534 mevum
191 3494 298 3548 tempus
312 3493 352 3533 est
364 3484 424 3533 vitae
439 3495 547 3541 nostrae,
561 3483 588 3532 id

56 3565 98 3606 est
111 3554 246 3620 pueritia;
268 3555 392 3614 secunda,
414 3554 591 3603 adolescentia

56 3626 98 3675 vel
110 3625 254 3691 juventus;
270 3625 346 3674 tertia
364 3634 452 3674 autem
471 3635 591 3673 senectus

56 3694 197 3762 accipitur.
214 3695 266 3754 Qui
281 3711 345 3761 ergo
361 3695 472 3760 vigilare
487 3695 515 3744 in
541 3695 592 3760 pri-

57 3782 104 3819 ma
125 3766 218 3834 vigilia
234 3767 330 3824 noluit,
347 3767 478 3817 custodiat
491 3766 532 3817 vel
547 3782 590 3816 se-

57 3838 187 3898 cundam,
205 3839 296 3905 etqui
318 3840 347 3889 in
368 3840 482 3889 secunda
494 3839 589 3897 noluit,

58 3908 147 3961 tertiae
159 3909 259 3976 vigiliae
273 3910 390 3960 remedia
409 3925 463 3959 non
475 3910 589 3974 omittat,

1122 284 1174 369 ³47

641 485 735 535 saltem
762 484 790 534 in
811 495 931 551 tempore
953 488 1110 553 juventutis,
1131 490 1174 540 vel

641 556 671 606 in
696 555 831 606 senectute
852 557 998 623 resipiscat.
1024 577 1038 606 a
1060 560 1123 620 Sed,
1142 568 1174 610 ut

641 625 678 676 ait
707 625 779 676 idem
800 627 970 693 Gregorius,
999 645 1080 680 nemo
1104 630 1173 680 hanc

641 696 870 763 longanimitatem
895 699 941 750 Dei
963 700 1089 766 negligat,
1109 701 1173 768 quia

641 777 713 818 tanto
735 769 922 819 districtiorem
939 770 1070 833 justitiam
1090 771 1122 821 in
1135 771 1175 835 ju·

641 839 711 889 dicio
726 840 823 905 exiget,
841 850 942 906 quanto
957 841 1108 906 longiorem
1132 858 1175 908 pa·

640 910 762 962 tientiam
784 920 845 962 ante
864 912 996 976 judicium
1010 912 1173 978 prorogavit,

640 981 718 1032 Unde
726 982 855 1032 Alcuiaas
870 1000 878 1034 .·
893 1001 907 1028 a
916 983 987 1032 Satis
996 983 1175 1034 estaiienusa

640 1052 701 1114 fide,
716 1055 763 1120 qui
783 1055 815 1104 ad
836 1057 965 1120 agendam
987 1055 1174 1122 poenitentiam

640 1133 747 1190 tempus
757 1127 902 1176 senectutis
916 1137 1065 1193 exspectan
1078 1128 1174 1178 timen-

640 1195 706 1245 dum
728 1208 769 1247 est
793 1197 866 1247 enim
887 1213 921 1247 ne
945 1199 1011 1248 dum
1038 1206 1173 1264 exspectat

641 1265 862 1327 misericordiam,
877 1267 977 1318 incidat
988 1268 1018 1317 in
1031 1267 1172 1332 judicium.

642 1339 703 1400 Sed,
730 1339 800 1391 heu!
826 1341 908 1392 hodie
933 1341 1058 1392 homines
1080 1340 1173 1391 florem

641 1410 787 1475 juventutis
810 1411 837 1460 in
862 1412 939 1462 vanis
957 1422 1132 1471 consumunt,
1148 1420 1175 1461 et

641 1481 733 1532 faecem
758 1483 902 1533 senectutis
917 1484 946 1532 in
965 1485 1070 1549 agendo
1085 1481 1174 1547 poeni-

642 1553 753 1603 tentiam
767 1554 811 1604 vix
825 1555 988 1620 expendunt.
1003 1575 1017 1602 n
1033 1556 1111 1606 Unde
1124 1556 1173 1606 Se·

641 1640 706 1676 neca
729 1627 762 1676 de
783 1628 883 1677 talibus
908 1628 1031 1693 loquens,
1056 1629 1094 1678 sic
1108 1626 1171 1678 ait:

642 1697 906 1756 «Quemadmodum
924 1715 956 1749 ex
970 1699 1100 1764 amphora
1115 1698 1174 1765 pti-

642 1783 718 1817 mum
737 1769 810 1834 quod
829 1780 868 1819 est
890 1769 1103 1820 sincerissimum
1132 1768 1174 1819 ef-

642 1840 710 1901 fluit,
735 1841 924 1907 gravissimum
953 1858 1063 1908 quoque
1086 1841 1175 1892 turbi-

641 1912 760 1979 dumque
769 1914 902 1978 subsidet;
913 1914 951 1965 sic
960 1915 987 1964 in
997 1924 1072 1966 aetate
1083 1924 1176 1965 nostra

641 1986 714 2051 quod
738 1996 778 2036 est
800 1988 933 2053 optimum
957 1987 986 2039 in
1010 1989 1100 2055 primo
1125 1996 1174 2047 est,

642 2056 723 2122 idque
739 2058 874 2109 exhauriri
889 2059 916 2109 in
931 2059 992 2109 aliis
1011 2060 1102 2126 potius
1125 2073 1175 2124 pa-

642 2131 734 2192 timur,
752 2144 782 2182 ut
797 2133 876 2183 nobis
891 2133 983 2184 faecem
997 2149 1142 2185 servemus.
1160 2153 1173 2181 n

641 2201 756 2268 Vigilias
782 2203 826 2253 hic
849 2213 926 2253 vocat
953 2219 968 2254 a
995 2203 1176 2254 similitudine

642 2273 833 2324 excubantium
848 2274 877 2324 in
891 2286 983 2339 nocte3
998 2275 1063 2341 quia
1076 2274 1105 2324 in
1119 2273 1176 2325 hu-

642 2341 685 2407 jus
708 2345 802 2394 mundi
824 2357 900 2396 nocte
918 2361 1025 2411 semper
1045 2346 1176 2395 debemus

643 2419 750 2468 solliciti
777 2419 864 2468 lucem
895 2429 1055 2481 venturam,
1081 2418 1109 2467 id
1136 2427 1176 2468 est

643 2489 786 2538 adventurn
808 2491 917 2550 Judicis,
938 2501 1097 2555 exspectare,
1112 2489 1177 2554 quia

644 2561 780 2610 nescimus
800 2563 907 2626 quando
929 2563 1063 2612 Dominus
1077 2561 1175 2621 veniet,

643 2646 677 2680 an
698 2645 786 2689 mane,
810 2631 836 2678 id
858 2631 945 2681 estin
969 2631 1115 2695 juventute,
1140 2644 1175 2679 an

644 2701 705 2767 galli
730 2710 815 2760 cantu,
839 2700 866 2749 id
889 2711 929 2751 est
952 2701 982 2751 in
1003 2699 1074 2751 virili
1089 2708 1174 2758 aetate,

644 2787 678 2821 an
693 2771 781 2822 media
796 2766 883 2832 nocie,
899 2772 925 2820 id
938 2771 1017 2822 estin
1031 2778 1174 2828 senectute,

644 2860 760 2904 ansero,
782 2845 808 2894 id
824 2856 863 2895 est
877 2846 904 2894 in
921 2845 1007 2896 senio.
1023 2845 1056 2895 Et
1068 2843 1132 2910 quia
1145 2843 1173 2892 in

644 2915 765 2981 quolibet
778 2915 876 2964 horum
891 2927 1007 2965 statuum
1022 2914 1106 2981 aliqui
1121 2929 1177 2964 mo

645 2987 767 3046 duntur,
789 2998 815 3036 et
841 2987 950 3036 Domini
981 2988 1110 3038 adventus
1137 2997 1177 3037 est

645 3058 722 3107 nobis
747 3057 884 3116 incertus,
915 3058 975 3108 ideo
999 3058 1026 3108 in
1055 3058 1177 3124 quolibet

645 3137 724 3187 statu,
740 3139 764 3176 et
781 3129 909 3178 omnibus
923 3128 1046 3179 aetatibus
1067 3129 1176 3194 vigilare

645 3199 783 3259 debemus,
804 3210 830 3249 et
851 3199 935 3264 parati
950 3215 1009 3250 esse
1026 3215 1074 3264 per
1095 3198 1177 3262 justi,-

645 3269 710 3319 tiam
732 3271 764 3320 ad
789 3271 973 3337 recipiendum
997 3281 1121 3329 mortem,
1144 3278 1175 3317 ut

645 3342 675 3390 in
698 3352 784 3392 morte
804 3344 951 3393 Dominum
971 3343 1124 3392 venientem
1139 3355 1177 3389 re·

645 3413 776 3478 cipiamus
793 3431 839 3480 per
854 3416 952 3464 bonam
965 3416 1138 3463 voluntatem.

678 3482 691 3534 5
707 3485 831 3534 Scianrm
844 3501 946 3534 cuman
964 3497 1110 3542 aconavar,
1125 3497 1175 3532 nac

645 3570 760 3604 arcusar
783 3571 942 3604 lenonium
964 3569 1123 3602 resacrari.
1145 3580 1175 3590 -

646 3624 678 3673 Et
695 3640 728 3674 ne
747 3626 808 3691 quis
832 3624 948 3674 confidat
969 3623 1002 3672 de
1026 3633 1110 3672 status
1131 3621 1177 3670 di·
1258 3634 1265 3647 ·

645 3695 754 3760 gnitate,
780 3688 825 3745 aut
850 3695 967 3744 scientiae
989 3692 1126 3750 claritate,
1152 3692 1174 3742 si

645 3765 714 3815 male
729 3764 858 3822 servierit,
872 3764 1011 3830 subjungit
1025 3764 1108 3828 quod.
1124 3776 1178 3813 ser·

646 3853 701 3899 vua,
715 3848 747 3887 ut
762 3855 815 3887 non
834 3839 869 3886 sit
889 3838 1013 3888 discretio
1028 3837 1057 3887 in
1071 3851 1176 3901 genere,

645 3912 689 3977 qui
716 3912 841 3976 cognovit
869 3913 1030 3962 voluntatem
1058 3910 1176 3973 Domini,
