2632 4320
237 283 285 334 DE
304 283 424 335 DECEM
440 283 606 335 LEPROSlS
622 286 646 334 A
662 284 804 335 DOMINO
819 284 979 335 CURATlS.

47 414 106 452 cem
131 399 254 450 mundati
275 401 359 452 sunt?
377 407 403 452 et
426 415 517 452 novem
539 402 583 452 ubi

48 473 144 525 sunt?
175 474 236 523 Non
273 474 418 541 interrogat
449 474 583 525 Dominus

50 546 129 613 quasi
147 547 278 606 nesciens,
292 550 338 598 sed
356 547 474 614 ingratos
489 547 585 614 quaerit

50 616 130 682 quasi
145 616 282 684 ignorans,
295 619 367 669 etde
384 634 478 669 eorum
492 617 585 684 ingra-

50 686 170 737 titudine
189 687 293 749 dolens,
310 698 336 739 et
358 704 404 739 eos
425 689 585 755 requirendo

51 758 173 808 ostendit
187 757 240 808 sibi
261 759 377 840 ignotos,
391 760 418 808 id
436 770 475 809 est
489 774 584 825 repro·

52 829 139 880 batos.
155 827 231 879 Sicut
243 844 317 880 enim
331 830 451 896 ingratus
469 847 522 880 non
542 845 587 880 re·

50 900 192 965 cognoscit
216 901 264 951 Dei
285 901 454 962 beneficium,
478 900 515 952 ita
539 917 587 951 nec

51 971 126 1021 Deus
139 970 234 1021 notitia
244 972 444 1037 approbationis
457 987 587 1039 recogno-

51 1041 102 1092 scit
130 1041 238 1107 ipsum3
265 1054 498 1108 recognoscentem
522 1058 586 1093 vero

51 1129 82 1164 se
93 1113 260 1180 recognoscit
275 1124 301 1164 et
320 1114 385 1179 ipse.
398 1115 474 1166 Unde
488 1115 587 1166 Beda:

51 1205 66 1232 n
95 1185 128 1234 Et
155 1184 252 1234 merito
281 1200 326 1235 eos
355 1186 483 1245 Salvator,
509 1184 587 1252 quasi

50 1258 162 1324 ignotos
174 1257 219 1306 ubi
227 1264 289 1309 runi
300 1257 419 1324 inquirit.
430 1258 502 1310 Scire
514 1258 587 1308 enim

49 1327 117 1387 Dei,
144 1327 259 1393 eligere;
297 1329 414 1390 nescire,
444 1328 587 1395 reprobare

48 1417 93 1452 est
108 1417 114 1450 :
130 1419 144 1448 n
159 1400 215 1450 haec
227 1401 312 1451 Beda.
328 1401 414 1467 Magis
431 1411 520 1452 autem
536 1402 587 1450 do-

50 1472 165 1522 lendum
184 1481 226 1521 est
243 1473 276 1522 de
290 1487 330 1531 eo,
345 1472 392 1537 qui
407 1471 525 1537 aliquam
541 1471 586 1520 in-

49 1544 136 1595 currit
157 1544 360 1610 ingratitudinis
378 1546 493 1610 culpam,
506 1560 587 1611 quam

50 1615 85 1664 de
100 1614 230 1665 beneficio
251 1616 365 1680 perdito.
379 1617 412 1666 Et
427 1616 497 1675 ideo,
509 1614 587 1682 quasi

49 1686 207 1751 plangendo
222 1686 348 1737 subditur
370 1703 378 1737 z
402 1688 465 1738 Non
485 1693 526 1736 est
544 1687 588 1736 in-

51 1765 149 1809 ventur
163 1758 209 1824 qui
222 1759 324 1808 rediret
337 1765 364 1810 et
376 1760 455 1810 daret
467 1760 587 1825 gloriam

52 1829 125 1892 Deo,
150 1829 204 1879 nisi
223 1827 267 1879 hic
291 1829 453 1895 alienigena,
479 1828 589 1879 alterius

51 1902 156 1953 scilicet
169 1901 267 1968 gentis,
281 1901 328 1967 qui
346 1918 400 1952 non
420 1911 475 1953 erat
492 1903 525 1951 de
539 1901 588 1950 Ju-

52 1974 129 2024 daeis.
154 1973 186 2022 Et
214 1972 266 2022 hoc
290 1972 391 2022 dictum
416 1981 455 2022 est
479 1988 485 2020 r
507 1972 549 2021 vel
574 1986 589 2021 a

53 2045 174 2104 Christo,
190 2053 216 2094 et
234 2053 299 2093 tunc
318 2054 391 2094 erant
410 2044 491 2094 verba
511 2041 588 2108 quasi

54 2115 245 2178 lamentantis3
276 2116 317 2166 vel
353 2115 456 2167 dictum
488 2125 528 2166 est
554 2115 588 2165 ab

54 2186 224 2254 Evangelista
239 2185 267 2234 in
282 2185 468 2236 confusionem
481 2187 589 2236 Judaeo-

54 2273 134 2318 rum,
168 2256 215 2322 qui
250 2271 304 2306 non
332 2266 395 2306 sunt
428 2255 526 2307 reversi
556 2256 588 2306 ad

54 2329 206 2379 Christum.
235 2327 268 2377 Et
294 2337 356 2377 nota
384 2328 455 2392 quod
483 2326 512 2376 in
538 2326 589 2376 hoc

56 2399 128 2464 quod
150 2396 200 2447 iste
214 2397 367 2461 alienigena
387 2396 475 2456 rediit,
494 2405 519 2446 et
533 2396 588 2456 alii,

58 2471 103 2537 qui
132 2479 207 2522 erant
233 2470 370 2529 lsraelitae,
392 2470 510 2520 reditum
541 2484 590 2519 ne·

60 2546 214 2609 glexerunt,
232 2541 397 2608 praefigurata
417 2541 468 2591 fuit
485 2540 590 2591 vocatio

61 2623 85 2663 et
96 2613 162 2664 fides
178 2613 337 2672 Gentilium,
352 2612 401 2678 qui
419 2611 525 2662 venturi
542 2610 591 2660 de-

65 2688 119 2734 vo'te
147 2692 222 2734 erant
245 2683 277 2732 ad
304 2680 384 2732 fidem
413 2680 531 2744 Christi3
559 2695 589 2730 ac

67 2756 207 2822 repudiatio
236 2764 263 2805 et
288 2754 397 2820 perfidia
426 2755 590 2814 Judaeorum,

68 2828 108 2891 qui
122 2826 151 2877 in
169 2842 220 2878 suo
238 2841 327 2876 errore
341 2834 416 2879 erant
429 2825 590 2876 remansuri.

70 2895 193 2947 Dominus
217 2906 304 2947 autern
336 2905 362 2946 et
387 2895 414 2945 in
440 2895 483 2945 his
508 2905 534 2946 et
562 2895 590 2945 in

71 2969 188 3019 omnibus
209 2984 279 3035 quos
298 2968 401 3018 sanavit
423 2967 451 3017 in
470 2982 592 3034 corpore,

72 3040 164 3090 sanavit
183 3050 209 3090 et
229 3039 258 3088 in
277 3038 379 3102 anima3
401 3039 448 3089 sed
468 3037 496 3087 hi
518 3047 593 3102 post-

73 3124 142 3174 quam
156 3111 267 3162 fuerunt
280 3111 365 3161 sanati
387 3110 414 3160 in
433 3124 554 3175 corpore,
567 3117 594 3158 et

72 3178 192 3242 iustificati
214 3181 243 3231 in
267 3177 411 3240 anima,'ac
433 3179 497 3230 boni
520 3178 593 3239 facti,

73 3263 152 3315 postea
169 3261 327 3305 corruerunt
343 3267 358 3302 a
375 3251 468 3316 gratia,
489 3261 515 3301 et
532 3250 593 3300 facti

73 3336 125 3377 tunt
142 3327 205 3377 meli
221 3335 249 3376 et
262 3323 367 3391 ingrati.
385 3324 486 3374 Deinde
500 3339 594 3373 eorum

72 3393 280 3463 ingratitudinem
292 3396 377 3462 magis
388 3395 516 3454 confutat,
529 3395 595 3445 dum

72 3466 247 3535 alienigenam,
260 3467 308 3533 qui
321 3466 442 3526 redierat,
461 3465 596 3516 laudando

72 3540 245 3602 commendam
268 3537 333 3604 quia
358 3537 431 3587 enim
457 3536 597 3587 humiliter

71 3620 122 3662 tute
140 3611 226 3663 Deum
245 3607 428 3659 infirmitatem
445 3623 521 3658 suam
540 3623 599 3674 cog-

70 3685 155 3745 novit,
190 3684 251 3734 ideo
286 3681 421 3732 Dominus
456 3682 598 3732 consolans

71 3769 136 3817 eum,
151 3755 188 3805 ait
201 3754 241 3806 illi
255 3771 262 3803 ι
276 3755 377 3818 Surge,
398 3752 499 3803 scilicet
513 3767 528 3802 a
542 3767 599 3818 pec-

68 3837 122 3879 cato
133 3828 162 3878 in
176 3842 232 3893 quo
246 3824 350 3891 iacuisti
364 3824 501 3884 cessando,
514 3829 541 3874 et
554 3838 598 3874 ra-

68 3899 99 3950 de
114 3900 149 3951 de
164 3898 265 3951 virtute
285 3897 314 3947 in
335 3895 471 3957 virtutem,
488 3895 516 3945 in
531 3910 599 3945 con-

1118 284 1166 336 153

633 401 757 452 versione
766 417 848 469 quam
858 402 982 468 incepisti
995 400 1168 467 proficiendo,
1193 422 1195 424 ’

634 472 697 538 quia
706 472 779 539 sides
793 478 849 534 tua,
867 488 920 539 qua
935 473 1099 523 intellectum
1112 474 1168 523 Deo

635 541 790 601 subdidisti,
814 548 837 591 te
860 543 964 593 salvum
983 543 1064 608 fecii,
1088 553 1114 593 et
1135 545 1168 593 ad

636 616 750 664 salutem
763 631 816 664 non
836 615 924 664 solum
940 615 1068 680 corporis,
1084 616 1130 666 sed
1144 625 1169 666 et

636 687 732 738 animae
752 687 870 750 reduxit3
896 687 954 752 ipsa
970 698 1010 738 est
1029 688 1103 738 enim
1119 687 1170 739 ini·

636 759 706 808 tium
722 757 929 822 justificationis,
944 768 971 808 et
984 759 1029 809 dat
1042 759 1169 810 fiduciam

636 829 710 894 regni
734 830 857 880 coelestis.
887 829 939 879 Ubi
964 830 1040 880 Beda
1067 848 1075 880 .·
1103 849 1116 876 a
1142 831 1170 881 Si

637 910 726 950 autem
738 899 813 966 fides
830 899 933 949 salvum
949 900 1020 965 fecii
1036 916 1099 950 eum
1119 901 1169 967 qui

637 986 666 1020 se
684 971 716 1020 ad
733 972 847 1036 agendas
868 971 995 1021 Salvatori
1012 972 1110 1037 gratias
1125 972 1171 1022 in·

638 1043 760 1108 clinavit;
777 1059 840 1109 ergo
860 1042 969 1109 perfidia
988 1044 1104 1110 perdidit
1124 1060 1171 1095 eos

638 1115 685 1181 qui
703 1115 736 1165 de
753 1115 866 1181 acceptis
885 1114 1020 1175 beneficiis
1038 1117 1093 1166 Deo
1109 1116 1170 1182 glo-

638 1186 705 1236 riam
722 1187 785 1236 dare
803 1189 1013 1253 neglexerunt.»

669 1257 788 1321 4er1ta
814 1272 861 1306 esr
885 1273 1020 1307 ruccnrun
1040 1274 1066 1307 ru
1090 1272 1171 1307 seusu

638 1345 756 1380 nrsrico.
780 1358 811 1367 -
840 1330 950 1395 Mystice
980 1346 1026 1396 per
1052 1331 1171 1395 lepram,

639 1417 699 1468 quae
718 1412 757 1453 est
775 1402 910 1468 corruptio
930 1404 1030 1467 carnis,
1050 1403 1173 1469 signatur

639 1483 774 1539 peccatum
800 1475 927 1534 mortale,
949 1475 1021 1540 quod
1048 1485 1088 1525 est
1110 1490 1172 1524 cor-

639 1545 730 1612 ruptio
753 1545 859 1596 animae.
886 1545 985 1606 Primo,
1006 1546 1070 1611 quia
1095 1563 1172 1597 com-

640 1618 759 1668 muniter
770 1618 798 1667 in
816 1620 888 1682 lepra
902 1633 955 1667 vox
971 1617 1083 1669 efficitur
1097 1619 1173 1669 inva-

639 1690 710 1752 lida3
743 1689 782 1739 sic
818 1690 846 1738 in
881 1699 1017 1754 peccatore
1048 1706 1099 1739 vox
1133 1700 1173 1740 est

639 1763 768 1824 invalida,
794 1763 893 1814 scimus
925 1764 988 1828 quia
1015 1769 1174 1828 peccatores

639 1836 714 1885 Deus
736 1848 787 1885 non
805 1835 891 1898 audit,
908 1845 933 1886 et
953 1851 1016 1885 cum
1039 1833 1175 1898 multipli-

640 1915 700 1955 cant
714 1905 863 1955 orationem
880 1921 934 1956 non
953 1905 1069 1956 exaudit.
1085 1933 1114 1941 -
1132 1904 1175 1953 Se-

641 1975 744 2035 cundo,
777 1975 841 2040 quia
871 1975 900 2025 in
929 1978 1034 2042 leproso
1064 1987 1174 2039 corpore

641 2047 725 2096 multa
734 2045 822 2096 ulcera
834 2047 946 2107 minuta,
958 2047 1025 2097 dura
1038 2055 1064 2096 et
1078 2054 1175 2095 rotun·

641 2119 675 2168 da
690 2127 824 2183 crescunt3
840 2118 879 2168 sic
896 2119 923 2168 in
938 2118 1016 2168 corde
1030 2114 1174 2182 peccatoris

641 2190 732 2240 multae
745 2189 966 2255 compunctiones
987 2197 1012 2238 et
1030 2187 1175 2238 anxietates

642 2261 809 2311 diversorum
824 2270 993 2325 peccatorum
1013 2269 1039 2309 et
1056 2259 1174 2309 circum-

642 2331 802 2382 stantiarum
831 2340 1016 2397 consurgunt,
1046 2328 1176 2378 minuunt

642 2417 747 2466 semper
779 2400 946 2450 affectionem
984 2399 1105 2449 hominis
1143 2397 1175 2447 ad
1239 2409 1242 2415 ·

641 2475 738 2533 Deum,
753 2482 779 2522 et
793 2472 908 2522 reddunt
923 2471 1062 2521 hominem
1077 2472 1176 2519 durum

642 2556 668 2596 et
691 2545 817 2597 rebellem
838 2545 893 2593 Deo
911 2553 937 2594 et
954 2544 1012 2608 ejus
1031 2540 1175 2603 mandatis,

642 2626 668 2666 et
691 2631 738 2680 per
759 2615 810 2664 hoc
833 2613 903 2663 liunt
930 2613 1008 2663 corda
1032 2611 1176 2662 hominum

642 2695 811 2752 peccatorum
826 2684 939 2735 rotunda
953 2693 979 2734 et
995 2683 1114 2743 ductilia,
1130 2681 1178 2732 sci-

643 2758 704 2807 licet
716 2756 748 2807 ad
763 2756 927 2807 voluntatem
942 2754 1051 2804 diaboli.
1066 2783 1096 2791 -
1108 2753 1177 2802 Ter-

642 2830 690 2892 tio,
703 2828 766 2895 quia
783 2842 876 2877 eorum
897 2825 1032 2876 anhelitus
1052 2839 1177 2875 corrum-

644 2898 717 2964 pitur
746 2907 772 2947 et
800 2897 856 2960 ejus
885 2894 977 2945 foetore
1009 2894 1109 2959 saepius
1132 2893 1178 2943 alii

645 2966 814 3028 inficiuntur;
832 2965 871 3014 sic
888 2964 1007 3030 operatio
1024 2975 1050 3014 et
1065 2978 1179 3013 conver-

644 3040 712 3090 satio
738 3037 884 3104 peccatoris
909 3036 945 3086 ita
970 3045 1011 3086 est
1038 3044 1178 3100 corrupta,

645 3110 717 3176 quod
741 3117 929 3160 conversantes
952 3105 1123 3156 infirmantur
1147 3119 1196 3179 ex¹

645 3182 743 3232 vitioso
763 3195 858 3230 eorum
872 3177 1004 3228 convictu.
1021 3176 1178 3235 -Quarto,

647 3253 711 3319 quia
738 3253 810 3316 lepra
838 3260 939 3316 quanto
966 3248 1113 3299 studiosius
1134 3259 1179 3294 re-

646 3323 781 3390 primitur,
802 3330 876 3371 tanto
893 3321 953 3386 plus
968 3319 1072 3384 turpior
1088 3324 1179 3381 postea

648 3396 758 3458 ebullit;
777 3395 816 3445 sic
843 3403 977 3460 peccatum
1000 3400 1098 3457 quanto
1120 3389 1180 3452 plus

648 3468 802 3528 occultatur,
822 3476 896 3516 tanto
917 3464 1014 3514 fortius
1034 3459 1136 3519 crescit,
1156 3469 1182 3508 et

650 3539 709 3588 ideo
730 3537 837 3602 turpius
857 3533 1002 3600 apparebit.
1027 3531 1076 3580 Per
1096 3529 1181 3578 dena-

649 3611 722 3660 rium
755 3623 817 3659 vero
851 3619 993 3656 numerum
1022 3599 1183 3653 universitas

651 3680 831 3747 significatur,
861 3676 965 3727 numeri
996 3688 1113 3740 namque
1137 3687 1182 3722 se-

651 3760 764 3817 quentes
791 3762 877 3813 usque
907 3746 940 3795 ad
974 3753 1081 3794 centum
1119 3753 1183 3792 sunt

651 3821 737 3888 ipsius
751 3829 776 3869 et
790 3819 904 3884 partium
919 3817 975 3880 ejus
989 3812 1183 3879 replicationes,

652 3902 678 3943 et
698 3891 737 3942 sic
757 3896 949 3954 consequenter
967 3901 1013 3951 per
1032 3885 1123 3935 decem
1141 3882 1182 3932 le-
