2632 4320
181 255 229 304 DE
245 253 458 314 QUAESTIONE
473 252 587 305 SUPER
603 250 762 303 TRIBUTO
777 252 977 316 SOLVENDO,
991 252 1068 303 ETC.
1127 251 1180 319 267

60 377 135 428 sunt,
151 367 200 434 qui
222 369 383 420 hominibus
403 369 431 418 in
453 366 595 434 praesentia

60 441 214 500 adulantur,
231 452 256 491 et
269 441 296 490 in
309 442 429 492 absentia
440 441 594 492 detrahunt.

63 511 88 562 Ο
100 525 185 575 quam
201 512 298 577 plenus
309 522 349 562 est
363 513 482 562 mundus
499 511 553 571 his,
569 519 595 560 et

62 582 118 632 illis
133 581 266 647 pestiferis
281 583 450 644 hominibus,
465 599 480 633 a
493 582 595 649 quibus

61 656 197 708 custodiat
211 672 274 706 suos
289 657 373 707 Deus!
392 658 479 716 Unde,
495 672 595 707 secun-

58 727 127 775 dum
141 727 333 792 Augustarum,
349 728 402 777 duo
421 739 485 778 sunt
499 740 595 792 genera

61 797 292 861 persequentium,
309 797 430 847 scilicet:
446 796 596 862 vituperan-

60 867 141 927 tium,
155 876 182 917 et
196 867 373 928 adulantium,
388 877 414 918 et
429 868 490 933 plus
505 883 595 934 perse·

60 937 155 1004 quitur
165 937 257 1003 lingua
271 938 426 999 adulatoris,
437 954 519 1004 quam
534 953 594 989 ma·

62 1025 115 1061 nus
127 1010 316 1061 interfectoris.

93 1097 108 1131 2
126 1082 255 1142 Quaestio
271 1098 303 1131 na
318 1098 433 1133 rnrauro
449 1098 593 1147 soeveuno,

61 1168 112 1202 ver.
122 1168 186 1201 non.
202 1153 280 1202 -Et
293 1152 404 1202 mellitis
417 1153 515 1207 verbis.
530 1168 593 1204 eum

61 1224 227 1288 interrogare
247 1224 377 1282 volentes,
399 1224 568 1290 subjungunt
586 1241 593 1273 ι

61 1293 114 1343 Dic
127 1306 196 1358 ergo
215 1292 300 1354 nobit,
316 1294 380 1359 qaid
397 1293 447 1343 tibi
461 1293 594 1344 videtur?

63 1366 134 1426 Quia
151 1367 215 1416 certi
229 1382 324 1416 sumus
335 1367 408 1432 quod
424 1382 477 1416 non
497 1367 594 1418 dimit-

61 1437 96 1487 tis
110 1446 221 1502 propter
236 1437 398 1501 majestatem
412 1437 534 1498 Caesaris,
553 1438 595 1488 vel

59 1507 190 1556 timorem
210 1516 256 1556 aut
274 1507 393 1557 favorem
411 1508 595 1574 cujuscunque

62 1577 193 1637 hominis,
212 1578 281 1644 quin
306 1578 455 1638 veritatem,
479 1588 506 1629 et
526 1579 595 1644 juste

58 1649 136 1716 quod
149 1664 244 1699 verum
259 1658 308 1709 est,
322 1649 450 1700 diffinias.
463 1652 497 1702 Et
510 1651 594 1702 inter-

60 1731 158 1788 rogant
169 1737 243 1781 eum,
257 1721 391 1772 dicentes:
405 1723 480 1773 Licet
488 1737 595 1774 censum

61 1791 171 1842 Caesari
185 1792 261 1852 dare,
276 1805 312 1841 aa
333 1790 406 1842 non?
427 1794 502 1843 Hanc
517 1809 595 1860 quae-

57 1864 186 1921 stionem,
202 1863 273 1929 apud
287 1863 395 1914 Judaeos
404 1874 500 1930 ortam,
511 1866 595 1918 Chri-

56 1943 101 1985 sto
124 1933 261 1984 malitiose
285 1945 491 2000 proposuerunt,
519 1948 549 1988 ut
570 1937 594 1988 si

59 2007 193 2057 tributum
217 2017 335 2073 negaret,
359 2017 386 2058 et
413 2009 512 2060 diceret
539 2026 594 2060 non

60 2087 129 2128 esset
152 2078 267 2138 licitum,
293 2079 397 2128 caderet
425 2079 453 2129 in
482 2096 594 2132 manum

61 2147 196 2207 Praesidis,
219 2157 246 2197 et
266 2148 356 2198 statim
376 2161 514 2214 caperetur
532 2161 594 2202 tan-

59 2233 141 2284 quam
156 2220 308 2270 contrarius
322 2221 475 2285 Imperatori
483 2238 491 2285 ;
507 2223 530 2272 si
544 2239 595 2274 au-

60 2298 114 2339 tem
128 2289 263 2340 tributum
278 2293 441 2351 concederet,
456 2303 482 2342 et
495 2293 594 2344 diceret

60 2377 118 2413 esse
131 2362 251 2424 licitum,
264 2366 367 2415 caderet
381 2365 410 2415 in
423 2381 535 2417 manum
548 2383 594 2434 po·

59 2433 126 2498 puli,
142 2444 274 2499 tanquam
287 2437 437 2486 contrarius
451 2452 545 2487 eorum
555 2439 593 2489 li-

59 2506 155 2558 bertati
186 2516 212 2565 et
237 2506 327 2557 divino
351 2508 449 2559 honori
472 2526 479 2558 :
506 2520 532 2560 et
553 2512 592 2562 sic

58 2588 146 2630 totum
159 2594 255 2630 eorum
268 2580 411 2631 artificium
435 2591 490 2632 erat
511 2583 594 2634 undi-

57 2667 111 2716 que
126 2651 230 2701 hebens
248 2653 438 2719 praecipitium.
461 2655 594 2707 Dicebant

57 2723 179 2789 quidam,
190 2723 255 2790 quia
269 2725 382 2776 Romani
397 2743 445 2792 pro
458 2728 593 2792 republica

58 2795 229 2858 militabant,
263 2813 308 2851 eos
343 2799 371 2848 in
400 2800 540 2851 securitate
567 2811 593 2852 et

57 2868 148 2934 quiete
165 2879 299 2931 tenentes,
319 2871 392 2938 quod
414 2872 510 2923 licebat
530 2873 593 2925 dare

58 2938 202 3000 tributum.
227 2941 278 2990 Sed
302 2957 317 2990 e
341 2951 433 2992 contra
463 2942 593 2994 Pharisaei

59 3009 234 3072 aserebant,
259 3011 333 3078 quod
365 3012 413 3077 qui
442 3013 593 3064 serviebant

58 3094 168 3129 summo
182 3081 248 3141 Deo,
275 3091 300 3131 et
323 3081 375 3131 sibi
396 3081 545 3135 oblationes
567 3092 594 3133 et

57 3152 175 3204 decimas
203 3155 362 3218 reddebant,
390 3156 457 3205 nulli
485 3155 592 3206 homini

57 3224 159 3276 tributa
179 3227 283 3278 solvere
305 3228 445 3278 debebant.
474 3229 524 3278 Sed
547 3244 593 3278 sa-

57 3293 168 3359 pientire
181 3295 246 3346 fons
259 3298 335 3348 dolos
350 3312 444 3347 eorum
457 3296 538 3363 fugit,
555 3298 593 3348 sic

56 3365 131 3417 enim
151 3367 301 3432 respondit,
317 3377 349 3418 ut
368 3368 424 3418 Deo
447 3377 473 3418 et
494 3368 592 3418 Caesari

52 3449 105 3487 sua
113 3437 174 3502 jura
183 3447 310 3488 servaret.

10 3524 12 3533 ·
86 3504 101 3556 3
124 3507 276 3558 Rasrorrsro
299 3509 410 3559 Cuarsrr
436 3524 524 3559 anana
547 3524 596 3559 sa-

53 3590 223 3629 rmium-
241 3580 318 3630 Unde
343 3579 463 3644 cognita,
493 3590 520 3630 et
542 3580 596 3630 de-

52 3646 205 3712 prehensa,
234 3648 366 3715 nequitia,
396 3660 422 3699 et
449 3650 596 3702 dolositate

53 3731 168 3780 ‚aarum
186 3719 257 3770 nihil
269 3719 344 3770 enim
357 3720 421 3771 latet
438 3721 534 3782 Deum,
549 3722 596 3788 qui

63 3800 199 3842 scrutantr
224 3805 304 3840 renes
327 3802 354 3841 et
381 3793 476 3852 corda,
506 3793 597 3845 laudes

57 3878 172 3928 psoium
197 3863 311 3930 respuit,
337 3873 365 3915 et
385 3864 453 3916 dure
477 3865 518 3916 eis
544 3881 590 3916 re-

649 366 793 432 spondens,
816 367 855 418 ait
877 385 884 417 ε
910 368 982 428 Quid
1001 369 1179 431 materiatio,

648 437 824 506 hypocritae?
849 438 932 498 Quasi
956 439 1055 489 diceret
1082 457 1088 488 :
1116 439 1178 490 Non

648 509 770 576 quaeritis
794 510 935 561 veritatem
961 513 1106 571 addiscere,
1131 511 1178 562 sed

648 595 693 632 me
713 581 802 632 verbis
821 597 922 648 capere,
947 592 973 633 et
997 591 1105 648 propter
1126 583 1178 632 hoc

647 665 694 702 eos
718 651 871 718 hypocritas
894 663 987 711 vocat,
1014 653 1079 718 quia
1106 653 1178 702 aliud

647 723 855 787 praetendebant,
870 733 896 772 et
906 723 979 772 aliud
996 723 1179 773 intendebant.

648 794 701 844 Ubi
723 794 933 862 Chrysorromus
956 811 965 845 ε
990 813 1004 841 a
1026 796 1180 861 Respondet

651 882 705 916 non
722 868 869 917 secundum
888 868 968 918 verba
984 884 1087 928 eorum,
1101 870 1180 919 blan-

647 938 689 997 de,
705 937 752 987 sed
766 938 916 987 secundum
936 939 1114 989 conscientias
1130 954 1179 989 eo-

648 1023 727 1068 rum,
758 1022 867 1072 aspere,
898 1008 996 1059 docens
1031 1024 1080 1058 nos
1112 1008 1179 1059 dure

647 1076 766 1128 refellere
791 1079 947 1141 adulantes;
980 1090 1005 1128 et
1031 1079 1179 1128 secundum

647 1151 783 1210 eumdem,
811 1151 939 1201 Pharisaei
963 1151 1178 1215 blandiebantur,

647 1233 677 1272 ut
690 1223 842 1288 perderent,
861 1224 937 1274 Jesus
957 1234 1045 1273 autern
1064 1222 1180 1272 conlun-

647 1297 735 1357 debat,
750 1307 780 1346 ut
795 1298 914 1358 salvaret,
939 1297 1003 1364 quia
1025 1297 1117 1347 utilior
1140 1306 1180 1348 est

648 1368 719 1417 Deus
741 1367 848 1417 homini
873 1367 966 1428 iratus,
992 1382 1074 1435 quam
1095 1367 1179 1416 homo

648 1437 792 1504 propitius.
810 1457 824 1485 n
841 1439 873 1488 Et
887 1439 1029 1504 subjungit
1041 1454 1047 1487 :
1061 1456 1076 1484 <r
1087 1438 1118 1488 ln
1128 1437 1180 1488 hoc

647 1521 737 1563 autern
746 1514 819 1579 quod
830 1513 955 1563 Christus
966 1513 1057 1562 laudes
1066 1512 1180 1578 respuit,

646 1585 692 1634 dat
711 1584 860 1649 intelligere
882 1585 956 1650 quod
983 1585 1075 1634 nullus
1101 1584 1179 1634 debet

646 1656 715 1705 velle
728 1654 839 1714 laudari,
852 1665 877 1705 et
894 1655 921 1704 in
935 1655 987 1704 hoc
998 1655 1070 1720 quod
1086 1655 1180 1705 adula-

647 1734 719 1776 tores
747 1739 811 1774 suos
833 1725 900 1774 dure
929 1723 1108 1789 reprehendit,
1127 1723 1179 1773 do-

647 1812 740 1847 cemur
765 1805 795 1845 ut
821 1797 989 1847 adulationes
1011 1796 1137 1846 vitemus.
1164 1813 1178 1842 n

649 1871 786 1921 Ostendite
802 1871 867 1921 mihi
880 1871 1011 1921 numisma
1029 1883 1133 1931 census,
1150 1868 1179 1918 id

647 1951 687 1992 est
706 1941 847 1991 denarium
868 1942 915 2007 qui
938 1957 986 2007 pro
1006 1956 1088 1991 censu
1101 1940 1179 1989 datur

646 2028 750 2076 annuo;
766 2023 792 2062 et
810 2023 866 2062 erat
880 2013 912 2062 de
925 2022 1045 2078 argento,
1061 2011 1177 2061 vocaba-

646 2094 744 2150 turque
763 2084 898 2144 denarius,
922 2085 987 2150 quia
1005 2083 1108 2134 valebat
1128 2081 1178 2130 de-

646 2169 704 2204 cem
725 2170 853 2204 nummos
878 2156 993 2214 usuales,
1016 2163 1043 2204 et
1064 2152 1179 2202 habebat

646 2224 793 2291 imaginem
817 2225 938 2286 Caesaris,
954 2237 980 2275 et
994 2239 1093 2274 nomen
1108 2223 1175 2288 ejus.
1220 2284 1227 2294 ·

648 2295 756 2361 Pr0prie
776 2305 866 2346 tamen
891 2295 1028 2347 numisma
1053 2304 1093 2345 est
1119 2295 1178 2359 ipsa

647 2369 788 2434 inscriptio
801 2369 938 2436 imaginis,
951 2379 976 2418 et
988 2383 1117 2418 nummus
1128 2377 1177 2428 est,

646 2439 688 2488 cui
704 2439 868 2490 inscribitur.
885 2440 918 2489 Et
934 2439 988 2488 illis
1005 2437 1178 2487 offerentibus

645 2513 669 2563 ei
684 2513 824 2562 denarium
840 2513 998 2570 censualem,
1016 2512 1055 2560 ait
1070 2525 1078 2557 :
1094 2509 1178 2574 Cujus

645 2589 685 2633 est
705 2583 762 2633 lraec
785 2582 885 2648 imago,
907 2592 1039 2647 quantum
1057 2579 1090 2629 ad
1106 2577 1178 2644 figu-

645 2670 723 2714 ram,
749 2660 775 2704 et
798 2654 958 2716 inscriptio,
985 2661 1118 2719 quantum
1144 2650 1177 2700 ad

646 2723 825 2790 scripturam?
845 2725 905 2773 Non
925 2725 958 2774 de
973 2721 1125 2790 ignorantia
1139 2721 1179 2771 in·

646 2805 772 2860 terrogat,
788 2796 834 2846 sed
847 2805 877 2844 ut
891 2803 1073 2859 competenter
1084 2793 1116 2842 ad
1130 2807 1179 2842 eo-

646 2881 708 2914 rum
726 2865 807 2915 verba
824 2864 992 2930 respondeat.
1008 2863 1101 2914 Voluit
1120 2863 1179 2912 Do-

647 2935 738 2985 minus
750 2934 840 2985 videre
856 2935 995 2984 materiam
1011 2933 1179 3000 quaestionis‚

646 3017 677 3058 ut
692 3023 742 3058 nos
762 3007 840 3057 tacite
860 3005 1018 3057 informaret
1040 3021 1074 3056 ne
1093 3005 1180 3056 simus

646 3078 795 3144 praecipites
809 3078 836 3127 in
850 3077 1049 3138 sententiando,
1065 3077 1113 3127 sed
1126 3091 1181 3125 ma·

646 3162 705 3201 ture
720 3151 900 3217 inquiramus,
915 3159 941 3200 et
953 3151 1029 3216 prius
1040 3149 1181 3200 examine·

646 3238 708 3273 mus
727 3233 872 3288 antequam
886 3222 1061 3272 diffiniamus.
1078 3221 1179 3271 Dicunt

647 3295 672 3345 ei
694 3313 702 3344 :
724 3295 855 3356 Caesaris,
873 3295 975 3344 scilicet
992 3293 1104 3351 Tiberii,
1120 3290 1179 3357 pri-

647 3366 721 3434 vigni
748 3367 862 3433 Augusti
892 3366 1018 3427 Caesaris,
1047 3364 1097 3414 sub
1123 3377 1179 3428 quo

647 3438 769 3503 Augusto
788 3448 866 3486 natus
885 3447 924 3486 est
941 3436 1084 3486 Dominus.
1103 3433 1180 3483 Tunc

648 3524 680 3558 ex
695 3508 843 3574 praemissis
859 3508 1000 3558 inferendo
1022 3504 1181 3572 quaestionis

648 3580 912 3640 determinationem,
926 3580 967 3629 ait
977 3578 1034 3629 illis
1045 3593 1054 3630 .·
1065 3577 1181 3627 Reddite

649 3667 717 3718 ergo
742 3667 802 3718 quoe
829 3658 891 3702 sunt
917 3651 1039 3702 Caesaris
1062 3648 1178 3710 Caesari,

650 3724 750 3774 scilicet
768 3723 899 3774 tributum
921 3733 947 3773 et
968 3722 1120 3788 pecuniam,
1133 3735 1181 3787 per

650 3811 733 3862 quam
742 3795 907 3847 confitemini
924 3811 970 3846 vos
984 3795 1023 3845 illi
1037 3794 1181 3859 subjectos,

651 3868 708 3930 ubi,
721 3868 875 3919 secundum
890 3867 1122 3934 Chrysostomum,
1139 3865 1184 3916 illa
