<?xml version="1.0" encoding="UTF-8"?>
<!DOCTYPE html PUBLIC "-//W3C//DTD XHTML 1.0 Transitional//EN"
    "http://www.w3.org/TR/xhtml1/DTD/xhtml1-transitional.dtd">
<html xmlns="http://www.w3.org/1999/xhtml" xml:lang="en" lang="en">
 <head>
  <title>
</title>
<meta http-equiv="Content-Type" content="text/html;charset=utf-8" />
  <meta name='ocr-system' content='tesseract 3.04.00' />
  <meta name='ocr-capabilities' content='ocr_page ocr_carea ocr_par ocr_line ocrx_word'/>
</head>
<body>
  <div class='ocr_page' id='page_1' title='image "./vitajesuchristi01rigogoog_0387.png"; bbox 0 0 2632 4320; ppageno 0'>
   <div class='ocr_carea' id='block_1_1' title="bbox 141 285 959 340">
    <p class='ocr_par' dir='ltr' id='par_1_1' title="bbox 141 285 959 340">
     <span class='ocr_line' id='line_1_1' title="bbox 141 285 959 340; baseline -0.005 0"><span class='ocrx_word' id='word_1_1' title='bbox 141 289 192 340; x_wconf 82' lang='lat'>380</span> <span class='ocrx_word' id='word_1_2' title='bbox 436 287 613 340; x_wconf 84' lang='lat' dir='ltr'><strong>SECUNDAE</strong></span> <span class='ocrx_word' id='word_1_3' title='bbox 631 285 755 336; x_wconf 81' lang='lat' dir='ltr'>PARTlS</span> <span class='ocrx_word' id='word_1_4' title='bbox 771 286 888 337; x_wconf 85' lang='lat' dir='ltr'><strong>CAPUT</strong></span> <span class='ocrx_word' id='word_1_5' title='bbox 905 287 959 337; x_wconf 83' lang='lat' dir='ltr'>Ltl.</span> 
     </span>
    </p>
   </div>
   <div class='ocr_carea' id='block_1_2' title="bbox 570 721 829 792">
    <p class='ocr_par' dir='ltr' id='par_1_2' title="bbox 570 721 829 792">
     <span class='ocr_line' id='line_1_2' title="bbox 570 721 829 792; baseline 0 -2"><span class='ocrx_word' id='word_1_6' title='bbox 570 721 737 792; x_wconf 86' lang='lat' dir='ltr'><strong>CAPUT</strong></span> <span class='ocrx_word' id='word_1_7' title='bbox 761 722 829 790; x_wconf 87' lang='lat' dir='ltr'>LII</span> 
     </span>
    </p>
   </div>
   <div class='ocr_carea' id='block_1_3' title="bbox 279 952 1127 1045">
    <p class='ocr_par' dir='ltr' id='par_1_3' title="bbox 279 952 1127 1045">
     <span class='ocr_line' id='line_1_3' title="bbox 279 952 1127 1045; baseline 0 -21"><span class='ocrx_word' id='word_1_8' title='bbox 279 957 355 1045; x_wconf 81' lang='lat' dir='ltr'>Qua</span> <span class='ocrx_word' id='word_1_9' title='bbox 377 955 435 1025; x_wconf 84' lang='lat' dir='ltr'>die</span> <span class='ocrx_word' id='word_1_10' title='bbox 458 967 492 1025; x_wconf 86' lang='lat' dir='ltr'>et</span> <span class='ocrx_word' id='word_1_11' title='bbox 515 979 580 1024; x_wconf 86' lang='lat' dir='ltr'>cur</span> <span class='ocrx_word' id='word_1_12' title='bbox 599 954 714 1024; x_wconf 83' lang='lat' dir='ltr'>Judas</span> <span class='ocrx_word' id='word_1_13' title='bbox 742 952 900 1024; x_wconf 80' lang='lat' dir='ltr'>vendidit</span> <span class='ocrx_word' id='word_1_14' title='bbox 925 953 1127 1024; x_wconf 83' lang='lat' dir='ltr'>Dominum.</span> 
     </span>
    </p>
   </div>
   <div class='ocr_carea' id='block_1_4' title="bbox 379 1164 1014 1262">
    <p class='ocr_par' dir='ltr' id='par_1_4' title="bbox 379 1164 1014 1262">
     <span class='ocr_line' id='line_1_4' title="bbox 379 1164 1014 1262; baseline -0.002 -20"><span class='ocrx_word' id='word_1_15' title='bbox 379 1164 522 1242; x_wconf 81' lang='lat' dir='ltr'>Matthaei</span> <span class='ocrx_word' id='word_1_16' title='bbox 538 1201 605 1262; x_wconf 90' lang='lat' dir='ltr'>cap.</span> <span class='ocrx_word' id='word_1_17' title='bbox 632 1182 672 1242; x_wconf 84' lang='lat'>26</span> <span class='ocrx_word' id='word_1_18' title='bbox 695 1191 726 1241; x_wconf 90' lang='lat' dir='ltr'>et</span> <span class='ocrx_word' id='word_1_19' title='bbox 749 1179 843 1241; x_wconf 85' lang='lat' dir='ltr'>Lucae</span> <span class='ocrx_word' id='word_1_20' title='bbox 864 1200 932 1262; x_wconf 89' lang='lat' dir='ltr'>cap.</span> <span class='ocrx_word' id='word_1_21' title='bbox 963 1200 1014 1242; x_wconf 84' lang='lat'>22.</span> 
     </span>
    </p>
   </div>
   <div class='ocr_carea' id='block_1_5' title="bbox 180 1415 693 1487">
    <p class='ocr_par' dir='ltr' id='par_1_5' title="bbox 180 1415 693 1487">
     <span class='ocr_line' id='line_1_5' title="bbox 180 1415 693 1487; baseline 0.002 -9"><span class='ocrx_word' id='word_1_22' title='bbox 180 1444 188 1478; x_wconf 93' lang='lat'>1</span> <span class='ocrx_word' id='word_1_23' title='bbox 212 1428 360 1487; x_wconf 75' lang='lat' dir='ltr'>Conantur</span> <span class='ocrx_word' id='word_1_24' title='bbox 384 1428 533 1477; x_wconf 78' lang='lat' dir='ltr'>Juuraonunt</span> <span class='ocrx_word' id='word_1_25' title='bbox 561 1444 594 1477; x_wconf 80' lang='lat' dir='ltr'>uc</span> <span class='ocrx_word' id='word_1_26' title='bbox 613 1415 693 1479; x_wconf 53' lang='lat' dir='ltr'>Je&#39;su‘</span> 
     </span>
    </p>
   </div>
   <div class='ocr_carea' id='block_1_6' title="bbox 131 1501 686 3975">
    <p class='ocr_par' dir='ltr' id='par_1_6' title="bbox 131 1501 686 3975">
     <span class='ocr_line' id='line_1_6' title="bbox 150 1501 676 1564; baseline 0.004 -15"><span class='ocrx_word' id='word_1_27' title='bbox 150 1515 271 1549; x_wconf 80' lang='lat' dir='ltr'>rruauno</span> <span class='ocrx_word' id='word_1_28' title='bbox 297 1515 330 1549; x_wconf 84' lang='lat' dir='ltr'>ar</span> <span class='ocrx_word' id='word_1_29' title='bbox 359 1515 514 1551; x_wconf 79' lang='lat' dir='ltr'>normanno.</span> <span class='ocrx_word' id='word_1_30' title='bbox 536 1529 567 1537; x_wconf 93' lang='lat'><em>-</em></span> <span class='ocrx_word' id='word_1_31' title='bbox 591 1501 676 1564; x_wconf 85' lang='lat' dir='ltr'>Tunc,</span> 
     </span>
     <span class='ocr_line' id='line_1_7' title="bbox 146 1569 678 1638; baseline 0.004 -18"><span class='ocrx_word' id='word_1_32' title='bbox 146 1569 246 1620; x_wconf 88' lang='lat' dir='ltr'>scilicet</span> <span class='ocrx_word' id='word_1_33' title='bbox 264 1580 358 1636; x_wconf 89' lang='lat' dir='ltr'>quarta</span> <span class='ocrx_word' id='word_1_34' title='bbox 371 1569 437 1621; x_wconf 89' lang='lat' dir='ltr'>feria</span> <span class='ocrx_word' id='word_1_35' title='bbox 451 1571 583 1636; x_wconf 85' lang='lat' dir='ltr'><strong>sequenti,</strong></span> <span class='ocrx_word' id='word_1_36' title='bbox 598 1573 678 1638; x_wconf 84' lang='lat' dir='ltr'>prin-</span> 
     </span>
     <span class='ocr_line' id='line_1_8' title="bbox 146 1639 680 1707; baseline 0.004 -17"><span class='ocrx_word' id='word_1_37' title='bbox 146 1639 220 1704; x_wconf 83' lang='lat' dir='ltr'><em>cipes</em></span> <span class='ocrx_word' id='word_1_38' title='bbox 234 1641 410 1704; x_wconf 84' lang='lat' dir='ltr'><em>sacerdotum,</em></span> <span class='ocrx_word' id='word_1_39' title='bbox 427 1641 474 1707; x_wconf 94' lang='lat' dir='ltr'>qui</span> <span class='ocrx_word' id='word_1_40' title='bbox 487 1641 627 1691; x_wconf 82' lang='lat' dir='ltr'>audierant</span> <span class='ocrx_word' id='word_1_41' title='bbox 640 1643 680 1693; x_wconf 87' lang='lat' dir='ltr'>le-</span> 
     </span>
     <span class='ocr_line' id='line_1_9' title="bbox 145 1710 680 1763; baseline 0.007 -5"><span class='ocrx_word' id='word_1_42' title='bbox 145 1724 206 1759; x_wconf 91' lang='lat' dir='ltr'>sum</span> <span class='ocrx_word' id='word_1_43' title='bbox 235 1710 334 1761; x_wconf 82' lang='lat' dir='ltr'>dixisse</span> <span class='ocrx_word' id='word_1_44' title='bbox 358 1728 365 1761; x_wconf 72' lang='grc' dir='ltr'>ε</span> <span class='ocrx_word' id='word_1_45' title='bbox 393 1713 457 1763; x_wconf 90' lang='lat' dir='ltr'>Non</span> <span class='ocrx_word' id='word_1_46' title='bbox 490 1726 530 1762; x_wconf 90' lang='lat' dir='ltr'>me</span> <span class='ocrx_word' id='word_1_47' title='bbox 555 1711 680 1762; x_wconf 85' lang='lat' dir='ltr'>videbitis</span> 
     </span>
     <span class='ocr_line' id='line_1_10' title="bbox 145 1781 681 1844; baseline 0.004 -13"><span class='ocrx_word' id='word_1_48' title='bbox 145 1781 251 1843; x_wconf 84' lang='lat' dir='ltr'>amodo,</span> <span class='ocrx_word' id='word_1_49' title='bbox 282 1782 401 1833; x_wconf 87' lang='lat' dir='ltr'>videntes</span> <span class='ocrx_word' id='word_1_50' title='bbox 428 1798 490 1832; x_wconf 88' lang='lat' dir='ltr'>eum</span> <span class='ocrx_word' id='word_1_51' title='bbox 519 1782 626 1844; x_wconf 90' lang='lat' dir='ltr'>abiisse,</span> <span class='ocrx_word' id='word_1_52' title='bbox 655 1792 681 1832; x_wconf 91' lang='lat' dir='ltr'>et</span> 
     </span>
     <span class='ocr_line' id='line_1_11' title="bbox 147 1854 680 1922; baseline 0.006 -20"><span class='ocrx_word' id='word_1_53' title='bbox 147 1864 271 1918; x_wconf 89' lang='lat' dir='ltr'>putantes</span> <span class='ocrx_word' id='word_1_54' title='bbox 288 1854 379 1919; x_wconf 91' lang='lat' dir='ltr'>ipsum</span> <span class='ocrx_word' id='word_1_55' title='bbox 392 1856 460 1905; x_wconf 90' lang='lat' dir='ltr'>velle</span> <span class='ocrx_word' id='word_1_56' title='bbox 472 1855 505 1906; x_wconf 94' lang='lat' dir='ltr'>ab</span> <span class='ocrx_word' id='word_1_57' title='bbox 520 1855 560 1906; x_wconf 89' lang='lat' dir='ltr'>eis</span> <span class='ocrx_word' id='word_1_58' title='bbox 579 1855 680 1922; x_wconf 83' lang='lat' dir='ltr'>fugere,</span> 
     </span>
     <span class='ocr_line' id='line_1_12' title="bbox 147 1925 682 1992; baseline 0.006 -19"><span class='ocrx_word' id='word_1_59' title='bbox 147 1925 309 1990; x_wconf 83' lang='lat' dir='ltr'>congregati</span> <span class='ocrx_word' id='word_1_60' title='bbox 323 1931 385 1975; x_wconf 84' lang='lat' dir='ltr'>sunt</span> <span class='ocrx_word' id='word_1_61' title='bbox 398 1939 456 1976; x_wconf 84' lang='lat' dir='ltr'>cnm</span> <span class='ocrx_word' id='word_1_62' title='bbox 471 1926 620 1976; x_wconf 87' lang='lat' dir='ltr'>senioribus</span> <span class='ocrx_word' id='word_1_63' title='bbox 632 1940 682 1992; x_wconf 85' lang='lat' dir='ltr'>po-</span> 
     </span>
     <span class='ocr_line' id='line_1_13' title="bbox 145 1995 678 2061; baseline 0 -17"><span class='ocrx_word' id='word_1_64' title='bbox 145 1995 212 2060; x_wconf 85' lang='lat' dir='ltr'>puli,</span> <span class='ocrx_word' id='word_1_65' title='bbox 243 1996 289 2061; x_wconf 92' lang='lat' dir='ltr'>qui</span> <span class='ocrx_word' id='word_1_66' title='bbox 310 2007 385 2047; x_wconf 91' lang='lat' dir='ltr'>erant</span> <span class='ocrx_word' id='word_1_67' title='bbox 408 1997 510 2061; x_wconf 87' lang='lat' dir='ltr'>judices</span> <span class='ocrx_word' id='word_1_68' title='bbox 535 1997 678 2057; x_wconf 88' lang='lat' dir='ltr'>ordinarii,</span> 
     </span>
     <span class='ocr_line' id='line_1_14' title="bbox 149 2067 681 2134; baseline 0.008 -19"><span class='ocrx_word' id='word_1_69' title='bbox 149 2067 175 2116; x_wconf 89' lang='lat' dir='ltr'>in</span> <span class='ocrx_word' id='word_1_70' title='bbox 190 2067 289 2116; x_wconf 84' lang='lat' dir='ltr'>atrium</span> <span class='ocrx_word' id='word_1_71' title='bbox 308 2069 429 2133; x_wconf 72' lang='lat' dir='ltr'>Caiphae,</span> <span class='ocrx_word' id='word_1_72' title='bbox 444 2075 470 2119; x_wconf 91' lang='lat' dir='ltr'>et</span> <span class='ocrx_word' id='word_1_73' title='bbox 484 2069 623 2119; x_wconf 86' lang='lat' dir='ltr'>concilium</span> <span class='ocrx_word' id='word_1_74' title='bbox 632 2070 681 2134; x_wconf 87' lang='lat' dir='ltr'>se-</span> 
     </span>
     <span class='ocr_line' id='line_1_15' title="bbox 150 2138 684 2200; baseline 0.002 -14"><span class='ocrx_word' id='word_1_75' title='bbox 150 2143 243 2186; x_wconf 77' lang='lat' dir='ltr'>carunt</span> <span class='ocrx_word' id='word_1_76' title='bbox 275 2143 305 2187; x_wconf 85' lang='lat' dir='ltr'>ut</span> <span class='ocrx_word' id='word_1_77' title='bbox 329 2151 387 2187; x_wconf 87' lang='lat' dir='ltr'>eum</span> <span class='ocrx_word' id='word_1_78' title='bbox 412 2138 473 2189; x_wconf 85' lang='lat' dir='ltr'>dolo</span> <span class='ocrx_word' id='word_1_79' title='bbox 506 2144 631 2200; x_wconf 86' lang='lat' dir='ltr'>tenerent,</span> <span class='ocrx_word' id='word_1_80' title='bbox 658 2144 684 2188; x_wconf 84' lang='lat' dir='ltr'>et</span> 
     </span>
     <span class='ocr_line' id='line_1_16' title="bbox 151 2206 683 2272; baseline 0.004 -17"><span class='ocrx_word' id='word_1_81' title='bbox 151 2206 314 2269; x_wconf 84' lang='lat' dir='ltr'>occiderent;</span> <span class='ocrx_word' id='word_1_82' title='bbox 350 2207 413 2272; x_wconf 88' lang='lat' dir='ltr'>quia</span> <span class='ocrx_word' id='word_1_83' title='bbox 452 2208 555 2257; x_wconf 90' lang='lat' dir='ltr'>nullam</span> <span class='ocrx_word' id='word_1_84' title='bbox 587 2208 683 2257; x_wconf 92' lang='lat' dir='ltr'>mortis</span> 
     </span>
     <span class='ocr_line' id='line_1_17' title="bbox 150 2277 682 2344; baseline 0.006 -19"><span class='ocrx_word' id='word_1_85' title='bbox 150 2291 257 2326; x_wconf 89' lang='lat' dir='ltr'>causam</span> <span class='ocrx_word' id='word_1_86' title='bbox 286 2277 314 2326; x_wconf 92' lang='lat' dir='ltr'>in</span> <span class='ocrx_word' id='word_1_87' title='bbox 338 2292 369 2327; x_wconf 95' lang='lat' dir='ltr'>eo</span> <span class='ocrx_word' id='word_1_88' title='bbox 397 2277 519 2328; x_wconf 88' lang='lat' dir='ltr'>invenire</span> <span class='ocrx_word' id='word_1_89' title='bbox 543 2287 682 2344; x_wconf 87' lang='lat' dir='ltr'>poterant,</span> 
     </span>
     <span class='ocr_line' id='line_1_18' title="bbox 151 2349 683 2416; baseline 0.008 -18"><span class='ocrx_word' id='word_1_90' title='bbox 151 2349 203 2398; x_wconf 92' lang='lat' dir='ltr'>nisi</span> <span class='ocrx_word' id='word_1_91' title='bbox 215 2358 274 2400; x_wconf 86' lang='lat' dir='ltr'>eam</span> <span class='ocrx_word' id='word_1_92' title='bbox 294 2351 386 2400; x_wconf 90' lang='lat' dir='ltr'>dolose</span> <span class='ocrx_word' id='word_1_93' title='bbox 401 2351 589 2416; x_wconf 88' lang='lat' dir='ltr'>confingerent.</span> <span class='ocrx_word' id='word_1_94' title='bbox 607 2353 683 2402; x_wconf 86' lang='lat' dir='ltr'>Prius</span> 
     </span>
     <span class='ocr_line' id='line_1_19' title="bbox 149 2420 683 2488; baseline 0 -16"><span class='ocrx_word' id='word_1_95' title='bbox 149 2420 260 2488; x_wconf 88' lang='lat' dir='ltr'>quidem</span> <span class='ocrx_word' id='word_1_96' title='bbox 274 2422 513 2473; x_wconf 84' lang='lat' dir='ltr'>determinaverant</span> <span class='ocrx_word' id='word_1_97' title='bbox 530 2423 621 2488; x_wconf 91' lang='lat' dir='ltr'>ipsum</span> <span class='ocrx_word' id='word_1_98' title='bbox 639 2423 683 2473; x_wconf 91' lang='lat' dir='ltr'>in-</span> 
     </span>
     <span class='ocr_line' id='line_1_20' title="bbox 131 2491 683 2565; baseline 0.002 -23"><span class='ocrx_word' id='word_1_99' title='bbox 131 2491 277 2565; x_wconf 77' lang='lat' dir='ltr'>¹teriicere,</span> <span class='ocrx_word' id='word_1_100' title='bbox 301 2503 327 2544; x_wconf 89' lang='lat' dir='ltr'>et</span> <span class='ocrx_word' id='word_1_101' title='bbox 350 2494 562 2544; x_wconf 85' lang='lat' dir='ltr'>deliberaverant</span> <span class='ocrx_word' id='word_1_102' title='bbox 582 2495 615 2545; x_wconf 93' lang='lat' dir='ltr'>de</span> <span class='ocrx_word' id='word_1_103' title='bbox 642 2494 683 2543; x_wconf 89' lang='lat' dir='ltr'>f-</span> 
     </span>
     <span class='ocr_line' id='line_1_21' title="bbox 149 2564 683 2630; baseline -0.002 -16"><span class='ocrx_word' id='word_1_104' title='bbox 149 2573 207 2628; x_wconf 85' lang='lat' dir='ltr'>cto;</span> <span class='ocrx_word' id='word_1_105' title='bbox 223 2565 269 2614; x_wconf 88' lang='lat' dir='ltr'>sed</span> <span class='ocrx_word' id='word_1_106' title='bbox 284 2580 356 2614; x_wconf 92' lang='lat' dir='ltr'>nunc</span> <span class='ocrx_word' id='word_1_107' title='bbox 371 2564 526 2630; x_wconf 72' lang='lat' dir='ltr'>quaerebant</span> <span class='ocrx_word' id='word_1_108' title='bbox 540 2565 683 2615; x_wconf 89' lang='lat' dir='ltr'>consilium</span> 
     </span>
     <span class='ocr_line' id='line_1_22' title="bbox 150 2635 684 2702; baseline 0.004 -18"><span class='ocrx_word' id='word_1_109' title='bbox 150 2635 183 2684; x_wconf 89' lang='lat' dir='ltr'>de</span> <span class='ocrx_word' id='word_1_110' title='bbox 202 2635 317 2685; x_wconf 89' lang='lat' dir='ltr'>faciendi</span> <span class='ocrx_word' id='word_1_111' title='bbox 338 2635 426 2695; x_wconf 92' lang='lat' dir='ltr'>modo,</span> <span class='ocrx_word' id='word_1_112' title='bbox 442 2645 468 2685; x_wconf 90' lang='lat' dir='ltr'>et</span> <span class='ocrx_word' id='word_1_113' title='bbox 482 2636 597 2701; x_wconf 87' lang='lat' dir='ltr'>qualiter</span> <span class='ocrx_word' id='word_1_114' title='bbox 620 2652 684 2702; x_wconf 92' lang='lat' dir='ltr'>pos-</span> 
     </span>
     <span class='ocr_line' id='line_1_23' title="bbox 151 2706 682 2774; baseline 0.002 -17"><span class='ocrx_word' id='word_1_115' title='bbox 151 2716 210 2758; x_wconf 86' lang='lat' dir='ltr'>sent</span> <span class='ocrx_word' id='word_1_116' title='bbox 234 2706 320 2758; x_wconf 88' lang='lat' dir='ltr'>facere</span> <span class='ocrx_word' id='word_1_117' title='bbox 344 2708 454 2766; x_wconf 88' lang='lat' dir='ltr'>occulte,</span> <span class='ocrx_word' id='word_1_118' title='bbox 471 2719 496 2756; x_wconf 90' lang='lat' dir='ltr'>et</span> <span class='ocrx_word' id='word_1_119' title='bbox 512 2708 571 2759; x_wconf 89' lang='lat' dir='ltr'>sine</span> <span class='ocrx_word' id='word_1_120' title='bbox 588 2709 682 2774; x_wconf 90' lang='lat' dir='ltr'>populi</span> 
     </span>
     <span class='ocr_line' id='line_1_24' title="bbox 150 2777 683 2843; baseline 0.006 -17"><span class='ocrx_word' id='word_1_121' title='bbox 150 2777 292 2827; x_wconf 90' lang='lat' dir='ltr'>seditione.</span> <span class='ocrx_word' id='word_1_122' title='bbox 313 2777 366 2837; x_wconf 91' lang='lat' dir='ltr'>Qui</span> <span class='ocrx_word' id='word_1_123' title='bbox 384 2793 412 2827; x_wconf 91' lang='lat' dir='ltr'>se</span> <span class='ocrx_word' id='word_1_124' title='bbox 427 2777 576 2828; x_wconf 87' lang='lat' dir='ltr'>debuerant</span> <span class='ocrx_word' id='word_1_125' title='bbox 591 2793 683 2843; x_wconf 91' lang='lat' dir='ltr'>parare</span> 
     </span>
     <span class='ocr_line' id='line_1_25' title="bbox 148 2848 680 2915; baseline 0.002 -16"><span class='ocrx_word' id='word_1_126' title='bbox 148 2848 181 2899; x_wconf 91' lang='lat' dir='ltr'>ad</span> <span class='ocrx_word' id='word_1_127' title='bbox 196 2849 347 2912; x_wconf 86' lang='lat' dir='ltr'>paschalem</span> <span class='ocrx_word' id='word_1_128' title='bbox 366 2864 476 2915; x_wconf 90' lang='lat' dir='ltr'>agnum,</span> <span class='ocrx_word' id='word_1_129' title='bbox 492 2859 519 2898; x_wconf 91' lang='lat' dir='ltr'>et</span> <span class='ocrx_word' id='word_1_130' title='bbox 531 2851 680 2900; x_wconf 90' lang='lat' dir='ltr'>secundum</span> 
     </span>
     <span class='ocr_line' id='line_1_26' title="bbox 150 2920 683 2989; baseline 0.004 -19"><span class='ocrx_word' id='word_1_131' title='bbox 150 2921 234 2970; x_wconf 88' lang='lat' dir='ltr'>ritum</span> <span class='ocrx_word' id='word_1_132' title='bbox 254 2921 334 2986; x_wconf 85' lang='lat' dir='ltr'>Legis</span> <span class='ocrx_word' id='word_1_133' title='bbox 349 2920 494 2987; x_wconf 89' lang='lat' dir='ltr'>purificari,</span> <span class='ocrx_word' id='word_1_134' title='bbox 512 2932 542 2972; x_wconf 91' lang='lat' dir='ltr'>ut</span> <span class='ocrx_word' id='word_1_135' title='bbox 556 2938 603 2972; x_wconf 91' lang='lat' dir='ltr'>esu</span> <span class='ocrx_word' id='word_1_136' title='bbox 623 2924 683 2989; x_wconf 90' lang='lat' dir='ltr'>agni</span> 
     </span>
     <span class='ocr_line' id='line_1_27' title="bbox 151 2989 683 3058; baseline 0.006 -19"><span class='ocrx_word' id='word_1_137' title='bbox 151 2990 227 3055; x_wconf 88' lang='lat' dir='ltr'>digni</span> <span class='ocrx_word' id='word_1_138' title='bbox 242 2989 344 3050; x_wconf 87' lang='lat' dir='ltr'>fierent,</span> <span class='ocrx_word' id='word_1_139' title='bbox 356 3003 448 3042; x_wconf 90' lang='lat' dir='ltr'>contra</span> <span class='ocrx_word' id='word_1_140' title='bbox 467 3008 561 3043; x_wconf 89' lang='lat' dir='ltr'>verum</span> <span class='ocrx_word' id='word_1_141' title='bbox 575 2994 683 3058; x_wconf 82' lang='lat' dir='ltr'>Agnum</span> 
     </span>
     <span class='ocr_line' id='line_1_28' title="bbox 152 3061 684 3129; baseline 0.004 -17"><span class='ocrx_word' id='word_1_142' title='bbox 152 3061 238 3127; x_wconf 86' lang='lat' dir='ltr'>magis</span> <span class='ocrx_word' id='word_1_143' title='bbox 262 3072 287 3111; x_wconf 90' lang='lat' dir='ltr'>et</span> <span class='ocrx_word' id='word_1_144' title='bbox 303 3063 394 3127; x_wconf 87' lang='lat' dir='ltr'>potius</span> <span class='ocrx_word' id='word_1_145' title='bbox 411 3078 440 3113; x_wconf 89' lang='lat' dir='ltr'>se</span> <span class='ocrx_word' id='word_1_146' title='bbox 457 3073 571 3129; x_wconf 87' lang='lat' dir='ltr'>armant,</span> <span class='ocrx_word' id='word_1_147' title='bbox 594 3074 619 3114; x_wconf 92' lang='lat' dir='ltr'>et</span> <span class='ocrx_word' id='word_1_148' title='bbox 634 3065 684 3114; x_wconf 93' lang='lat' dir='ltr'>hoc</span> 
     </span>
     <span class='ocr_line' id='line_1_29' title="bbox 151 3134 683 3195; baseline 0.004 -10"><span class='ocrx_word' id='word_1_149' title='bbox 151 3134 253 3185; x_wconf 88' lang='lat' dir='ltr'>faciunt</span> <span class='ocrx_word' id='word_1_150' title='bbox 269 3149 301 3184; x_wconf 84' lang='lat' dir='ltr'>ex</span> <span class='ocrx_word' id='word_1_151' title='bbox 315 3134 376 3184; x_wconf 92' lang='lat' dir='ltr'>dolo</span> <span class='ocrx_word' id='word_1_152' title='bbox 392 3146 417 3186; x_wconf 88' lang='lat' dir='ltr'>et</span> <span class='ocrx_word' id='word_1_153' title='bbox 433 3137 558 3195; x_wconf 85' lang='lat' dir='ltr'>consilio,</span> <span class='ocrx_word' id='word_1_154' title='bbox 577 3137 683 3187; x_wconf 90' lang='lat' dir='ltr'>timen-</span> 
     </span>
     <span class='ocr_line' id='line_1_30' title="bbox 152 3203 683 3271; baseline 0 -15"><span class='ocrx_word' id='word_1_155' title='bbox 152 3215 191 3256; x_wconf 92' lang='lat' dir='ltr'>tes</span> <span class='ocrx_word' id='word_1_156' title='bbox 206 3220 238 3254; x_wconf 95' lang='lat' dir='ltr'>ne</span> <span class='ocrx_word' id='word_1_157' title='bbox 256 3204 295 3254; x_wconf 92' lang='lat' dir='ltr'>eis</span> <span class='ocrx_word' id='word_1_158' title='bbox 317 3203 452 3255; x_wconf 86' lang='lat' dir='ltr'>auferatur</span> <span class='ocrx_word' id='word_1_159' title='bbox 466 3206 558 3271; x_wconf 91' lang='lat' dir='ltr'>populi</span> <span class='ocrx_word' id='word_1_160' title='bbox 573 3207 683 3258; x_wconf 80' lang='lat' dir='ltr'>auxilio.</span> 
     </span>
     <span class='ocr_line' id='line_1_31' title="bbox 153 3274 683 3334; baseline -0.002 -7"><span class='ocrx_word' id='word_1_161' title='bbox 153 3275 240 3334; x_wconf 90' lang='lat' dir='ltr'>Unde,</span> <span class='ocrx_word' id='word_1_162' title='bbox 250 3274 343 3329; x_wconf 84' lang='lat' dir='ltr'>dicunt</span> <span class='ocrx_word' id='word_1_163' title='bbox 358 3274 452 3325; x_wconf 85' lang='lat' dir='ltr'>habito</span> <span class='ocrx_word' id='word_1_164' title='bbox 468 3276 581 3327; x_wconf 91' lang='lat' dir='ltr'>concilio</span> <span class='ocrx_word' id='word_1_165' title='bbox 599 3278 683 3328; x_wconf 85' lang='lat' dir='ltr'>:Non</span> 
     </span>
     <span class='ocr_line' id='line_1_32' title="bbox 153 3343 684 3411; baseline 0.002 -17"><span class='ocrx_word' id='word_1_166' title='bbox 153 3345 180 3396; x_wconf 84' lang='lat' dir='ltr'>in</span> <span class='ocrx_word' id='word_1_167' title='bbox 196 3344 330 3409; x_wconf 82' lang='lat' dir='ltr'>diesesto,</span> <span class='ocrx_word' id='word_1_168' title='bbox 352 3343 452 3394; x_wconf 92' lang='lat' dir='ltr'>scilicet</span> <span class='ocrx_word' id='word_1_169' title='bbox 471 3360 638 3411; x_wconf 85' lang='lat' dir='ltr'>azymorum,</span> <span class='ocrx_word' id='word_1_170' title='bbox 656 3346 684 3395; x_wconf 91' lang='lat' dir='ltr'>id</span> 
     </span>
     <span class='ocr_line' id='line_1_33' title="bbox 153 3415 685 3480; baseline -0.002 -14"><span class='ocrx_word' id='word_1_171' title='bbox 153 3425 193 3466; x_wconf 89' lang='lat' dir='ltr'>est</span> <span class='ocrx_word' id='word_1_172' title='bbox 213 3415 242 3464; x_wconf 89' lang='lat' dir='ltr'>in</span> <span class='ocrx_word' id='word_1_173' title='bbox 263 3415 432 3465; x_wconf 85' lang='lat' dir='ltr'>solemnitate</span> <span class='ocrx_word' id='word_1_174' title='bbox 456 3416 573 3480; x_wconf 89' lang='lat' dir='ltr'>paschali</span> <span class='ocrx_word' id='word_1_175' title='bbox 589 3416 685 3465; x_wconf 91' lang='lat' dir='ltr'>immi-</span> 
     </span>
     <span class='ocr_line' id='line_1_34' title="bbox 154 3485 685 3550; baseline -0.002 -14"><span class='ocrx_word' id='word_1_176' title='bbox 154 3485 226 3536; x_wconf 88' lang='lat' dir='ltr'>nenti</span> <span class='ocrx_word' id='word_1_177' title='bbox 241 3486 274 3536; x_wconf 94' lang='lat' dir='ltr'>de</span> <span class='ocrx_word' id='word_1_178' title='bbox 287 3485 419 3550; x_wconf 88' lang='lat' dir='ltr'>proximo,</span> <span class='ocrx_word' id='word_1_179' title='bbox 435 3485 530 3550; x_wconf 90' lang='lat' dir='ltr'>supple</span> <span class='ocrx_word' id='word_1_180' title='bbox 541 3486 685 3550; x_wconf 89' lang='lat' dir='ltr'>capiendus</span> 
     </span>
     <span class='ocr_line' id='line_1_35' title="bbox 153 3555 684 3622; baseline -0.002 -15"><span class='ocrx_word' id='word_1_181' title='bbox 153 3567 193 3608; x_wconf 90' lang='lat' dir='ltr'>est</span> <span class='ocrx_word' id='word_1_182' title='bbox 203 3558 234 3607; x_wconf 92' lang='lat' dir='ltr'>ad</span> <span class='ocrx_word' id='word_1_183' title='bbox 253 3556 439 3618; x_wconf 88' lang='lat' dir='ltr'>occidendum;</span> <span class='ocrx_word' id='word_1_184' title='bbox 455 3555 528 3622; x_wconf 94' lang='lat' dir='ltr'>quod</span> <span class='ocrx_word' id='word_1_185' title='bbox 541 3571 597 3605; x_wconf 93' lang='lat' dir='ltr'>non</span> <span class='ocrx_word' id='word_1_186' title='bbox 610 3556 684 3606; x_wconf 93' lang='lat' dir='ltr'>dice-</span> 
     </span>
     <span class='ocr_line' id='line_1_36' title="bbox 154 3628 684 3696; baseline -0.002 -16"><span class='ocrx_word' id='word_1_187' title='bbox 154 3631 219 3680; x_wconf 91' lang='lat' dir='ltr'>bant</span> <span class='ocrx_word' id='word_1_188' title='bbox 239 3642 347 3696; x_wconf 91' lang='lat' dir='ltr'>propter</span> <span class='ocrx_word' id='word_1_189' title='bbox 359 3629 535 3680; x_wconf 90' lang='lat' dir='ltr'>reverentiam</span> <span class='ocrx_word' id='word_1_190' title='bbox 553 3628 625 3689; x_wconf 87' lang='lat' dir='ltr'>festi,</span> <span class='ocrx_word' id='word_1_191' title='bbox 638 3630 684 3679; x_wconf 89' lang='lat' dir='ltr'>sed</span> 
     </span>
     <span class='ocr_line' id='line_1_37' title="bbox 154 3699 684 3767; baseline 0.002 -18"><span class='ocrx_word' id='word_1_192' title='bbox 154 3715 186 3751; x_wconf 88' lang='lat' dir='ltr'>ne</span> <span class='ocrx_word' id='word_1_193' title='bbox 193 3703 270 3767; x_wconf 88' lang='lat' dir='ltr'>sorte</span> <span class='ocrx_word' id='word_1_194' title='bbox 291 3701 420 3752; x_wconf 85' lang='lat' dir='ltr'>tumultus</span> <span class='ocrx_word' id='word_1_195' title='bbox 427 3701 510 3766; x_wconf 84' lang='lat' dir='ltr'>fieret</span> <span class='ocrx_word' id='word_1_196' title='bbox 526 3700 552 3750; x_wconf 86' lang='lat' dir='ltr'>in</span> <span class='ocrx_word' id='word_1_197' title='bbox 573 3699 684 3764; x_wconf 84' lang='lat' dir='ltr'>populo,</span> 
     </span>
     <span class='ocr_line' id='line_1_38' title="bbox 154 3771 685 3838; baseline -0.002 -17"><span class='ocrx_word' id='word_1_198' title='bbox 154 3783 261 3838; x_wconf 92' lang='lat' dir='ltr'>propter</span> <span class='ocrx_word' id='word_1_199' title='bbox 272 3773 376 3835; x_wconf 85' lang='lat' dir='ltr'>diversa</span> <span class='ocrx_word' id='word_1_200' title='bbox 388 3772 476 3822; x_wconf 89' lang='lat' dir='ltr'>studia</span> <span class='ocrx_word' id='word_1_201' title='bbox 496 3771 582 3836; x_wconf 86' lang='lat' dir='ltr'>ipsius</span> <span class='ocrx_word' id='word_1_202' title='bbox 596 3786 685 3836; x_wconf 87' lang='lat' dir='ltr'>popu-</span> 
     </span>
     <span class='ocr_line' id='line_1_39' title="bbox 153 3842 686 3910; baseline -0.004 -17"><span class='ocrx_word' id='word_1_203' title='bbox 153 3844 183 3901; x_wconf 83' lang='lat' dir='ltr'>li,</span> <span class='ocrx_word' id='word_1_204' title='bbox 203 3845 304 3895; x_wconf 90' lang='lat' dir='ltr'>scilicet</span> <span class='ocrx_word' id='word_1_205' title='bbox 329 3844 467 3910; x_wconf 88' lang='lat' dir='ltr'>diligentis</span> <span class='ocrx_word' id='word_1_206' title='bbox 491 3842 634 3893; x_wconf 89' lang='lat' dir='ltr'>Christum</span> <span class='ocrx_word' id='word_1_207' title='bbox 660 3851 686 3892; x_wconf 88' lang='lat' dir='ltr'>et</span> 
     </span>
     <span class='ocr_line' id='line_1_40' title="bbox 154 3913 685 3975; baseline -0.004 -11"><span class='ocrx_word' id='word_1_208' title='bbox 154 3914 280 3975; x_wconf 85' lang='lat' dir='ltr'>odientis,</span> <span class='ocrx_word' id='word_1_209' title='bbox 299 3915 431 3966; x_wconf 89' lang='lat' dir='ltr'>credentis</span> <span class='ocrx_word' id='word_1_210' title='bbox 451 3924 477 3964; x_wconf 89' lang='lat' dir='ltr'>et</span> <span class='ocrx_word' id='word_1_211' title='bbox 501 3930 555 3964; x_wconf 92' lang='lat' dir='ltr'>non</span> <span class='ocrx_word' id='word_1_212' title='bbox 573 3913 685 3964; x_wconf 90' lang='lat' dir='ltr'>creden-</span> 
     </span>
    </p>
   </div>
   <div class='ocr_carea' id='block_1_7' title="bbox 735 1424 1273 3977">
    <p class='ocr_par' dir='ltr' id='par_1_7' title="bbox 735 1424 1273 3977">
     <span class='ocr_line' id='line_1_41' title="bbox 735 1424 1269 1491; baseline -0.004 -15"><span class='ocrx_word' id='word_1_213' title='bbox 735 1427 778 1476; x_wconf 94' lang='lat' dir='ltr'>tis.</span> <span class='ocrx_word' id='word_1_214' title='bbox 794 1426 871 1476; x_wconf 90' lang='lat' dir='ltr'>Multi</span> <span class='ocrx_word' id='word_1_215' title='bbox 890 1426 961 1476; x_wconf 91' lang='lat' dir='ltr'>enim</span> <span class='ocrx_word' id='word_1_216' title='bbox 984 1436 1094 1491; x_wconf 89' lang='lat' dir='ltr'>propter</span> <span class='ocrx_word' id='word_1_217' title='bbox 1111 1424 1269 1475; x_wconf 87' lang='lat' dir='ltr'>solemnita-</span> 
     </span>
     <span class='ocr_line' id='line_1_42' title="bbox 735 1494 1270 1553; baseline -0.004 -7"><span class='ocrx_word' id='word_1_218' title='bbox 735 1506 789 1546; x_wconf 91' lang='lat' dir='ltr'>tem</span> <span class='ocrx_word' id='word_1_219' title='bbox 805 1496 911 1546; x_wconf 83' lang='lat' dir='ltr'>Paschae</span> <span class='ocrx_word' id='word_1_220' title='bbox 925 1506 1053 1546; x_wconf 91' lang='lat' dir='ltr'>venerant</span> <span class='ocrx_word' id='word_1_221' title='bbox 1068 1495 1096 1544; x_wconf 93' lang='lat' dir='ltr'>in</span> <span class='ocrx_word' id='word_1_222' title='bbox 1111 1494 1270 1553; x_wconf 84' lang='lat' dir='ltr'>Jerusalem,</span> 
     </span>
     <span class='ocr_line' id='line_1_43' title="bbox 736 1565 1268 1634; baseline -0.002 -17"><span class='ocrx_word' id='word_1_223' title='bbox 736 1578 761 1617; x_wconf 89' lang='lat' dir='ltr'>et</span> <span class='ocrx_word' id='word_1_224' title='bbox 785 1567 849 1633; x_wconf 87' lang='lat' dir='ltr'>quia</span> <span class='ocrx_word' id='word_1_225' title='bbox 873 1565 956 1634; x_wconf 89' lang='lat' dir='ltr'>aliqui</span> <span class='ocrx_word' id='word_1_226' title='bbox 989 1568 1151 1632; x_wconf 88' lang='lat' dir='ltr'>reputabant</span> <span class='ocrx_word' id='word_1_227' title='bbox 1179 1567 1268 1617; x_wconf 90' lang='lat' dir='ltr'>Jesum</span> 
     </span>
     <span class='ocr_line' id='line_1_44' title="bbox 735 1637 1268 1698; baseline -0.004 -10"><span class='ocrx_word' id='word_1_228' title='bbox 735 1654 793 1688; x_wconf 91' lang='lat' dir='ltr'>esse</span> <span class='ocrx_word' id='word_1_229' title='bbox 807 1653 901 1688; x_wconf 90' lang='lat' dir='ltr'>verum</span> <span class='ocrx_word' id='word_1_230' title='bbox 914 1637 1065 1698; x_wconf 87' lang='lat' dir='ltr'>Christum,</span> <span class='ocrx_word' id='word_1_231' title='bbox 1086 1637 1220 1687; x_wconf 86' lang='lat' dir='ltr'>timebant</span> <span class='ocrx_word' id='word_1_232' title='bbox 1235 1637 1268 1696; x_wconf 93' lang='lat' dir='ltr'>si,</span> 
     </span>
     <span class='ocr_line' id='line_1_45' title="bbox 736 1707 1272 1774; baseline -0.002 -16"><span class='ocrx_word' id='word_1_233' title='bbox 736 1710 848 1758; x_wconf 84' lang='lat' dir='ltr'>durante</span> <span class='ocrx_word' id='word_1_234' title='bbox 870 1709 1041 1759; x_wconf 89' lang='lat' dir='ltr'>solemnitate</span> <span class='ocrx_word' id='word_1_235' title='bbox 1075 1707 1215 1774; x_wconf 90' lang='lat' dir='ltr'>paschali,</span> <span class='ocrx_word' id='word_1_236' title='bbox 1244 1707 1272 1757; x_wconf 91' lang='lat' dir='ltr'>in</span> 
     </span>
     <span class='ocr_line' id='line_1_46' title="bbox 736 1779 1272 1845; baseline 0 -17"><span class='ocrx_word' id='word_1_237' title='bbox 736 1794 798 1828; x_wconf 92' lang='lat' dir='ltr'>eum</span> <span class='ocrx_word' id='word_1_238' title='bbox 815 1794 912 1829; x_wconf 88' lang='lat' dir='ltr'>manus</span> <span class='ocrx_word' id='word_1_239' title='bbox 927 1779 1072 1838; x_wconf 89' lang='lat' dir='ltr'>mitterent,</span> <span class='ocrx_word' id='word_1_240' title='bbox 1093 1793 1129 1828; x_wconf 90' lang='lat' dir='ltr'>ne</span> <span class='ocrx_word' id='word_1_241' title='bbox 1156 1780 1272 1845; x_wconf 90' lang='lat' dir='ltr'>populus</span> 
     </span>
     <span class='ocr_line' id='line_1_47' title="bbox 737 1851 1271 1918; baseline -0.002 -16"><span class='ocrx_word' id='word_1_242' title='bbox 737 1852 784 1918; x_wconf 92' lang='lat' dir='ltr'>qui</span> <span class='ocrx_word' id='word_1_243' title='bbox 803 1867 865 1902; x_wconf 91' lang='lat' dir='ltr'>eum</span> <span class='ocrx_word' id='word_1_244' title='bbox 882 1851 1009 1918; x_wconf 87' lang='lat' dir='ltr'>diligebat</span> <span class='ocrx_word' id='word_1_245' title='bbox 1025 1851 1080 1901; x_wconf 94' lang='lat' dir='ltr'>illis</span> <span class='ocrx_word' id='word_1_246' title='bbox 1095 1863 1271 1918; x_wconf 84' lang='lat' dir='ltr'>consurgens,</span> 
     </span>
     <span class='ocr_line' id='line_1_48' title="bbox 739 1921 1272 1988; baseline -0.006 -14"><span class='ocrx_word' id='word_1_247' title='bbox 739 1924 907 1974; x_wconf 90' lang='lat' dir='ltr'>innocentem</span> <span class='ocrx_word' id='word_1_248' title='bbox 929 1922 1100 1986; x_wconf 81' lang='lat' dir='ltr'>defenderet3</span> <span class='ocrx_word' id='word_1_249' title='bbox 1118 1921 1198 1972; x_wconf 85' lang='lat' dir='ltr'>etsie</span> <span class='ocrx_word' id='word_1_250' title='bbox 1218 1923 1272 1988; x_wconf 87' lang='lat' dir='ltr'>ipse</span> 
     </span>
     <span class='ocr_line' id='line_1_49' title="bbox 739 1992 1271 2044; baseline -0.004 -1"><span class='ocrx_word' id='word_1_251' title='bbox 739 2009 835 2043; x_wconf 89' lang='lat' dir='ltr'>manus</span> <span class='ocrx_word' id='word_1_252' title='bbox 858 2009 951 2044; x_wconf 88' lang='lat' dir='ltr'>eorum</span> <span class='ocrx_word' id='word_1_253' title='bbox 973 1993 1107 2044; x_wconf 83' lang='lat' dir='ltr'>evaderet.</span> <span class='ocrx_word' id='word_1_254' title='bbox 1127 1992 1271 2043; x_wconf 88' lang='lat' dir='ltr'>Timebant</span> 
     </span>
     <span class='ocr_line' id='line_1_50' title="bbox 738 2063 1272 2130; baseline -0.004 -17"><span class='ocrx_word' id='word_1_255' title='bbox 738 2064 849 2130; x_wconf 87' lang='lat' dir='ltr'>quidem</span> <span class='ocrx_word' id='word_1_256' title='bbox 865 2065 980 2130; x_wconf 87' lang='lat' dir='ltr'>plebem,</span> <span class='ocrx_word' id='word_1_257' title='bbox 995 2079 1051 2112; x_wconf 93' lang='lat' dir='ltr'>non</span> <span class='ocrx_word' id='word_1_258' title='bbox 1067 2063 1188 2114; x_wconf 91' lang='lat' dir='ltr'>vitantes</span> <span class='ocrx_word' id='word_1_259' title='bbox 1204 2078 1272 2114; x_wconf 84' lang='lat' dir='ltr'>scan-</span> 
     </span>
     <span class='ocr_line' id='line_1_51' title="bbox 739 2133 1271 2200; baseline -0.002 -16"><span class='ocrx_word' id='word_1_260' title='bbox 739 2135 839 2195; x_wconf 86' lang='lat' dir='ltr'>dalum,</span> <span class='ocrx_word' id='word_1_261' title='bbox 861 2135 907 2184; x_wconf 91' lang='lat' dir='ltr'>sed</span> <span class='ocrx_word' id='word_1_262' title='bbox 929 2134 1080 2200; x_wconf 81' lang='lat' dir='ltr'>impetum3</span> <span class='ocrx_word' id='word_1_263' title='bbox 1097 2149 1147 2184; x_wconf 90' lang='lat' dir='ltr'>nec</span> <span class='ocrx_word' id='word_1_264' title='bbox 1161 2133 1271 2185; x_wconf 91' lang='lat' dir='ltr'>seditio-</span> 
     </span>
     <span class='ocr_line' id='line_1_52' title="bbox 740 2208 1271 2268; baseline -0.006 -10"><span class='ocrx_word' id='word_1_265' title='bbox 740 2225 802 2259; x_wconf 87' lang='lat' dir='ltr'>nem</span> <span class='ocrx_word' id='word_1_266' title='bbox 817 2218 975 2268; x_wconf 89' lang='lat' dir='ltr'>metuentes,</span> <span class='ocrx_word' id='word_1_267' title='bbox 993 2208 1039 2257; x_wconf 88' lang='lat' dir='ltr'>sed</span> <span class='ocrx_word' id='word_1_268' title='bbox 1054 2223 1087 2258; x_wconf 91' lang='lat' dir='ltr'>ne</span> <span class='ocrx_word' id='word_1_269' title='bbox 1103 2209 1137 2257; x_wconf 89' lang='lat' dir='ltr'>de</span> <span class='ocrx_word' id='word_1_270' title='bbox 1151 2208 1208 2258; x_wconf 92' lang='lat' dir='ltr'>suis</span> <span class='ocrx_word' id='word_1_271' title='bbox 1222 2222 1271 2256; x_wconf 91' lang='lat' dir='ltr'>ma-</span> 
     </span>
     <span class='ocr_line' id='line_1_53' title="bbox 740 2282 1270 2347; baseline -0.006 -16"><span class='ocrx_word' id='word_1_272' title='bbox 740 2282 819 2331; x_wconf 87' lang='lat' dir='ltr'>nibus</span> <span class='ocrx_word' id='word_1_273' title='bbox 839 2283 978 2331; x_wconf 87' lang='lat' dir='ltr'>tolleretur</span> <span class='ocrx_word' id='word_1_274' title='bbox 999 2290 1143 2344; x_wconf 89' lang='lat' dir='ltr'>caventes,</span> <span class='ocrx_word' id='word_1_275' title='bbox 1167 2290 1270 2347; x_wconf 88' lang='lat' dir='ltr'>propter</span> 
     </span>
     <span class='ocr_line' id='line_1_54' title="bbox 739 2352 1270 2419; baseline -0.006 -16"><span class='ocrx_word' id='word_1_276' title='bbox 739 2355 812 2419; x_wconf 95' lang='lat' dir='ltr'>quod</span> <span class='ocrx_word' id='word_1_277' title='bbox 840 2352 1014 2403; x_wconf 91' lang='lat' dir='ltr'>consulebant</span> <span class='ocrx_word' id='word_1_278' title='bbox 1045 2363 1164 2404; x_wconf 90' lang='lat' dir='ltr'>mortem</span> <span class='ocrx_word' id='word_1_279' title='bbox 1198 2366 1270 2402; x_wconf 86' lang='lat' dir='ltr'>suam</span> 
     </span>
     <span class='ocr_line' id='line_1_55' title="bbox 740 2423 1271 2490; baseline -0.006 -15"><span class='ocrx_word' id='word_1_280' title='bbox 740 2425 840 2475; x_wconf 87' lang='lat' dir='ltr'>differri</span> <span class='ocrx_word' id='word_1_281' title='bbox 861 2440 947 2490; x_wconf 91' lang='lat' dir='ltr'>usque</span> <span class='ocrx_word' id='word_1_282' title='bbox 970 2433 1030 2490; x_wconf 92' lang='lat' dir='ltr'>post</span> <span class='ocrx_word' id='word_1_283' title='bbox 1051 2423 1163 2476; x_wconf 89' lang='lat' dir='ltr'>festum.</span> <span class='ocrx_word' id='word_1_284' title='bbox 1185 2425 1271 2474; x_wconf 85' lang='lat' dir='ltr'>Postea</span> 
     </span>
     <span class='ocr_line' id='line_1_56' title="bbox 740 2496 1270 2554; baseline -0.006 -6"><span class='ocrx_word' id='word_1_285' title='bbox 740 2498 833 2548; x_wconf 85' lang='lat' dir='ltr'>tamen</span> <span class='ocrx_word' id='word_1_286' title='bbox 843 2506 1013 2548; x_wconf 89' lang='lat' dir='ltr'>mutaverunt</span> <span class='ocrx_word' id='word_1_287' title='bbox 1031 2496 1104 2546; x_wconf 88' lang='lat' dir='ltr'>istud</span> <span class='ocrx_word' id='word_1_288' title='bbox 1119 2496 1270 2554; x_wconf 89' lang='lat' dir='ltr'>consilium,</span> 
     </span>
     <span class='ocr_line' id='line_1_57' title="bbox 741 2569 1270 2636; baseline -0.006 -16"><span class='ocrx_word' id='word_1_289' title='bbox 741 2570 805 2636; x_wconf 92' lang='lat' dir='ltr'>quia</span> <span class='ocrx_word' id='word_1_290' title='bbox 846 2570 1006 2620; x_wconf 91' lang='lat' dir='ltr'>invenerunt</span> <span class='ocrx_word' id='word_1_291' title='bbox 1043 2569 1270 2635; x_wconf 89' lang='lat' dir='ltr'>opportunitatem</span> 
     </span>
     <span class='ocr_line' id='line_1_58' title="bbox 740 2640 1270 2708; baseline -0.008 -14"><span class='ocrx_word' id='word_1_292' title='bbox 740 2641 863 2708; x_wconf 89' lang='lat' dir='ltr'>capiendi</span> <span class='ocrx_word' id='word_1_293' title='bbox 879 2657 941 2692; x_wconf 90' lang='lat' dir='ltr'>eum</span> <span class='ocrx_word' id='word_1_294' title='bbox 957 2651 1057 2691; x_wconf 89' lang='lat' dir='ltr'>secrete</span> <span class='ocrx_word' id='word_1_295' title='bbox 1084 2657 1132 2707; x_wconf 89' lang='lat' dir='ltr'>per</span> <span class='ocrx_word' id='word_1_296' title='bbox 1153 2640 1270 2707; x_wconf 89' lang='lat' dir='ltr'>discipu-</span> 
     </span>
     <span class='ocr_line' id='line_1_59' title="bbox 740 2710 1270 2777; baseline -0.006 -15"><span class='ocrx_word' id='word_1_297' title='bbox 740 2713 807 2762; x_wconf 90' lang='lat' dir='ltr'>lum.</span> <span class='ocrx_word' id='word_1_298' title='bbox 833 2711 946 2762; x_wconf 81' lang='lat' dir='ltr'>Attende</span> <span class='ocrx_word' id='word_1_299' title='bbox 966 2710 1033 2774; x_wconf 86' lang='lat' dir='ltr'>hic,</span> <span class='ocrx_word' id='word_1_300' title='bbox 1067 2711 1136 2777; x_wconf 91' lang='lat' dir='ltr'>quia</span> <span class='ocrx_word' id='word_1_301' title='bbox 1160 2711 1270 2776; x_wconf 83' lang='lat' dir='ltr'>majores</span> 
     </span>
     <span class='ocr_line' id='line_1_60' title="bbox 741 2781 1272 2849; baseline -0.004 -18"><span class='ocrx_word' id='word_1_302' title='bbox 741 2781 920 2849; x_wconf 86' lang='lat' dir='ltr'>principaliter</span> <span class='ocrx_word' id='word_1_303' title='bbox 940 2781 1098 2847; x_wconf 85' lang='lat' dir='ltr'>quaerebant</span> <span class='ocrx_word' id='word_1_304' title='bbox 1111 2781 1203 2831; x_wconf 82' lang='lat' dir='ltr'>lesum</span> <span class='ocrx_word' id='word_1_305' title='bbox 1219 2795 1272 2846; x_wconf 89' lang='lat' dir='ltr'>per-</span> 
     </span>
     <span class='ocr_line' id='line_1_61' title="bbox 741 2851 1270 2918; baseline -0.006 -15"><span class='ocrx_word' id='word_1_306' title='bbox 741 2854 814 2914; x_wconf 83' lang='lat' dir='ltr'>dere3</span> <span class='ocrx_word' id='word_1_307' title='bbox 831 2866 848 2901; x_wconf 90' lang='lat' dir='ltr'>a</span> <span class='ocrx_word' id='word_1_308' title='bbox 864 2851 1031 2918; x_wconf 89' lang='lat' dir='ltr'>principibus</span> <span class='ocrx_word' id='word_1_309' title='bbox 1043 2851 1119 2901; x_wconf 90' lang='lat' dir='ltr'>enim</span> <span class='ocrx_word' id='word_1_310' title='bbox 1140 2860 1167 2902; x_wconf 94' lang='lat' dir='ltr'>et</span> <span class='ocrx_word' id='word_1_311' title='bbox 1184 2851 1270 2901; x_wconf 84' lang='lat' dir='ltr'>senio·</span> 
     </span>
     <span class='ocr_line' id='line_1_62' title="bbox 741 2920 1271 2989; baseline -0.008 -15"><span class='ocrx_word' id='word_1_312' title='bbox 741 2924 816 2974; x_wconf 80' lang='lat' dir='ltr'>ribus</span> <span class='ocrx_word' id='word_1_313' title='bbox 845 2936 958 2988; x_wconf 81' lang='lat' dir='ltr'>egressa</span> <span class='ocrx_word' id='word_1_314' title='bbox 996 2927 1038 2972; x_wconf 85' lang='lat' dir='ltr'>est</span> <span class='ocrx_word' id='word_1_315' title='bbox 1072 2922 1204 2989; x_wconf 83' lang='lat' dir='ltr'>iniquitas</span> <span class='ocrx_word' id='word_1_316' title='bbox 1242 2920 1271 2970; x_wconf 84' lang='lat' dir='ltr'>de</span> 
     </span>
     <span class='ocr_line' id='line_1_63' title="bbox 741 2992 1270 3061; baseline -0.006 -17"><span class='ocrx_word' id='word_1_317' title='bbox 741 2994 892 3061; x_wconf 79' lang='lat' dir='ltr'>Babylone.</span> <span class='ocrx_word' id='word_1_318' title='bbox 906 2993 950 3043; x_wconf 87' lang='lat' dir='ltr'>Sic</span> <span class='ocrx_word' id='word_1_319' title='bbox 962 3003 988 3042; x_wconf 93' lang='lat' dir='ltr'>et</span> <span class='ocrx_word' id='word_1_320' title='bbox 1000 2992 1082 3042; x_wconf 92' lang='lat' dir='ltr'>hodie</span> <span class='ocrx_word' id='word_1_321' title='bbox 1094 2994 1210 3057; x_wconf 86' lang='lat' dir='ltr'>majores</span> <span class='ocrx_word' id='word_1_322' title='bbox 1222 3005 1270 3056; x_wconf 86' lang='lat' dir='ltr'>prae</span> 
     </span>
     <span class='ocr_line' id='line_1_64' title="bbox 741 3062 1270 3128; baseline -0.008 -14"><span class='ocrx_word' id='word_1_323' title='bbox 741 3063 835 3114; x_wconf 86' lang='lat' dir='ltr'>ceteris</span> <span class='ocrx_word' id='word_1_324' title='bbox 845 3072 937 3113; x_wconf 92' lang='lat' dir='ltr'>contra</span> <span class='ocrx_word' id='word_1_325' title='bbox 946 3078 1008 3112; x_wconf 89' lang='lat' dir='ltr'>eum</span> <span class='ocrx_word' id='word_1_326' title='bbox 1023 3062 1180 3128; x_wconf 89' lang='lat' dir='ltr'>insurgunt,</span> <span class='ocrx_word' id='word_1_327' title='bbox 1191 3071 1217 3113; x_wconf 92' lang='lat' dir='ltr'>et</span> <span class='ocrx_word' id='word_1_328' title='bbox 1224 3075 1270 3111; x_wconf 87' lang='lat' dir='ltr'>rna·</span> 
     </span>
     <span class='ocr_line' id='line_1_65' title="bbox 741 3132 1268 3199; baseline -0.009 -15"><span class='ocrx_word' id='word_1_329' title='bbox 741 3135 796 3199; x_wconf 89' lang='lat' dir='ltr'>jora</span> <span class='ocrx_word' id='word_1_330' title='bbox 819 3134 939 3183; x_wconf 89' lang='lat' dir='ltr'>scandala</span> <span class='ocrx_word' id='word_1_331' title='bbox 955 3147 1038 3199; x_wconf 87' lang='lat' dir='ltr'>quarn</span> <span class='ocrx_word' id='word_1_332' title='bbox 1065 3133 1146 3183; x_wconf 85' lang='lat' dir='ltr'>ceteri</span> <span class='ocrx_word' id='word_1_333' title='bbox 1162 3132 1268 3182; x_wconf 89' lang='lat' dir='ltr'>faciunt.</span> 
     </span>
     <span class='ocr_line' id='line_1_66' title="bbox 743 3204 1267 3258; baseline 0 -1"><span class='ocrx_word' id='word_1_334' title='bbox 743 3206 818 3258; x_wconf 91' lang='lat' dir='ltr'>Unde</span> <span class='ocrx_word' id='word_1_335' title='bbox 832 3204 992 3255; x_wconf 74' lang='lat' dir='ltr'>Bernartius</span> <span class='ocrx_word' id='word_1_336' title='bbox 1008 3222 1043 3255; x_wconf 73' lang='lat' dir='ltr'>r«</span> <span class='ocrx_word' id='word_1_337' title='bbox 1059 3204 1083 3254; x_wconf 95' lang='lat' dir='ltr'>O</span> <span class='ocrx_word' id='word_1_338' title='bbox 1099 3204 1172 3254; x_wconf 92' lang='lat' dir='ltr'>bone</span> <span class='ocrx_word' id='word_1_339' title='bbox 1196 3204 1267 3257; x_wconf 78' lang='lat' dir='ltr'>lesu,</span> 
     </span>
     <span class='ocr_line' id='line_1_67' title="bbox 742 3273 1269 3324; baseline -0.004 0"><span class='ocrx_word' id='word_1_340' title='bbox 742 3283 815 3324; x_wconf 90' lang='lat' dir='ltr'>totus</span> <span class='ocrx_word' id='word_1_341' title='bbox 843 3274 962 3323; x_wconf 89' lang='lat' dir='ltr'>mundus</span> <span class='ocrx_word' id='word_1_342' title='bbox 990 3273 1097 3323; x_wconf 88' lang='lat' dir='ltr'>videtur</span> <span class='ocrx_word' id='word_1_343' title='bbox 1126 3283 1220 3323; x_wconf 86' lang='lat' dir='ltr'>contra</span> <span class='ocrx_word' id='word_1_344' title='bbox 1248 3282 1269 3322; x_wconf 89' lang='lat' dir='ltr'>te</span> 
     </span>
     <span class='ocr_line' id='line_1_68' title="bbox 741 3342 1267 3410; baseline -0.006 -16"><span class='ocrx_word' id='word_1_345' title='bbox 741 3345 907 3410; x_wconf 85' lang='lat' dir='ltr'>conjurasse;</span> <span class='ocrx_word' id='word_1_346' title='bbox 928 3353 953 3392; x_wconf 93' lang='lat' dir='ltr'>et</span> <span class='ocrx_word' id='word_1_347' title='bbox 982 3343 1011 3392; x_wconf 95' lang='lat' dir='ltr'>hi</span> <span class='ocrx_word' id='word_1_348' title='bbox 1029 3342 1058 3392; x_wconf 93' lang='lat' dir='ltr'>in</span> <span class='ocrx_word' id='word_1_349' title='bbox 1084 3342 1267 3409; x_wconf 88' lang='lat' dir='ltr'>persecutione</span> 
     </span>
     <span class='ocr_line' id='line_1_69' title="bbox 741 3412 1270 3480; baseline -0.004 -16"><span class='ocrx_word' id='word_1_350' title='bbox 741 3423 787 3464; x_wconf 90' lang='lat' dir='ltr'>tua</span> <span class='ocrx_word' id='word_1_351' title='bbox 803 3413 883 3479; x_wconf 91' lang='lat' dir='ltr'>primi</span> <span class='ocrx_word' id='word_1_352' title='bbox 898 3423 962 3462; x_wconf 91' lang='lat' dir='ltr'>sunt</span> <span class='ocrx_word' id='word_1_353' title='bbox 980 3413 1026 3478; x_wconf 92' lang='lat' dir='ltr'>qui</span> <span class='ocrx_word' id='word_1_354' title='bbox 1042 3412 1169 3463; x_wconf 90' lang='lat' dir='ltr'>videntur</span> <span class='ocrx_word' id='word_1_355' title='bbox 1187 3427 1270 3480; x_wconf 88' lang='lat' dir='ltr'>regere</span> 
     </span>
     <span class='ocr_line' id='line_1_70' title="bbox 741 3485 1239 3553; baseline -0.01 -16"><span class='ocrx_word' id='word_1_356' title='bbox 741 3488 881 3553; x_wconf 86' lang='lat' dir='ltr'>populum,</span> <span class='ocrx_word' id='word_1_357' title='bbox 893 3486 1007 3551; x_wconf 88' lang='lat' dir='ltr'>dirigere</span> <span class='ocrx_word' id='word_1_358' title='bbox 1019 3485 1239 3552; x_wconf 75' lang='lat' dir='ltr'>principatum.»</span> 
     </span>
     <span class='ocr_line' id='line_1_71' title="bbox 773 3557 1271 3615; baseline -0.008 -9"><span class='ocrx_word' id='word_1_359' title='bbox 773 3558 922 3606; x_wconf 78' lang='lat' dir='ltr'>asnrnnns</span> <span class='ocrx_word' id='word_1_360' title='bbox 943 3571 1041 3604; x_wconf 76' lang='lat' dir='ltr'>rurant</span> <span class='ocrx_word' id='word_1_361' title='bbox 1065 3571 1092 3604; x_wconf 81' lang='lat' dir='ltr'>tn</span> <span class='ocrx_word' id='word_1_362' title='bbox 1116 3557 1217 3615; x_wconf 73' lang='lat' dir='ltr'>Juonu,</span> <span class='ocrx_word' id='word_1_363' title='bbox 1231 3567 1271 3613; x_wconf 84' lang='lat' dir='ltr'>Qut</span> 
     </span>
     <span class='ocr_line' id='line_1_72' title="bbox 740 3627 1272 3678; baseline -0.006 -1"><span class='ocrx_word' id='word_1_364' title='bbox 740 3643 866 3678; x_wconf 76' lang='lat' dir='ltr'>rarorum</span> <span class='ocrx_word' id='word_1_365' title='bbox 877 3642 1022 3677; x_wconf 77' lang='lat' dir='ltr'>nnosnrras</span> <span class='ocrx_word' id='word_1_366' title='bbox 1036 3627 1201 3678; x_wconf 76' lang='lat' dir='ltr'>Mnorsrnuu</span> <span class='ocrx_word' id='word_1_367' title='bbox 1213 3641 1272 3677; x_wconf 75' lang='lat' dir='ltr'>vav·</span> 
     </span>
     <span class='ocr_line' id='line_1_73' title="bbox 742 3697 1271 3750; baseline -0.004 -2"><span class='ocrx_word' id='word_1_368' title='bbox 742 3715 795 3748; x_wconf 83' lang='lat' dir='ltr'>urr.</span> <span class='ocrx_word' id='word_1_369' title='bbox 815 3725 845 3735; x_wconf 96' lang='lat'>-</span> <span class='ocrx_word' id='word_1_370' title='bbox 865 3697 983 3749; x_wconf 84' lang='lat' dir='ltr'>Intravit</span> <span class='ocrx_word' id='word_1_371' title='bbox 1001 3704 1091 3748; x_wconf 86' lang='lat' dir='ltr'>antem</span> <span class='ocrx_word' id='word_1_372' title='bbox 1110 3699 1234 3750; x_wconf 83' lang='lat' dir='ltr'>Satanas</span> <span class='ocrx_word' id='word_1_373' title='bbox 1249 3697 1271 3746; x_wconf 88' lang='lat' dir='ltr'>in</span> 
     </span>
     <span class='ocr_line' id='line_1_74' title="bbox 741 3769 1272 3832; baseline 0 -11"><span class='ocrx_word' id='word_1_374' title='bbox 741 3771 855 3832; x_wconf 85' lang='lat' dir='ltr'>Judam,</span> <span class='ocrx_word' id='word_1_375' title='bbox 877 3770 903 3820; x_wconf 91' lang='lat' dir='ltr'>id</span> <span class='ocrx_word' id='word_1_376' title='bbox 931 3779 971 3819; x_wconf 91' lang='lat' dir='ltr'>est</span> <span class='ocrx_word' id='word_1_377' title='bbox 995 3770 1021 3818; x_wconf 93' lang='lat' dir='ltr'>in</span> <span class='ocrx_word' id='word_1_378' title='bbox 1043 3769 1120 3820; x_wconf 85' lang='lat' dir='ltr'>Judae</span> <span class='ocrx_word' id='word_1_379' title='bbox 1147 3770 1272 3821; x_wconf 83' lang='lat' dir='ltr'>animam.</span> 
     </span>
     <span class='ocr_line' id='line_1_75' title="bbox 742 3837 1272 3906; baseline -0.002 -17"><span class='ocrx_word' id='word_1_380' title='bbox 742 3838 787 3906; x_wconf 86' lang='lat' dir='ltr'>qui</span> <span class='ocrx_word' id='word_1_381' title='bbox 826 3837 1068 3904; x_wconf 84' lang='lat' dir='ltr'>cognominabatur</span> <span class='ocrx_word' id='word_1_382' title='bbox 1113 3839 1272 3898; x_wconf 75' lang='lat' dir='ltr'>iscariotes,</span> 
     </span>
     <span class='ocr_line' id='line_1_76' title="bbox 743 3909 1273 3977; baseline -0.004 -16"><span class='ocrx_word' id='word_1_383' title='bbox 743 3911 855 3977; x_wconf 84' lang='lat' dir='ltr'>quiade</span> <span class='ocrx_word' id='word_1_384' title='bbox 877 3909 941 3960; x_wconf 91' lang='lat' dir='ltr'>villa</span> <span class='ocrx_word' id='word_1_385' title='bbox 960 3909 1090 3960; x_wconf 87' lang='lat' dir='ltr'>iscarioth</span> <span class='ocrx_word' id='word_1_386' title='bbox 1107 3909 1163 3961; x_wconf 88' lang='lat' dir='ltr'>fuit</span> <span class='ocrx_word' id='word_1_387' title='bbox 1183 3910 1273 3962; x_wconf 89' lang='lat' dir='ltr'>oriun-</span> 
     </span>
    </p>
   </div>
   <div class='ocr_carea' id='block_1_8' title="bbox 0 0 1329 4320">
    <p class='ocr_par' dir='ltr' id='par_1_8' title="bbox 0 0 1329 4320">
     <span class='ocr_line' id='line_1_77' title="bbox 0 0 1329 4320; baseline 0 0"><span class='ocrx_word' id='word_1_388' title='bbox 0 0 1329 4320; x_wconf 95' lang='lat' dir='ltr'> </span> 
     </span>
    </p>
   </div>
  </div>
 </body>
</html>
