2632 4320
140 236 188 287 DE
209 235 318 286 PRIMO
335 234 385 286 ET
405 234 542 294 MAGNO,
557 233 604 283 Ac
620 231 785 283 SECUNDO
802 233 904 284 LEGIS
917 232 1102 283 MANDATO.
1128 232 1179 298 273

56 351 229 404 confessione
252 349 402 401 divinitatis
431 351 522 400 locum
550 364 595 398 er-

55 425 109 476 rori
143 423 296 488 relinquas;
322 428 347 472 et
376 422 402 471 in
427 428 481 472 tota
506 421 596 471 anima

56 502 111 557 tua,
143 494 172 544 id
208 501 248 543 est
272 502 327 542 tota
365 494 503 542 voluntate
538 491 598 542 sine

56 564 248 614 contrarietate
271 574 297 612 et
320 562 547 624 contradictione,
568 569 599 610 ut

56 634 127 685 nihil
144 632 308 684 contrarium
329 632 354 682 ei
365 632 448 694 velis;
463 637 488 682 et
507 632 535 682 in
556 637 599 681 to-

57 710 84 754 ta
104 709 258 765 mentetua,
287 703 314 752 id
348 712 388 753 est
408 712 464 753 tota
489 716 599 752 memo·

57 774 96 825 ria
119 774 181 824 sine
212 773 364 833 oblivione,
382 773 452 823 nihil
484 771 599 822 remini-

56 860 133 895 scens
156 859 213 911 quo
237 843 328 894 minus
353 843 386 893 de
406 843 461 894 Deo
480 843 597 905 sentias;

59 921 196 966 etextota
220 915 327 976 virtute,
356 929 404 964 seu
431 913 597 973 fortitudine,

58 994 112 1052 tua,
133 997 164 1037 ut
192 986 262 1038 vires
286 997 340 1037 tute
366 996 392 1037 et
411 996 498 1037 totum
520 1000 598 1052 posse

58 1061 108 1110 sibi
126 1060 254 1119 serviant,
272 1070 298 1110 et
316 1059 350 1110 ad
377 1059 468 1125 ipsum
494 1073 597 1124 expen-

58 1135 165 1184 dantur.
178 1134 255 1184 Unde
269 1133 439 1199 Augustinus
456 1151 465 1184 :
487 1132 597 1182 «Deum

59 1219 95 1256 ex
117 1210 176 1257 toto
203 1204 284 1254 corde
307 1203 418 1270 diligere
436 1202 596 1270 praeciperis,

59 1288 87 1327 ut
98 1291 197 1328 omnes
210 1275 387 1342 cogitationes
402 1285 475 1338 tuas;
493 1289 530 1325 ex
540 1280 596 1324 tota

58 1349 149 1399 anima
168 1357 201 1398 ut
213 1363 325 1397 omnem
348 1347 431 1398 vitam
456 1357 597 1408 tuam3ex

60 1426 115 1471 tota
144 1425 306 1483 mentetua,
336 1428 365 1469 ut
380 1435 489 1471 omnem
514 1418 596 1468 intel-

59 1492 158 1542 lectum
187 1500 282 1551 tuum,
306 1490 334 1540 in
357 1489 435 1541 illurn
465 1487 595 1545 conferas,

59 1579 74 1613 a
90 1578 148 1630 quo
169 1563 253 1613 habes
271 1569 302 1613 ea
318 1578 378 1629 quae
397 1561 512 1613 confers.
526 1560 596 1611 Nul-

60 1633 114 1684 lam
140 1648 204 1699 ergo
227 1631 288 1683 vitae
308 1641 404 1683 nostrae
429 1641 531 1698 partem
560 1644 597 1680 re-

60 1703 144 1770 liquit
171 1717 234 1769 quae
248 1718 339 1754 vacare
357 1703 461 1762 debeat,
479 1711 505 1752 et
518 1699 596 1766 quasi

10 1800 12 1809 .
60 1777 153 1826 locum
178 1775 250 1835 dare,
276 1783 306 1825 ut
328 1774 381 1825 alia
401 1790 429 1826 re
446 1773 510 1824 velit
525 1771 596 1835 frui3

61 1847 108 1898 scd
126 1846 262 1914 quidquid
285 1845 358 1897 eliud
379 1846 547 1912 diligendum
557 1859 599 1893 ve·

61 1916 135 1968 nerit
167 1917 197 1967 in
226 1915 358 1977 animum,
395 1915 458 1965 illuc
482 1915 600 1979 rapiatur

60 2005 115 2057 quo
133 1999 209 2040 totus
229 1988 382 2039 dilectionis
396 1988 515 2054 impetus
526 1992 599 2036 ‘eur-

60 2061 103 2112 rit.
119 2061 200 2112 Tunc
217 2070 258 2111 est
280 2059 353 2110 enim
368 2059 488 2125 optimus
505 2059 597 2122 homo,

60 2147 123 2182 cum
147 2140 204 2182 tota
228 2130 283 2180 vita
309 2145 356 2180 sua
382 2128 468 2195 pergit
496 2129 525 2178 in
557 2127 599 2177 in-

62 2203 257 2257 commutabile
286 2203 397 2254 bonum.
421 2221 436 2250 s
465 2202 543 2253 Unde
574 2210 600 2252 et

62 2279 276 2346 chrysostomus
296 2295 304 2327 :
324 2295 338 2323 u
366 2275 440 2335 Quid
469 2283 508 2325 est
536 2274 600 2324 dili-

62 2365 124 2417 gere
140 2349 230 2400 Deum
256 2362 294 2399 ex
307 2352 361 2398 toto
379 2344 487 2397 corde?
504 2346 541 2397 Ut
553 2361 599 2396 cor

31 2412 41 2423 ’
63 2432 143 2473 tuum
171 2418 279 2471 nonsit
300 2418 459 2469 inclinatum
471 2417 503 2467 ad
517 2417 600 2468 ullius

63 2492 102 2544 rei
121 2490 296 2542 dilectionem
314 2488 431 2555 amplius
445 2503 527 2554 quam
541 2487 599 2538 Dei.

65 2563 115 2613 Pro
135 2570 238 2629 quanta
257 2559 331 2610 enim
349 2569 423 2624 parte
452 2573 498 2608 cor
522 2567 600 2607 tuum

63 2633 147 2687 fuerit
172 2633 207 2684 ad
226 2632 348 2698 aliquam
379 2647 448 2693 rem,
461 2645 511 2696 pro
528 2639 602 2680 tanta

38 2742 41 2746 -
64 2705 158 2756 minus
184 2711 226 2754 est
260 2702 293 2753 ad
325 2702 421 2752 Deum.
447 2699 524 2760 -Quid
563 2709 603 2750 est

63 2779 92 2829 in
114 2780 173 2829 tota
192 2775 283 2826 anima
312 2773 422 2840 diligere
444 2771 552 2823 Deum?
572 2772 601 2823 Id

63 2857 103 2899 est
131 2845 315 2897 certissimum
350 2843 472 2894 animum
503 2842 603 2892 habere

65 2919 91 2969 in
108 2917 232 2977 veritate,
253 2923 278 2966 et
297 2913 407 2965 firmum
427 2928 485 2963 esse
502 2911 601 2963 infide.

67 2989 120 3049 Qui
146 2987 223 3039 enim
239 2985 324 3043 credit
344 2984 415 3050 apud
433 2984 519 3034 Deum
545 2987 603 3033 esse

65 3073 149 3111 omne
173 3057 290 3116 bonum,
309 3064 335 3105 et
359 3052 428 3104 nihil
455 3052 519 3102 boni
545 3067 602 3102 esse

65 3139 140 3182 extra
154 3128 260 3195 ipsum3
275 3125 320 3176 hic
331 3126 358 3175 in
373 3131 429 3175 tota
441 3124 531 3174 anima
545 3122 603 3173 dili·

66 3200 104 3267 git
118 3200 219 3250 Deum.
235 3195 308 3256 Quid
335 3204 375 3246 est
399 3195 426 3246 in
442 3200 498 3245 tota
518 3199 603 3244 mente

66 3271 179 3340 diligere
217 3268 321 3331 Deum?
344 3268 373 3317 Id
401 3276 442 3317 est
477 3276 508 3316 ut
541 3282 603 3316 om·

10 3378 15 3389 .
66 3356 114 3395 nes
139 3354 239 3393 sensus
262 3339 312 3400 tui,
330 3336 378 3403 qui
402 3335 537 3403 pertinent
570 3336 603 3386 ad

67 3422 198 3473 mentem,
226 3411 282 3463 Deo
302 3418 404 3461 vacent.
417 3408 499 3473 Cujus
530 3407 602 3458 enim

21 3512 51 3539 ,ι
67 3482 219 3537 intellectus
232 3481 288 3532 Deo
300 3479 446 3538 ministrat,
462 3478 537 3543 cujus
560 3492 604 3528 sa-

68 3552 172 3620 pientia
198 3551 269 3604 circa
289 3551 375 3602 Deum
394 3557 443 3612 est,
457 3548 534 3613 cujus
557 3563 604 3597 co-

68 3622 163 3691 gitatio
196 3636 226 3673 ea
249 3636 310 3689 quae
332 3617 381 3670 Dei
410 3627 475 3668 sunt
502 3625 604 3677 tractat,

68 3694 146 3761 mjus
161 3691 295 3745 memoria
313 3705 376 3759 quae
396 3691 468 3741 bona
481 3698 544 3740 sunt
562 3704 605 3740 re·

28 3828 35 3835 ¹
69 3767 205 3827 tordamr,
215 3771 273 3817 tote
281 3770 366 3817 mente
381 3763 470 3829 diligit
486 3778 548 3814 eum
564 3779 571 3812 ι
590 3780 604 3808 s

70 3836 128 3890 huc
141 3837 363 3905 chrysostomus.
377 3833 532 3884 Secundum
542 3832 606 3883 Ber·-

132 3961 204 4013 vm
220 3959 286 4012 Jssu
302 3957 424 4018 Cunrsrr,
442 3973 530 4008 sonus
547 3957 591 4007 ΙΙΙ.

650 348 772 408 nardum,
786 354 840 400 toto
853 350 942 408 corde,
951 347 978 398 id
988 359 1028 399 est
1038 348 1180 414 sapienter,

650 428 741 469 contre
780 420 966 486 suggestiones
990 419 1119 479 diaboli,
1147 436 1182 471 ne

649 490 827 553 seducamur;
850 497 907 541 tota
933 490 1034 552 anima,
1059 489 1180 553 dulciter,

650 570 739 611 contra
766 561 953 612 delectationes
970 560 1066 621 carnis,
1082 575 1115 610 ne
1141 561 1183 610 al-

651 632 789 696 liciamur;
807 639 861 683 tota
880 639 973 694 mente,
990 632 1102 694 fortiter,
1116 648 1182 683 con-

651 713 692 754 tra
718 719 856 770 pressuras
870 703 975 763 mundi,
994 718 1027 754 ne
1043 704 1182 770 opprima-

651 791 721 825 mur.
751 777 815 826 Haec
836 775 909 826 enirn
938 784 1003 825 sunt
1030 775 1088 836 tria,
1123 793 1183 843 quae

651 850 784 915 praecipue
803 848 942 900 retrahunt
954 848 987 898 ab
1011 863 1102 899 amore
1112 849 1161 900 Dei
1175 867 1183 900 t

649 921 781 980 diabolus,
798 935 858 970 caro
874 930 900 970 et
916 918 1044 970 mundus.
1056 919 1092 970 Et
1114 921 1182 971 sub-

649 991 737 1058 jungit
764 991 921 1041 Dominus:
944 990 1005 1040 Hoc
1025 996 1065 1040 est
1089 992 1182 1040 maxi-

649 1078 727 1126 mum,
737 1068 763 1112 et
773 1062 890 1130 primum
901 1061 1053 1111 mandatum
1070 1078 1079 1110 .·
1094 1062 1182 1112 maxi·

648 1151 720 1186 mum
749 1136 888 1202 dignitate,
909 1135 973 1202 quia
993 1135 1026 1184 de
1049 1134 1178 1200 maximo,

647 1207 748 1258 scilicet
761 1208 826 1268 Deo,
839 1207 990 1274 diligendo;
1005 1206 1121 1271 primum
1138 1222 1183 1256 or-

646 1279 718 1341 dine,
756 1279 820 1346 quia
858 1289 1018 1345 praeceptum
1051 1279 1083 1328 de
1119 1278 1182 1330 dili-

647 1351 734 1417 gendo
762 1351 850 1401 Deum
867 1349 994 1415 praeeedit
1018 1358 1181 1414 praeceptum

647 1424 680 1474 de
700 1423 838 1490 diligendo
867 1421 1032 1489 proximum.
1054 1423 1088 1472 Et
1120 1437 1182 1473 vere

647 1494 719 1545 istud
749 1504 790 1545 est
809 1493 929 1544 nobilius
948 1503 973 1542 et
1003 1492 1098 1543 utilius
1112 1492 1183 1543 inter

648 1567 740 1617 omnia
771 1564 919 1627 mandate;
953 1563 981 1612 in
1014 1564 1067 1613 hoc
1106 1562 1180 1612 enim

648 1637 740 1688 omnia
775 1637 899 1685 mandata
929 1634 1084 1698 implentur.
1121 1633 1179 1684 Hoc

649 1707 729 1758 etiam
753 1705 910 1755 mandatum
935 1703 1063 1769 diligendi
1095 1703 1182 1752 Deum

649 1789 689 1831 est
713 1793 850 1844 magnum,
864 1776 929 1842 quia
947 1776 1056 1826 mandat
1070 1774 1122 1825 hoc
1138 1776 1182 1825 lex

649 1852 786 1915 naturalis,
803 1852 832 1901 in
854 1859 944 1900 mente
964 1849 1053 1899 omnis
1077 1856 1183 1898 creatu·

649 1940 686 1975 rae
708 1923 846 1975 rationalis
872 1921 1002 1972 divinitus
1028 1917 1182 1970 indelebili-

650 2006 689 2046 ter
709 2009 846 2057 expressa3
867 1993 964 2056 maius,
979 1991 1043 2058 quia
1072 2003 1182 2053 reman-

650 2066 710 2125 dat,
735 2073 761 2114 et
794 2069 917 2125 repetens
945 2059 1043 2108 iterum
1073 2059 1183 2109 mandat

650 2136 702 2185 hoc
712 2134 767 2183 Lex
782 2130 899 2181 Mosaica
917 2144 932 2179 a
948 2130 1003 2178 Deo
1021 2129 1089 2192 data,
1098 2139 1123 2180 et
1134 2145 1182 2196 per

650 2207 766 2274 Angelos
778 2204 911 2266 ordinata;
933 2202 1096 2265 maximum,
1118 2202 1183 2268 quia

651 2277 791 2330 confirmat
805 2275 872 2325 illud
894 2275 949 2324 Lex
961 2272 1124 2338 evangelica,
1136 2288 1184 2338 per

651 2352 740 2417 ipsum
757 2348 857 2398 Filium
878 2346 927 2395 Dei
946 2345 1051 2395 tradita.
1071 2345 1109 2394 Et
1120 2345 1183 2409 pri·

651 2438 720 2472 mum
740 2419 902 2480 mandatum,
929 2416 1079 2466 intentione
1093 2415 1185 2478 juben-

651 2493 695 2553 tis,
720 2489 782 2541 finis
813 2487 887 2538 enim
924 2485 953 2535 in
985 2484 1115 2549 quolibet,
1153 2498 1184 2533 ea

652 2578 712 2629 quae
731 2561 763 2610 ad
783 2557 866 2608 finem
895 2565 960 2605 sunt
983 2553 1011 2602 in
1034 2551 1185 2602 intentione

651 2632 787 2699 praecedit;
815 2629 887 2678 unde
917 2624 1087 2690 Apostolus:
1106 2622 1185 2672 Finis

649 2701 779 2769 precepti
804 2705 845 2751 est
879 2697 996 2757 caritas,
1029 2692 1092 2743 finis
1129 2708 1186 2742 non

653 2774 809 2835 terminans,
844 2771 887 2821 vel
915 2780 1116 2826 consummans,
1152 2764 1186 2814 ad

654 2862 735 2912 quem
759 2858 842 2894 omne
878 2849 1042 2906 praeceptum
1077 2836 1189 2886 ordina·
1272 2900 1276 2913 Ι

653 2926 709 2979 tur;
734 2924 759 2965 et
791 2915 888 2963 iterum
907 2908 1074 2961 :Plenitudo
1102 2907 1187 2972 Legis

653 2992 694 3037 est
714 2984 839 3046 dilectio;
863 2993 888 3032 et
906 2981 1071 3032 Psalmista:
1095 2976 1188 3027 Omnis

653 3053 887 3108 consummationis
907 3052 964 3103 vidi
976 3051 1061 3117 finem
1068 3066 1078 3113 ;
1102 3049 1188 3099 lutum

654 3125 807 3177 mandatum
836 3129 910 3173 tuum
942 3121 1029 3172 nimis.
1051 3119 1110 3178 Vel,
1131 3118 1189 3184 pri-

654 3211 723 3247 mum
746 3195 775 3245 in
796 3193 953 3243 necessitate
966 3187 1170 3242 obsenvationis.

687 3266 701 3317 3
715 3266 849 3326 Qusruon
857 3278 1054 3314 nscesssnrnnn
1064 3274 1114 3310 noc
1123 3273 1186 3306 nnn·

654 3355 745 3390 paruit
766 3353 899 3388 ssarscrs
921 3349 1085 3386 rusasnouu.
1100 3358 1132 3369 -
1144 3330 1186 3379 Ad

656 3412 707 3462 hoc
727 3421 819 3462 autem
841 3410 914 3476 quod
934 3408 1005 3458 istud
1031 3403 1186 3455 mandatum

656 3481 741 3550 possit
757 3481 871 3548 perfecte
885 3479 1006 3545 impleri,
1017 3484 1131 3544 quatuor
1150 3488 1188 3523 re·

656 3555 811 3622 quiruntur.
829 3554 951 3604 anum
974 3559 1014 3601 est
1032 3547 1189 3598 divinorum

656 3624 846 3676 beneficiorum
878 3618 1094 3679 rememoratio;
1125 3615 1190 3681 quie

657 3697 732 3748 enim
749 3712 811 3764 quae
825 3696 957 3746 habemus
978 3691 1034 3742 sive
1050 3687 1189 3748 exteriora,

656 3769 713 3820 sive
744 3782 841 3831 corpus
873 3775 899 3816 et
926 3763 1055 3821 animum,
1099 3758 1192 3810 omnia

656 3855 672 3890 e
685 3839 741 3890 Deo
763 3838 903 3900 habemus,
922 3834 982 3886 ideo
996 3840 1101 3897 oportet
1117 3829 1190 3896 quod

1064 3944 1095 3996 18
