2632 4320
195 313 242 362 DE
257 311 513 364 INSTITUTIONE
533 308 760 361 SACRAMENTI
778 312 1033 363 EUCHARISTlAE.

67 444 143 494 Μὴ·
167 438 195 479 et
218 409 345 480 subditur
369 439 431 494 post
453 427 601 494 singulari-

66 513 109 554 ter
122 518 131 553 ε
145 503 187 554 Et
199 510 314 569 praesta,
334 511 363 554 ut
376 504 425 554 hoc
441 502 482 552 tui
493 503 603 568 Corpo-

65 575 110 625 ris
120 583 329 639 sacramentum,
344 583 394 624 etc.
409 574 490 623 Panis
502 572 601 638 quippe

64 654 265 694 strumentum
286 658 326 695 est
350 645 487 710 Corporis,
509 652 535 693 et
557 642 601 692 vi·
622 646 624 651 '

65 729 136 764 num
144 715 305 781 Sanguinis3
320 731 388 782 aqua
402 731 473 775 vero,
489 729 549 781 quae
559 729 602 778 ap
620 728 624 759 τ

67 786 188 850 ponitur,
212 797 287 838 notat
306 787 538 837 similitudinem:
559 786 600 835 vel

65 857 142 908 illius
166 873 244 924 que
269 873 328 924 quae
350 858 429 909 fluxit
449 859 482 907 de
496 856 600 906 Christi

64 929 157 991 latere,
174 929 217 978 vel
237 928 299 979 fidei
317 929 451 990 Ecclesiae,
466 939 496 979 ut
512 943 600 995 neque

63 999 192 1050 Christos
212 1000 271 1050 sine
292 1000 418 1061 Ecclesia,
439 1017 528 1067 neque
548 1001 599 1050 Ec-
620 1032 623 1059 .

62 1070 145 1121 clesin
168 1071 228 1121 sine
254 1071 365 1123 Christo
391 1074 439 1134 sit,
471 1074 517 1124 sed
543 1073 623 1138 ejus·

60 1141 138 1191 carni
156 1149 186 1192 et
203 1142 300 1193 animae
323 1144 433 1194 uniatur
449 1154 475 1195 et
488 1144 599 1195 consor·
619 1174 623 1185 =

62 1221 163 1262 memr-
186 1214 219 1264 Et
235 1213 296 1264 ideo
310 1215 406 1265 vinum
427 1231 503 1281 aquae
523 1215 599 1266 mix-

63 1293 123 1334 tum
150 1285 277 1350 offertur,
300 1296 331 1337 ut
355 1289 512 1338 ostendatur
535 1288 599 1353 quia
620 1302 622 1309 ·

62 1364 145 1420 csptrt
168 1366 196 1406 et
215 1359 346 1419 membra,
364 1358 390 1407 id
413 1368 453 1408 est
473 1357 599 1409 Christus

62 1425 233 1488 etEeclesia,
248 1445 335 1480 unum
351 1445 448 1494 corpus
461 1439 534 1480 sunt.
619 1428 622 1481 ἒ

95 1495 113 1548 fi
140 1498 211 1549 Tuus
231 1516 259 1550 nt
284 1517 335 1552 troc
362 1516 541 1552 sscnsusnro.
567 1529 598 1538 -

62 1571 134 1621 Sum
146 1581 238 1622 autern
252 1573 302 1623 tria
320 1574 349 1623 in
367 1582 533 1623 sacramento
547 1572 598 1623 isto
618 1602 621 1609 ·

59 1640 260 1693 cmsidersnda
283 1660 291 1694 ε
315 1660 412 1703 unum,
438 1645 513 1709 quod
535 1653 622 1713 tan-g

61 1720 124 1762 tum
135 1723 180 1763 est
193 1726 398 1779 sacramentum,
413 1716 517 1766 scilicet
533 1731 598 1782 spe-

62 1783 117 1834 des
139 1784 259 1836 visibilis
283 1788 360 1852 panis
387 1797 414 1837 et
435 1787 506 1850 vini,
529 1789 598 1838 alte·

63 1870 136 1917 rum,
151 1858 225 1922 quod
235 1867 279 1908 -est
292 1869 488 1909 sacramentum
502 1869 528 1910 et
544 1875 596 1919 res,

59 1925 241 1978 sdtioetcam
254 1929 355 1979 Christi
373 1930 483 1995 propria
498 1940 524 1980 et
540 1945 599 1980 san·
616 1986 620 1993 ¹

59 1996 144 2063 guis3
166 1999 298 2063 tertium,
328 2000 400 2066 quod
428 2011 468 2050 est
496 2016 540 2051 res
570 2010 598 2050 et

60 2084 118 2120 nou
130 2083 338 2133 sacramentum,
347 2074 472 2124 videlicet
484 2074 597 2140 mystica
617 2070 619 2075 ’

63 2140 167 2192 Christi
187 2158 260 2206 car0,
274 2144 375 2211 scilicet
391 2145 518 2195 Ecclesiae
531 2145 597 2195 uni-

60 2221 113 2263 us.
132 2212 187 2263 Res
212 2229 277 2281 ergo
301 2215 454 2280 significata
478 2226 505 2267 et
529 2233 619 2267 cons

61 2292 137 2334 uentu
158 2284 188 2333 in
213 2284 265 2334 hoc
290 2298 457 2337 sacramento
482 2298 523 2338 est
548 2304 618 2339 ve·-

58 2371 125 2406 rum
145 2357 254 2424 Corpus
276 2360 395 2421 Christi,
420 2362 494 2426 quod
515 2363 597 2412 traxit

58 2427 94 2478 de
109 2426 237 2494 Virgine3
254 2445 298 2480 res
320 2447 374 2480 non
397 2441 530 2495 contenta,
549 2434 596 2483 sed
616 2488 618 2495 ,

58 2508 168 2550 tentum
178 2500 340 2565 significata,
354 2512 395 2552 est
411 2517 510 2567 corpus
519 2503 597 2553 Chri·

58 2571 95 2621 sti
107 2572 267 2638 mysticum,
282 2575 356 2640 quod
371 2575 543 2640 conjungitur
556 2591 596 2626 ca-

58 2640 112 2707 piti
133 2657 183 2707 per
200 2643 347 2695 caritatem.
363 2646 404 2695 De
417 2647 469 2696 hoe
484 2662 596 2711 corpore
615 2644 617 2649 ’

56 2714 167 2766 Christi
196 2718 331 2783 mystico,
358 2720 461 2770 scilicet
492 2720 596 2771 unitate

58 2786 198 2848 Eedesiae,
213 2788 371 2839 dictumest
386 2806 467 2855 supra
480 2791 514 2840 de
533 2805 595 2840 ver-
613 2814 616 2819 ·

56 2856 104 2907 bis
125 2857 253 2918 Domini,
283 2875 332 2923 pro
357 2861 459 2926 quibus
483 2861 616 2927 quidam¹

57 2936 134 2978 πεπυ
157 2928 291 2980 abierunt.
316 2932 363 2981 Est
390 2932 470 2981 etiarn
498 2946 595 2998 corpus

59 2998 238 3050 Dominicum
255 3013 454 3052 sacramentum
469 3003 595 3054 incamu-

57 3078 93 3121 ω
113 3069 274 3123 divinitatis.
294 3073 373 3124 Unde
393 3075 564 3140 Augustinus
581 3091 594 3123 s:

59 3157 76 3187 s
89 3140 160 3191 mod
172 3158 272 3208 eorpus
287 3145 395 3196 visibile
412 3156 437 3195 et
452 3145 594 3212 palpabile,

57 3222 261 3263 aeramenmm
272 3225 315 3265 est
329 3215 473 3266 invisibilis
487 3215 593 3278 forms,

56 3280 89 3331 id
109 3292 151 3333 est
174 3285 253 3349 punis
278 3288 401 3348 coelestis,
424 3304 478 3354 quo
501 3287 616 3337 vivunt·

58 3353 167 3419 meli.
183 3356 257 3407 Cum
281 3359 356 3408 enirn
377 3360 449 3409 nihil
465 3362 549 3426 gessit
565 3360 616 3410 in*

55 3437 174 3489 corpore
193 3427 289 3479 anima
306 3429 419 3494 Christi,
438 3432 489 3482 nisi
507 3448 594 3499 quan·
613 3444 616 3461 ²

56 3501 121 3543 mm
141 3496 262 3547 Verbum
286 3500 328 3549 cui
344 3501 421 3551 unita
442 3513 485 3553 est
506 3492 616 3569 inspi—¹

56 3565 155 3627 nbat,
182 3569 247 3634 quis
278 3586 334 3621 non
356 3572 458 3636 iudicet
483 3574 617 3643 Corpus}

52 3650 119 3689 esse
133 3653 334 3692 sacamentum
355 3644 536 3697 inhabitantis
544 3648 594 3697 di·
613 3650 617 3705 '5

52 3709 198 3764 mnus?
219 3733 233 3762 s
254 3717 287 3767 Et
305 3717 406 3767 trusum
426 3735 433 3768 :
456 3708 617 3770 «emitti

54 3780 286 3850 rinharim,
305 3789 386 3838 nohis
401 3790 594 3841 modoinvisi·
614 3784 617 3843 Ξ

55 3851 140 3915 bilis,
166 3870 211 3906 nes
234 3867 275 3907 est
296 3859 412 3909 visibilis
436 3860 617 3911 sacramenti?

54 3926 165 3995 nimrim
188 3940 215 3980 et
235 3930 382 3982 invisibilis
403 3933 490 3984 forma
511 3935 594 3987 coele·

1135 327 1185 378 4¹1

654 426 705 477 stis
727 426 814 492 panis,
832 443 887 492 quo
909 427 1005 478 vivunt
1024 427 1131 493 Angeli,
1146 442 1189 480 res

655 509 695 549 est
723 499 841 549 visibilis
871 510 898 550 et
925 500 1067 566 palpabilis
1093 500 1188 552 formae

654 570 765 621 Christi.
782 571 829 621 Fst
844 571 882 622 ita
899 572 1025 622 Christus
1048 580 1074 622 et
1095 586 1187 622 sacro·

653 652 787 701 mentum,
804 652 830 692 et
844 657 887 692 res
901 643 1069 692 sacramenti.
1085 662 1099 690 »

687 730 703 776 7
725 714 820 764 Novsu
840 730 978 764 urnsnrurn
1001 732 1028 765 m
1047 715 1188 766 Eucnssr-

653 800 722 834 sris.
744 812 778 821 -
797 786 880 835 Multa
906 784 1042 836 mirabilia
1068 797 1132 836 sunt
1157 786 1187 837 in

653 854 704 904 hoc
714 865 892 906 sacramento.
912 855 1044 916 Primum,
1059 857 1132 923 quod
1148 856 1187 907 ibi

652 937 693 977 est
705 941 804 993 corpus
820 927 923 978 Christi
943 927 971 977 in
986 938 1060 978 tanta
1073 927 1187 995 quanti·

651 1007 718 1058 tate,
740 998 810 1048 sicut
831 996 884 1048 fuit
907 998 935 1047 in
958 1014 1049 1062 cruce,
1071 1008 1096 1048 et
1116 999 1187 1050 sicut

650 1070 705 1134 iarn
718 1079 758 1120 est
774 1071 804 1120 in
820 1071 899 1133 coslo,
916 1085 964 1120 nec
978 1080 1069 1119 tamen
1083 1070 1188 1120 excedit

652 1140 727 1191 illius
752 1157 839 1207 parvoe
865 1140 959 1191 formae
978 1140 1124 1201 terminos,
1143 1141 1186 1191 ve]

651 1213 840 1278 quantitatem,
857 1213 930 1264 unde
946 1213 1045 1263 mirum
1061 1223 1102 1263 est
1115 1228 1185 1280 quo-

651 1285 734 1335 modo
748 1286 799 1336 sub
816 1295 872 1336 tarn
892 1287 999 1337 modica
1018 1286 1107 1351 specie
1121 1294 1184 1336 tan-

652 1365 696 1406 tus
716 1356 800 1407 homo
819 1357 905 1407 lateat.
922 1387 953 1395 -
967 1358 1120 1407 Secundum
1133 1365 1184 1418 est,

651 1427 725 1493 quod
744 1428 783 1477 ibi
800 1437 865 1478 sunt
885 1429 1032 1479 accidentia
1045 1429 1102 1478 sine
1115 1428 1184 1478 sub·

650 1499 728 1563 jecto,
743 1499 807 1564 quia
825 1500 901 1549 enim
917 1500 945 1549 in
961 1501 1048 1550 Deum
1067 1516 1123 1550 non
1139 1515 1185 1551 ca·

651 1571 692 1620 dit
713 1570 849 1631 accidens,
872 1571 932 1621 ideo
953 1572 1101 1621 accidentia
1123 1584 1184 1638 quae

650 1641 728 1706 prius
742 1650 817 1690 erant
838 1642 867 1690 in
889 1643 1019 1707 subjecto,
1038 1642 1139 1692 scilicet
1154 1641 1184 1691 in

650 1727 729 1778 pane,
746 1722 839 1777 postea
852 1724 917 1764 sunt
937 1714 996 1764 sine
1010 1715 1139 1778 subjecto.
1152 1739 1184 1751 -

651 1783 774 1834 Tertium
796 1794 845 1845 est,
866 1787 940 1851 quod
961 1784 1039 1850 panis
1060 1784 1096 1833 ita
1118 1798 1185 1833 con·

650 1856 762 1906 vertimr
782 1857 812 1906 in
841 1855 947 1921 Corpus
968 1855 1083 1915 Christi,
1110 1855 1183 1919 quod

650 1938 741 1978 tumen
767 1944 823 1977 non
844 1937 886 1977 est
909 1927 1020 1977 materia
1045 1926 1183 1991 Corporis,

649 2015 698 2049 nec
712 1999 794 2050 etism
813 1999 921 2050 animae.
935 2027 967 2036 —
982 1999 1114 2058 Quartum
1134 2007 1182 2058 est,

649 2073 723 2137 quod
739 2073 846 2137 Corpus
860 2087 915 2121 non
934 2081 1047 2137 augetur
1060 2086 1092 2120 ex
1107 2071 1183 2120 mul—

650 2153 738 2192 tarum
754 2143 906 2192 hostiarum
925 2141 1134 2205 consecratione,
1153 2152 1184 2191 et

648 2230 665 2265 e
678 2230 806 2266 converso
825 2231 880 2265 non
896 2215 1031 2265 minuitur
1046 2230 1079 2265 ex
1090 2229 1182 2264 earum

647 2287 812 2353 sumptione.
832 2316 864 2327 —
887 2287 1021 2348 Quintum
1040 2296 1088 2347 est,
1108 2288 1183 2353 quod

647 2361 722 2410 idem
737 2361 842 2426 Corpus
856 2362 939 2412 simul
958 2361 985 2411 in
1001 2361 1125 2426 pluribus
1138 2361 1182 2415 lo·

648 2431 695 2491 cis,
710 2432 739 2480 id
752 2433 856 2482 estsub
867 2434 995 2482 omnibus
1008 2431 1105 2481 hostiis
1119 2446 1183 2480 con·
1229 2427 1233 2435 '

649 2504 758 2553 secretis
770 2514 819 2553 est.
836 2505 892 2554 Deo
910 2504 984 2553 enirn
999 2503 1124 2552 convenit
1137 2518 1182 2553 es-

645 2591 677 2625 se
699 2575 802 2641 ubique
817 2576 980 2642 simpliciter
1004 2585 1031 2625 et
1056 2574 1180 2639 proprie,

646 2656 774 2698 creaturoe
788 2664 852 2703 vero
874 2649 902 2697 in
920 2648 980 2698 loco
1000 2663 1055 2697 uno
1073 2656 1181 2696 tanturn

648 2734 720 2782 esse3
749 2719 854 2785 Corpus
872 2734 935 2770 vero
961 2718 1064 2769 Christi
1091 2717 1181 2767 medio

647 2794 729 2843 inodo
739 2793 822 2844 habet
837 2810 865 2844 se
878 2811 885 2843 :
900 2809 962 2843 cum
973 2792 1047 2842 enim
1062 2793 1099 2842 sit
1112 2807 1182 2842 crea-

646 2874 716 2926 tura,
738 2881 794 2914 non
813 2865 893 2914 dehet
911 2863 1181 2930 coequari-Creatori

648 2935 676 2984 in
689 2936 751 2996 hoc,
764 2936 839 3001 quod
853 2935 891 2985 sit
907 2935 1022 3001 ubique;
1038 2950 1101 2985 cum
1118 2948 1182 2985 vero

647 3007 684 3057 sit
700 3008 810 3056 unitum
830 3007 976 3071 divinitati,
988 3008 1067 3058 debet
1087 3007 1116 3057 in
1130 3006 1183 3057 hoc

646 3080 699 3130 alia
721 3095 833 3146 corpora
853 3082 990 3142 excellere,
1003 3093 1036 3133 ut
1053 3081 1137 3132 simul
1156 3091 1183 3130 et

646 3153 729 3202 semel
743 3152 831 3217 possit
848 3153 876 3202 in
898 3154 1023 3218 pluribus
1037 3154 1102 3204 locis
1113 3167 1190 3222 esse„

647 3223 698 3272 sub
721 3223 774 3274 isto
801 3222 926 3275 videlicet
951 3234 1124 3276 sacramento.
1148 3250 1180 3260 -

647 3295 758 3344 Sextum
784 3303 838 3356 est,
863 3298 936 3362 quod
964 3312 1025 3346 cum
1051 3292 1182 3343 dividitur

645 3364 746 3426 hostis,
762 3381 817 3415 non
837 3366 968 3417 dividitur
985 3364 1088 3416 Christi
1109 3363 1180 3413 Gor·

645 3452 708 3502 pus,
729 3437 777 3487 sed
798 3438 852 3487 sub
872 3437 993 3504 qualibet
1014 3447 1088 3503 parte
1106 3444 1180 3485 totus

645 3517 688 3558 est
704 3507 843 3567 Christus,
858 3509 930 3558 unde
946 3507 1002 3556 haec
1017 3507 1136 3557 fractura
1150 3505 1180 3554 in

646 3577 736 3630 forma
758 3588 800 3628 est
821 3579 917 3643 panis,
942 3594 998 3627 non
1021 3578 1050 3627 in
1076 3575 1180 3628 Christi

647 3664 766 3715 corpore,
780 3650 846 3714 quia
869 3658 941 3698 totus
963 3649 1089 3699 Christus
1102 3646 1180 3697 indi-

643 3719 720 3770 visus
738 3720 863 3779 sumitur,
878 3722 932 3770 sub
951 3719 1072 3787 qualibet
1088 3726 1180 3784 parte3

647 3791 718 3843 sicut
732 3792 836 3857 integr-o
850 3794 960 3858 speculo
983 3802 1040 3843 tota
1056 3802 1082 3842 et
1100 3790 1183 3842 unice

646 3862 733 3912 forma
752 3864 852 3914 relucet
873 3864 903 3913 in
926 3875 992 3928 tota,
1006 3874 1033 3914 et
1053 3863 1083 3912 in
1096 3862 1182 3913 fracto

646 3934 756 3998 speculo
769 3932 800 3984 tit
811 3934 896 3985 unius
911 3945 938 3985 et
951 3935 1071 4000 ejusdem
1084 3933 1182 3984 formae
