2632 4320
135 304 187 356 328

133 418 231 485 gorius
250 417 279 466 in
298 415 446 467 Moralibus
461 424 608 471 attestatur,
623 413 668 462 di-

134 505 215 540 cens:
226 488 319 538 «Nam
332 487 374 537 cui
389 501 447 536 esse
463 502 537 536 nunc
552 484 668 551 judicem

135 561 209 622 libet,
225 560 288 610 huic
299 559 389 609 videre
400 568 463 609 tunc
473 557 596 608 Judicem
612 571 668 606 non

135 629 210 680 libet.
231 648 245 676 s
267 629 326 695 Non
343 628 409 678 dicit
427 644 435 677 ε
456 627 503 693 qui
519 627 598 692 judex
614 636 667 687 est;

136 699 183 750 sed
198 699 242 749 cui
259 714 317 749 esse
327 699 442 762 judicem
457 698 531 756 libet,
546 696 669 746 animum

136 769 267 832 videlicet,
287 785 341 819 non
357 770 479 836 gradum,
497 769 668 832 redarguens,

137 852 163 893 et
181 843 214 892 ad
230 843 406 901 voluntatem,
423 857 477 891 non
500 841 533 890 ad
560 839 668 898 factum,

136 913 360 978 vituperationem
380 911 507 963 referens.
531 910 598 970 Quis
620 924 669 959 au-

137 991 191 1033 tem
205 982 321 1048 cogitare
335 984 375 1033 vel
397 983 484 1033 dicere
500 982 594 1040 valeat,
609 995 669 1046 quae

136 1063 200 1103 tunc
214 1053 307 1103 laetitia
320 1054 407 1112 bonis,
421 1063 448 1103 et
461 1066 522 1118 quae
537 1060 602 1100 tunc
618 1049 670 1100 tri-

136 1122 210 1173 stitia
227 1122 304 1173 malis
323 1122 374 1173 erit
392 1123 401 1173 i
422 1123 499 1173 Unde
512 1121 584 1171 idem
599 1120 669 1171 Gre-

136 1195 235 1260 gorius
252 1213 260 1244 .·
279 1212 293 1239 κ
315 1194 368 1253 Qui
390 1194 476 1243 Deum
495 1192 622 1258 diligunt,
637 1206 670 1241 ex

137 1264 232 1314 mundi
258 1263 312 1314 fine
336 1264 450 1329 gaudere
471 1273 551 1330 etque
575 1263 670 1312 hilare-

137 1350 210 1386 scere
225 1335 359 1399 jubentur,
381 1335 445 1400 quia
465 1334 587 1385 videlicet
607 1348 670 1383 eum

138 1423 220 1473 quem
235 1416 324 1456 amant
346 1422 409 1456 mox
432 1407 583 1466 inveniunt,
604 1407 671 1456 dum

138 1477 235 1528 transit
245 1477 269 1528 is
281 1493 361 1543 quern
376 1488 605 1528 nonumeverunt.
619 1476 671 1526 Ab

139 1548 175 1598 sit
183 1547 256 1598 enim
266 1558 296 1597 ut
306 1547 392 1598 fidelis
401 1548 517 1615 quisque
526 1549 574 1614 qui
584 1548 671 1598 Deum

139 1620 230 1670 videre
243 1621 374 1671 desiderat
388 1622 421 1672 de
445 1621 541 1671 mundi
560 1635 671 1687 percus·

139 1692 263 1743 sionibus
275 1695 372 1759 lugeat,
387 1709 468 1760 quem
483 1693 555 1743 finiri
570 1692 672 1743 eisdem

140 1764 357 1829 percussionibus
382 1765 440 1815 suis
467 1780 522 1814 non
550 1761 671 1830 ignorat!

140 1836 276 1902 Scriptum
296 1853 413 1903 namque
427 1848 468 1888 est
488 1854 496 1888 ε
518 1837 674 1902 Quicunque

140 1909 255 1959 uoluerit
277 1910 378 1959 amicus
396 1923 455 1960 esse
478 1909 557 1976 hujus
580 1907 671 1968 seculi,

69 2026 72 2031 .
141 1980 263 2031 iuimicus
273 1981 325 2030 Dei
337 1982 522 2032 constituetur.
533 1979 586 2040 Qui
599 1994 672 2045 erg0‚

141 2050 373 2117 appropinquante
398 2050 494 2100 mundi
519 2050 589 2110 fine,
618 2064 673 2098 non

141 2122 247 2186 gaudet,
266 2120 383 2171 amicum
405 2137 434 2171 se
457 2120 531 2171 illius
550 2135 608 2170 esse
631 2128 673 2170 te-

140 2202 236 2255 statur,
248 2207 278 2240 ac
289 2206 336 2255 per
351 2192 402 2241 hoc
415 2191 542 2241 inimicus
555 2191 603 2241 Dei
616 2205 674 2240 esse

139 2260 319 2311 convincitur.
346 2261 385 2310 Ex
403 2260 498 2309 mundi
527 2259 600 2310 enim
624 2260 672 2309 de-

138 2331 285 2380 structione
310 2330 401 2395 lugere
424 2346 517 2380 eorum
545 2339 599 2390 est,
625 2328 672 2394 qui

139 2400 255 2450 radicem
270 2400 357 2450 cordis
371 2400 399 2450 in
417 2401 474 2466 ejus
487 2415 579 2450 amore
593 2400 672 2465 plan-

137 2481 271 2532 taverunt,
287 2471 333 2538 qui
348 2481 504 2539 sequentem
518 2471 601 2521 vitam
617 2487 672 2520 non

138 2554 266 2608 quierunt
288 2561 294 2593 ι
317 2564 330 2591 n
350 2543 406 2594 haec
421 2543 583 2609 Gregorius.
602 2541 674 2592 Dicit

138 2625 227 2666 autem
249 2616 306 2666 haec
319 2617 352 2666 ad
369 2617 524 2682 discipulos,
540 2631 595 2665 non
612 2625 672 2665 tan-

138 2699 221 2751 quam
235 2686 268 2735 ad
282 2701 328 2736 eos
341 2686 388 2753 qui
401 2687 497 2737 durare
510 2686 637 2736 deberent
645 2684 672 2735 in

138 2759 194 2810 vita
204 2759 255 2809 istu
264 2775 350 2826 usque
360 2760 392 2810 ad
405 2760 500 2810 mundi
511 2759 671 2822 terminum;

140 2829 186 2879 sed
195 2830 272 2895 quasi
283 2846 337 2880 uno
347 2846 457 2896 corpore
467 2831 597 2880 existente
606 2830 674 2895 ipsis

139 2909 166 2950 et
185 2899 264 2950 nobis
283 2910 310 2951 et
325 2901 438 2966 posteris
453 2915 539 2967 usque
552 2901 584 2950 ad
604 2916 672 2951 con-

139 2971 350 3021 summationem
369 2973 463 3023 mundi
482 2972 624 3023 credituris
643 2973 671 3023 in

140 3040 291 3092 Christum.

172 3127 187 3162 2
203 3113 327 3163 AEsrnrrs
342 3129 375 3162 rr
387 3129 523 3164 rrouuuum
537 3129 672 3164 srururru-

139 3197 183 3234 no.
203 3210 233 3220 -
260 3183 389 3243 Quamvis
412 3199 475 3249 ergo
500 3183 572 3233 diem
596 3184 670 3234 illam

138 3271 219 3307 nemo
233 3257 307 3317 sciat,
327 3256 478 3321 proximam
501 3265 590 3306 tamen
613 3272 671 3307 esse

137 3330 260 3381 dubitare
271 3346 324 3380 non
335 3329 441 3395 poterit,
453 3339 595 3394 postquam
609 3339 670 3380 tan-

138 3412 164 3453 ta
177 3413 205 3454 et
215 3403 278 3453 talia
291 3403 368 3468 signa
381 3401 440 3451 fieri
457 3401 595 3466 incipient.
613 3402 669 3452 Cu-

136 3473 179 3538 jus
200 3474 239 3525 rei
257 3473 341 3539 gratia
357 3471 448 3522 subdit
465 3471 628 3536 parabolam,
642 3473 669 3522 id

136 3555 177 3595 est
204 3543 411 3596 similitudinem
441 3543 473 3592 ad
499 3541 669 3606 propositum

136 3631 292 3683 congruam,
303 3617 335 3667 de
350 3615 464 3665 ficulnea
477 3623 504 3664 et
514 3612 576 3663 aliis
586 3613 669 3664 arbo·

137 3688 222 3739 ribus.
244 3688 319 3738 Sicut
341 3687 414 3737 enirn
437 3701 469 3736 ex
493 3683 669 3750 pullulatione

137 3770 163 3810 et
177 3760 265 3812 fructu
282 3760 410 3810 foliorum
425 3768 451 3810 et
465 3759 563 3809 florum
578 3757 607 3807 in
623 3772 668 3808 ar-

138 3833 202 3883 bore
222 3849 305 3899 prope
322 3848 379 3883 esse
399 3842 477 3883 aestas
497 3829 652 3898 agnoscitur
659 3846 667 3894 ;

137 3904 175 3955 ita
186 3918 218 3954 ex
232 3905 310 3954 ruina
320 3904 415 3954 mundi
427 3917 489 3970 quae
501 3901 604 3954 fructus
613 3901 669 3967 ejus

409 300 583 353 SECUNDAE
600 298 724 351 PARTIS
740 298 858 350 CAPUT
872 300 965 351 XLIV.

722 419 772 470 est,
787 420 813 461 et
830 411 916 476 signis
937 410 1070 478 praedictis
1089 426 1173 477 prope
1197 427 1253 463 esse

721 483 892 548 cognoscitur
905 485 1035 534 adventus
1047 483 1161 547 Judicis,
1170 497 1197 534 et
1210 500 1253 534 re-

722 571 806 621 gnum
819 555 867 605 Dei
882 573 888 605 :
904 571 965 622 quae
978 566 1056 607 aestas
1068 556 1119 606 erit
1133 557 1211 621 justis
1222 573 1253 608 ex

722 626 820 690 hieme,
846 636 873 676 et
900 627 1084 692 peccatoribus
1110 627 1200 678 hiems
1223 644 1254 679 ex

720 708 818 749 aestate.
840 700 992 750 Secundum
1016 700 1253 767 chrysostomum,

722 770 783 835 plus
802 770 836 819 de
858 769 910 821 ficu
931 785 1012 837 quam
1034 771 1067 820 de
1086 769 1139 821 alia
1161 771 1254 821 arbore

721 839 929 891 similitudinem
940 841 1024 907 ponit,
1037 841 1102 907 quia
1116 856 1186 906 pene
1195 852 1254 908 post

721 926 816 961 omnes
834 913 942 961 arbores
957 920 1055 971 vernat,
1069 922 1095 963 et
1109 911 1149 962 sic
1169 913 1255 979 magis

722 995 736 1030 e
756 979 843 1030 vicino
857 991 974 1032 testatem
996 982 1118 1047 nuntiat;
1142 983 1195 1044 vel,
1217 983 1255 1034 si-

723 1049 906 1101 militudinem
921 1067 936 1102 a
954 1051 1005 1102 ficu
1024 1053 1118 1114 sumit,
1134 1053 1200 1120 quia
1213 1054 1256 1104 illa

722 1120 745 1170 si
766 1122 835 1170 mala
855 1131 903 1185 est,
925 1122 995 1172 mala
1019 1131 1059 1172 est
1079 1123 1166 1184 valde,
1187 1134 1214 1175 et
1235 1124 1255 1174 si

723 1192 792 1242 bona
807 1201 855 1250 est,
877 1193 946 1242 bona
965 1203 1004 1243 est
1022 1194 1109 1254 valde,
1128 1194 1200 1246 sicut
1214 1196 1256 1261 ju-

722 1261 823 1313 dicium
846 1263 921 1313 valde
942 1264 1044 1314 malum
1059 1275 1099 1315 est
1120 1266 1211 1330 malis,
1232 1278 1256 1316 et

722 1335 798 1385 valde
818 1335 920 1384 bonum
944 1345 985 1385 est
1003 1335 1096 1400 justis3
1118 1339 1171 1397 vel,
1194 1338 1256 1404 quia

723 1406 836 1456 dulcedo
861 1405 927 1456 ficus
954 1406 1126 1458 dulcedinem
1150 1408 1257 1459 futuro-

725 1492 785 1526 rum
804 1475 934 1542 significat
954 1476 1125 1542 gaudiorum.
1143 1480 1201 1530 Hac
1220 1481 1257 1530 si-

724 1549 888 1608 militudine,
911 1551 1058 1599 secundum
1082 1551 1255 1617 Gregorium,

725 1621 912 1687 despiciendus
941 1622 1061 1672 mundus
1088 1625 1257 1685 ostenditur,

725 1692 801 1756 cujus
814 1691 917 1742 fructus
931 1692 1008 1742 ruina
1020 1703 1069 1757 est,
1082 1695 1148 1760 quia
1162 1697 1196 1747 ad
1210 1697 1258 1748 hoc

725 1761 819 1812 crescit
840 1771 870 1811 ut
892 1762 976 1827 cedat,
998 1763 1030 1813 ad
1055 1765 1108 1815 hoc
1127 1768 1260 1832 germinat

726 1843 756 1883 ut
776 1848 945 1899 quaecunque
965 1834 1157 1900 germinaverit
1177 1838 1259 1890 cladi-

726 1907 777 1958 bus
789 1917 938 1957 consumat.
953 1908 1099 1972 Moraliter‚
1115 1910 1201 1962 homo
1215 1927 1260 1962 ar·

726 1980 838 2031 boribus
863 1980 892 2030 in
918 1981 970 2031 hoc
996 1982 1174 2047 assimilatur,
1198 1985 1260 2052 quia

726 2050 795 2101 sicut
809 2052 917 2102 arbores
936 2061 996 2117 post
1012 2052 1131 2105 hiemem
1155 2055 1260 2107 fructifi-

726 2133 795 2183 cant,
816 2133 842 2174 et
866 2132 957 2174 aestate
980 2122 1084 2177 fructus
1109 2128 1257 2196 colligitur;

726 2194 765 2244 sic
784 2194 876 2254 homo,
891 2205 953 2259 post
972 2195 1178 2250 tribulationem
1201 2198 1258 2251 fru-

725 2275 798 2315 ctum
809 2265 898 2326 habet,
908 2265 955 2331 qui
967 2282 1014 2331 per
1023 2269 1193 2322 tolerantiam
1205 2287 1260 2338 pas-

726 2336 835 2386 sionum
850 2337 1007 2402 acquiritur,
1018 2349 1043 2388 et
1055 2339 1101 2389 hic
1115 2338 1221 2393 fructus
1232 2343 1259 2393 in

726 2416 816 2458 testate
836 2407 963 2458 claritatis
984 2418 1090 2460 aeternae
1116 2413 1261 2480 colligitur.

726 2477 759 2527 Et
773 2477 964 2527 convenienter
984 2494 1099 2544 regnum
1119 2481 1171 2532 Dei
1184 2498 1259 2534 com-

726 2557 833 2614 paratur
852 2547 936 2599 oestati
959 2566 965 2598 :
990 2550 1079 2615 primo
1098 2552 1165 2617 quia
1183 2565 1260 2606 restas

725 2631 765 2672 est
789 2631 897 2686 tempus
921 2621 1054 2686 lucidum,
1078 2624 1117 2674 sic
1144 2641 1256 2693 regnum

725 2691 870 2755 coelorum3
897 2692 1013 2742 secundo
1037 2693 1102 2760 quia
1121 2707 1201 2749 aestas
1220 2708 1258 2750 eet

724 2773 832 2828 tempus
854 2761 1031 2824 fructiferum,
1053 2765 1093 2815 sic
1118 2767 1149 2818 in
1176 2784 1256 2837 regno

725 2835 869 2896 coelorum;
880 2834 959 2884 tertio
971 2835 1035 2902 quia
1047 2848 1126 2889 aestas
1136 2850 1177 2892 est
1186 2851 1257 2893 tern-

725 2923 777 2974 pus
799 2908 958 2974 jucundum,
980 2908 1020 2959 sic
1039 2925 1154 2977 regnum
1174 2916 1257 2967 coelo-

725 2993 800 3041 rum;
816 2988 912 3043 quarto
926 2979 991 3049 quia
1004 2990 1045 3030 est
1057 2991 1168 3049 tempus
1182 2994 1256 3037 tran·

725 3047 851 3114 quillum,
865 3047 904 3097 sic
923 3047 952 3097 in
972 3064 1056 3115 regno
1070 3052 1121 3103 Dei
1143 3057 1257 3106 cessabit

724 3118 850 3168 nubilum
864 3118 1082 3173 tribulationum.

756 3191 770 3241 3
788 3192 848 3242 Drur
863 3207 958 3242 ruurcu
977 3209 1155 3249 neconnurro.
1177 3228 1207 3238 -
1225 3200 1255 3250 Et

723 3261 883 3311 confirmans
896 3263 1034 3326 praemissa
1043 3267 1191 3319 assertione
1205 3284 1256 3320 cer-

723 3330 870 3392 tificatoria‚
885 3333 1026 3399 subjungit
1041 3352 1048 3385 ι
1065 3341 1160 3402 Amen,
1177 3339 1253 3390 idest

722 3421 791 3464 vere,
812 3406 872 3457 dico
888 3407 972 3469 vobis,
986 3409 1050 3474 quia
1071 3425 1123 3461 non
1135 3420 1254 3479 praeter-

722 3477 771 3527 ibit
788 3478 928 3542 generatio
939 3478 1005 3542 haee,
1023 3479 1050 3530 id
1062 3492 1102 3531 est
1117 3498 1173 3533 non
1188 3484 1254 3535 deti-

721 3549 774 3600 ciet
798 3550 855 3600 haec
872 3562 944 3601 sexta
966 3562 1030 3603 aetas
1052 3556 1182 3608 omnium
1204 3558 1254 3610 bo·

722 3621 829 3672 minum
846 3623 980 3674 malorum
999 3635 1026 3676 et
1044 3628 1192 3692 bonorum,
1206 3630 1254 3681 hoc

721 3703 762 3743 est
781 3707 866 3758 genus
887 3693 1052 3760 humanum;
1076 3699 1130 3761 vel,
1152 3701 1254 3767 specia-

721 3763 782 3814 liter
796 3763 932 3828 generatio
944 3764 1012 3825 hoec,
1030 3766 1133 3820 scilicet
1146 3771 1253 3823 Judaeo-

721 3845 792 3891 rum,
805 3847 865 3898 quae
880 3849 934 3884 non
945 3833 1050 3886 deficiet
1063 3852 1096 3888 ex
1109 3848 1179 3904 toto,
1192 3841 1253 3908 quia

721 3912 809 3968 potest
824 3905 942 3971 opprimi
958 3916 984 3958 et
998 3907 1127 3977 dispergi,
1142 3928 1200 3965 non
1214 3924 1253 3966 ta·
