2632 4320
63 274 65 285 '
153 292 203 346 272

428 279 603 332 SECUNDAE
620 278 745 329 PARTIS
764 279 882 331 CAPUT
895 281 1013 333 XXXVI.

540 665 707 736 CAPUT
728 664 881 734 XXXVI

203 952 209 959 '
259 949 311 1016 De
320 944 441 1038 primo
456 956 490 1014 et
506 965 645 1034 magno,
670 946 870 1015 acsecundo
890 939 1169 1040 etsr‘miliLegis

617 1061 793 1130 mandato.

568 1333 712 1396 Matthaei
727 1355 793 1415 cap.
813 1357 864 1398 22.

183 1617 192 1650 1
219 1599 296 1650 Nova
331 1612 448 1656 Qurasrro
483 1596 679 1646 Purursraouuu

149 1689 182 1724 ne
199 1687 277 1722 sarno
288 1670 368 1720 Lnors
384 1683 517 1718 unuurro.
531 1696 563 1706 —
574 1667 678 1718 Phari-

148 1743 199 1795 saei
226 1755 292 1793 vero
308 1740 455 1804 audientes,
469 1748 496 1790 et
523 1739 677 1806 gaudentes,

146 1816 217 1882 quod
239 1812 352 1879 sapienti
385 1827 512 1877 responso
537 1812 614 1862 Jesus
637 1811 678 1861 si-

147 1888 254 1939 lentium
266 1885 437 1952 imposuisset
443 1883 613 1946 Sadducaeis,
622 1898 678 1932 non

85 1986 88 1993 ⁴
145 1958 309 2010 habentibus
333 1955 536 2023 quid'amplius
561 1953 680 2005 dicerent

145 2039 235 2081 contra
259 2026 464 2092 responsionem
496 2026 563 2091 ejus,
583 2039 679 2076 conve-

146 2105 242 2153 nerunt
277 2098 304 2149 iu
337 2113 424 2159 uuum,
451 2097 484 2146 ad
506 2096 596 2162 ipsum
626 2095 679 2146 alio

148 2172 229 2222 modo
246 2169 445 2234 invadendum
463 2178 489 2218 ct
508 2178 639 2218 venerunt
649 2167 678 2217 in

148 2255 245 2307 magna
263 2237 446 2299 multitudine,
460 2238 492 2287 ad
514 2237 601 2303 magis
616 2252 679 2287 eum

146 2313 309 2365 terrendum.
334 2310 412 2361 Unde
440 2311 680 2376 chrysostomus:

148 2385 367 2436 «Convenerunt
381 2389 412 2430 ut
431 2378 605 2430 multitudine
618 2379 681 2431 vin-

148 2464 247 2515 cerent,
258 2467 340 2520 quem
359 2451 463 2502 ratione
482 2466 607 2517 superare
624 2466 680 2502 non

149 2536 286 2594 poterant;
309 2541 325 2574 a
345 2523 455 2574 veritate
474 2524 562 2574 nudos
581 2539 610 2575 se
623 2541 681 2577 esse

148 2596 260 2663 professi
279 2604 354 2655 sunt,
379 2594 427 2661 qui
454 2594 629 2647 multitudine
652 2613 681 2648 se

147 2675 340 2718 armaverunt:
358 2684 372 2713 n
390 2665 447 2717 haec
461 2666 680 2733 Chrysostomus.

146 2736 342 2787 Recedentibus
366 2735 525 2796 Pharisaeis‚
551 2748 682 2788 venerunt

147 2805 299 2864 Sadducaei,
323 2815 349 2855 et
370 2805 468 2856 iterum
496 2807 680 2860 recedentibus

49 2918 55 2930 s
146 2875 308 2935 Sadducaeis,
322 2885 451 2927 venerunt
467 2875 604 2939 Pharisaei,
620 2888 681 2929 ten·

147 2955 234 2997 rantes
269 2962 332 2996 eum
367 2945 500 3014 frequenti
535 2965 679 3016 congressu

148 3018 259 3084 fatigare
282 3029 308 3069 et
335 3020 503 3086 subvertere;
531 3022 593 3072 licet
606 3023 680 3074 enim

147 3088 273 3139 contrarii
303 3100 406 3140 esssent
439 3092 468 3141 in
491 3093 619 3158 opinione
647 3096 681 3145 de

147 3160 243 3212 animae
263 3161 482 3224 immortalitate,
505 3175 531 3215 et
556 3176 680 3216 mortuo-

147 3249 207 3283 rum
221 3233 422 3296 resurrectione,
438 3236 630 3288 conveniebant
642 3247 680 3288 ta·
717 3245 721 3252 '

148 3320 211 3355 men
234 3305 263 3355 in
281 3303 382 3355 Christi
398 3306 591 3369 persecutione.
604 3307 680 3358 Unde

147 3375 334 3436 Hieronymus
349 3391 357 3425 e
371 3392 385 3420 a
418 3374 496 3434 Quod
520 3377 553 3427 de
574 3378 680 3429 Herode

148 3456 174 3497 et
199 3446 295 3497 Pontio
324 3445 408 3496 Pilato
433 3445 549 3513 legimus
571 3448 599 3499 in
622 3449 679 3499 Do·

148 3517 217 3567 mini
244 3532 307 3567 nece
323 3532 368 3567 eos
384 3516 480 3567 fecisse
498 3519 677 3583 concordiam,

147 3591 228 3641 etiam
247 3607 317 3641 nunc
338 3590 371 3640 de
381 3590 522 3642 Pharisaeis
536 3592 677 3656 cernimus,

148 3671 175 3712 et
197 3663 359 3723 sadducaeis,
385 3662 432 3728 qui
462 3663 532 3714 inter
557 3680 586 3716 se
614 3682 679 3717 con-

147 3733 222 3784 trarii
241 3743 314 3795 sunt,
342 3735 387 3785 sed
409 3735 442 3784 ad
460 3736 619 3787 tentandum
633 3739 678 3789 Je-

147 3817 209 3854 sum
226 3805 283 3870 pari
311 3815 401 3858 mente
421 3807 600 3859 consentiunt.
616 3811 679 3861 »Et

148 3889 216 3926 unus
229 3891 266 3928 ex
287 3877 334 3940 eis,
358 3876 450 3930 Scriba
477 3890 503 3930 et
520 3880 605 3946 Legis
627 3881 678 3935 do-

732 1602 790 1648 ctor
811 1599 929 1659 accessit,
946 1605 1050 1651 tentans
1068 1601 1163 1652 lesum
1181 1617 1269 1670 capere

732 1665 761 1716 in
776 1682 909 1736 sermone,
920 1670 1101 1737 interrogavit
1117 1686 1179 1724 eum
1190 1691 1199 1725 ε
1212 1673 1269 1725 Ma·

731 1736 839 1807 gister,
870 1741 941 1807 quod
962 1747 1004 1792 est
1028 1742 1186 1794 mandatum
1212 1757 1268 1795 ma-

730 1831 814 1883 gnum
831 1813 858 1864 in
874 1814 958 1880 Lege,
970 1807 1002 1863 'id
1016 1823 1057 1864 est
1079 1815 1267 1883 praecipuum?

731 1884 923 1951 Interrogavit,
933 1890 1045 1949 tentans,
1062 1901 1118 1936 non
1128 1885 1268 1938 sciredesi·

731 1958 837 2017 derans,
853 1970 908 2005 non
925 1964 956 2005 ut
977 1954 1102 2018 disceret,
1113 1957 1162 2007 sed
1183 1967 1214 2008 ut
1228 1956 1268 2007 de·

731 2029 839 2096 ciperet.
848 2027 924 2079 Unde
936 2027 1151 2093 Chrysostomus
1166 2047 1176 2081 r
1192 2047 1206 2077 u
1220 2030 1268 2079 Mu-

731 2100 845 2167 gistrum
859 2107 944 2162 vocat,
967 2099 1042 2164 cujus
1062 2115 1118 2149 non
1139 2101 1199 2152 vult
1214 2113 1269 2151 esse

731 2171 890 2236 discipulus.
907 2170 945 2220 De
962 2169 1088 2220 mandato
1107 2185 1209 2237 magno
1225 2168 1269 2221 in-

731 2249 856 2306 terrogat,
878 2239 925 2306 qui
949 2255 997 2289 nec
1013 2238 1161 2309 minimum
1178 2240 1268 2295 obser-

732 2320 785 2361 vat.
802 2310 848 2360 llle
861 2310 934 2360 enim
952 2309 1031 2359 debet
1050 2308 1217 2376 interrogare
1237 2308 1269 2360 de

733 2379 827 2446 majori
851 2379 962 2445 justitia,
987 2379 1034 2445 qui
1057 2379 1111 2445 jam
1136 2378 1268 2431 minorem

733 2451 904 2518 complevit:
925 2471 938 2498 a
969 2451 1026 2501 haec
1050 2451 1270 2520 Chrysostomut.

733 2524 772 2574 De
790 2523 843 2574 hoc
872 2531 962 2572 autern
992 2522 1179 2588 interrogavit,
1208 2521 1270 2589 quir

733 2593 803 2645 circa
819 2594 871 2643 hoc
885 2601 961 2643 erant
973 2592 1118 2658 opiniones
1136 2610 1144 2645 ε
1158 2592 1268 2661 quidam

734 2666 808 2717 enim
828 2665 953 2715 dicebant
967 2663 1096 2716 sacrificia
1112 2675 1140 2716 et
1154 2664 1270 2717 oblatio*

734 2754 780 2789 nes
817 2737 904 2804 magis
940 2738 1041 2802 placere
1077 2737 1156 2799 Deo,
1189 2752 1269 2806 quam

733 2823 815 2874 opera
840 2807 978 2872 caritatis3
1009 2807 1055 2858 alii
1070 2808 1197 2860 dicebant
1209 2824 1269 2860 con·

733 2879 856 2941 trarium,
880 2880 952 2946 quod
968 2879 1054 2946 magis
1071 2890 1112 2931 est
1135 2896 1240 2932 verum.

765 2975 780 3009 2
806 2959 867 3018 Quo
888 2974 968 3009 seusu
992 2975 1116 3010 uruecrro
1144 2960 1197 3012 Der
1225 2975 1268 3012 est

732 3045 855 3080 urxruuu
864 3045 897 3080 er
905 3045 1007 3080 nuruuu
1017 3031 1183 3083 uauunurr?
1197 3060 1227 3071 -
1235 3030 1269 3083 Er

733 3101 775 3152 ait
796 3101 838 3151 illi
859 3101 941 3152 Jesus
964 3119 972 3152 :
1002 3100 1113 3168 Diliges
1128 3103 1269 3155 Dominum

732 3172 818 3222 Deum
835 3177 917 3222 tuum.
944 3171 1004 3222 Non
1024 3171 1098 3234 dicit,
1113 3174 1263 3226 secundum

733 3241 957 3309 Chrysostomum
972 3259 981 3293 :
996 3242 1086 3304 Time,
1108 3244 1155 3294 sed
1171 3260 1179 3296 ε
1198 3243 1269 3296 Dili-

731 3313 981 3379 ges;ti1nereenim
1001 3315 1269 3385 servorum,diligete

731 3393 772 3434 est
807 3384 935 3436 filiorum.
952 3386 1013 3435 Non
1050 3384 1118 3436 dicit
1155 3386 1268 3438 etiamr

732 3456 877 3522 Cognosce,
917 3457 988 3508 sed:
1016 3456 1141 3523 Diliges,·
1172 3472 1271 3525 cogno·

731 3541 804 3576 scere
833 3527 907 3577 enim
936 3527 1025 3577 Deum
1056 3527 1203 3594 proprium
1232 3535 1271 3580 est

730 3598 858 3650 humanae
869 3608 981 3660 naturae,
992 3598 1107 3665 diligere
1120 3610 1272 3664 auteme-

731 3668 819 3735 ligiosi
839 3666 927 3719 cordis
949 3679 975 3720 et
1001 3668 1075 3720 recti.
1092 3670 1216 3738 Diliges,
1234 3671 1271 3723 iu·

731 3754 823 3806 quam,
847 3740 991 3791 Dominum
1012 3739 1099 3792 Deum
1124 3747 1209 3809 tuum,
1236 3754 1272 3794 ert

731 3817 786 3864 toto
810 3815 959 3878 cordetuo,
983 3813 1011 3864 id
1037 3823 1078 3865 est
1105 3830 1139 3867 ex
1157 3825 1216 3879 toto
1237 3816 1273 3869 in·

730 3883 837 3936 tellectu
862 3884 922 3936 sine
945 3900 1042 3949 errore,
1060 3895 1093 3937 ut
1117 3888 1229 3943 nullum
1244 3887 1272 3940 in
