2632 4320
159 304 356 357 MEDITATIO
375 305 409 356 IN
428 304 546 356 PRIMIS
561 303 729 356 VESPERIS
744 307 791 357 DE
808 306 913 359 COENA
929 307 1065 360 DOMINI.
1107 309 1174 383 Ι385

553 530 688 581 ORATIO

90 703 115 752 O
134 700 197 751 Jesu
214 699 434 760 clementissime,
458 699 506 765 qui
529 699 634 751 labores
657 699 686 751 in
703 700 881 766 praedicando,
896 700 1066 768 fatigationes
1080 702 1108 752 in
1121 702 1173 752 dis-

57 769 201 831 currendo,
225 771 343 821 convitia
355 781 381 821 et
396 769 549 836 opprobria,
572 770 686 836 injurias
707 779 733 822 et
755 771 892 837 angustias
913 786 961 838 pro
984 783 1076 823 nostra
1094 774 1179 824 salute

57 841 205 908 pertulisti,
223 856 253 892 ac
264 836 372 892 tandem
384 840 418 892 ab
432 857 487 891 uno
502 841 699 907 discipulorum
717 851 827 893 tuorum
844 843 931 903 vendi,
946 851 972 894 et
986 858 1002 894 a
1017 844 1115 895 Iudaeis
1128 859 1179 910 ap-

57 912 170 980 pretiari
186 913 296 979 triginta
318 913 459 979 argenteis,
482 912 520 963 sic
538 927 649 980 quoque
663 913 711 963 vili
727 913 814 980 pretio
829 915 909 965 vendi
923 913 1043 975 voluisti,
1059 914 1091 964 da
1107 914 1176 964 mihi

56 994 137 1037 tantae
150 985 283 1051 patientiae
298 995 324 1036 et
338 986 502 1037 humilitatis
515 987 670 1052 exemplum
681 986 792 1047 imitari,
803 997 883 1054 atque
897 988 1050 1054 opprobria,
1066 987 1177 1052 injurias

58 1066 84 1109 et
100 1057 195 1108 omnia
208 1071 269 1123 quae
283 1056 352 1107 mihi
374 1057 447 1108 illata
461 1056 563 1108 fuerint
577 1057 709 1124 patienter
722 1067 768 1109 tua
781 1059 865 1124 gratia
880 1069 981 1126 tuoque
993 1059 1108 1110 consilio
1131 1074 1179 1109 su-

57 1142 159 1193 perare,
174 1136 200 1178 et
221 1142 269 1193 pro
289 1127 364 1178 nulla
384 1143 412 1178 re
433 1127 585 1178 transitoria
599 1138 625 1179 te
639 1127 763 1195 nequiter
784 1139 960 1194 commutare,
983 1128 1178 1195 vilipensiones

57 1213 169 1266 quoque
182 1214 254 1250 meas
277 1208 303 1249 et
326 1198 464 1264 angustias
483 1214 531 1265 pro
556 1199 596 1250 tui
619 1199 740 1250 nominis
753 1199 838 1265 gloria
853 1200 1042 1266 aequanimiter
1056 1201 1176 1251 tolerare.

58 1274 157 1324 Amen.

491 1653 670 1725 'CAPUT
692 1654 779 1724 LIII

151 1904 345 1976 Meditatio
370 1905 406 1975 in
423 1905 557 1998 primis
575 1904 725 1998 vesperis
748 1905 790 1974 de
813 1926 905 1974 coena
928 1904 1084 1973 Domini.

326 2157 471 2222 Matthaei
492 2179 560 2242 cap.
586 2161 639 2239 26,
662 2157 763 2222 Marci
787 2179 856 2242 cap.
884 2180 924 2242 14

473 2279 503 2329 et
525 2265 620 2329 Lucae
643 2285 710 2349 cap.
729 2286 781 2329 22.

94 2501 104 2537 1
123 2485 253 2547 Qunaoua
265 2501 466 2538 rnrucrranrrsn
478 2504 504 2538 rra
515 2503 594 2539 uarr-

59 2574 96 2610 us
108 2574 186 2610 emus
197 2575 357 2621 rrramrsnm,
372 2577 488 2611 rorrnsu
498 2577 594 2612 carrar-

60 2644 109 2681 nus
140 2645 339 2681 nasorvsurun.
363 2659 395 2668 —
425 2631 594 2683 Adveniente

59 2699 113 2764 jam
128 2708 154 2751 et
170 2699 330 2752 imminente
345 2710 465 2767 tempore
479 2702 594 2752 misera-

60 2769 167 2821 tionum
175 2779 204 2820 et
217 2769 462 2822 mIsericordiarum
474 2772 593 2834 Domini,

60 2856 116 2907 quo
134 2840 305 2906 disposuerat
325 2843 431 2908 plebem
446 2857 523 2893 suam
538 2844 594 2894 sal-

60 2927 122 2963 vam
142 2911 238 2974 facere,
252 2921 278 2963 et
290 2928 349 2964 eam
364 2928 415 2965 non
432 2915 595 2980 corruptibi-

61 2983 131 3035 libus
145 2998 216 3036 auro
233 2991 260 3036 et
275 2991 399 3052 argento,
415 2986 463 3037 sed
472 2987 594 3052 pretioso

60 3055 197 3121 sanguine
217 3070 267 3105 suo
281 3056 423 3117 redimere,
438 3057 523 3108 voluit
538 3074 594 3109 coe-

61 3138 125 3176 nam
141 3123 229 3176 faeere
243 3141 305 3177 cum
319 3126 461 3194 discipulis
475 3129 532 3180 suis
549 3145 595 3179 no-

60 3195 188 3259 tabilem,
229 3207 375 3266 antequam
408 3200 442 3250 ab
478 3201 517 3251 eis
549 3216 595 3267 per

61 3275 179 3318 mortem
200 3267 356 3330 discederet,
378 3270 407 3319 in
433 3271 542 3337 signum
569 3281 595 3321 et

62 3339 222 3392 memoriale
234 3341 435 3404 reeordationis,
451 3353 477 3394 et
489 3353 520 3395 ut
533 3360 595 3411 my-

59 3413 141 3466 steria
176 3430 237 3483 quae
271 3416 409 3468 restabant
438 3418 601 3484 compleret.v

62 3483 125 3536 Ilaec
145 3493 239 3536 autem
260 3500 336 3537 coena
353 3485 523 3554 praefigurata
544 3486 595 3539 fuit

10 3610 14 3619 Ι
61 3553 91 3606 in
108 3555 237 3622 panibus,
251 3572 321 3622 quos
336 3557 496 3608 Abimelech
509 3557 595 3609 David

11 3662 16 3671 ·
62 3626 227 3695 porrigebat.
241 3628 274 3679 Et
286 3628 428 3695 magnifica
442 3629 519 3680 valde
529 3630 594 3691 fuit,

10 3704 14 3763 l
61 3707 88 3751 et
112 3699 258 3767 magnifica
281 3711 354 3761 sunt,
373 3717 433 3767 quae
463 3703 596 3754 Dominus

10 3770 15 3835 ’ς
61 3768 100 3821 ibi
120 3769 195 3835 feeit,
214 3771 248 3821 ad
262 3785 323 3837 quae
338 3771 467 3823 intuenda
483 3781 509 3822 te
526 3788 597 3839 prae-

60 3852 180 3906 sentem,
215 3857 278 3895 cum
311 3844 461 3896 attentione
489 3860 597 3897 summa

61 3913 173 3978 exhibe,
186 3913 253 3983 quia
275 3914 299 3967 si
317 3915 370 3967 hoc
383 3916 465 3983 digne
484 3925 510 3967 et
525 3917 596 3983 vigi-

146 4032 220 4087 vna
240 4032 304 4087 Jasu
323 4035 444 4101 Cnmsrr,
461 4049 549 4088 rouus
564 4034 609 4090 111.

655 2487 739 2538 lanter
769 2485 873 2545 feceris,
896 2501 951 2535 non
975 2484 1091 2549 patietur
1111 2484 1185 2537 beni·

655 2573 725 2624 gnus
738 2555 871 2606 Dominus
894 2564 921 2604 te
942 2554 1063 2620 jejunum
1087 2555 1182 2607 redire.

656 2628 731 2679 Circa
754 2626 840 2692 ipsam
857 2625 941 2692 igitur
962 2639 1066 2675 coenam
1083 2625 1185 2690 princi-

656 2701 751 2767 paliter
774 2699 905 2767 quinque,
929 2712 990 2764 quoe
1004 2697 1042 2747 ibi
1058 2698 1186 2749 notabili·

656 2783 697 2824 ter
723 2772 790 2824 facta
820 2781 892 2832 sunt,
914 2769 1068 2821 meditanda
1089 2786 1186 2822 occur-

657 2854 721 2895 runt
760 2861 768 2895 t
808 2843 915 2910 primo,
944 2841 1002 2908 ipsa
1041 2842 1187 2907 corporalis

657 2916 789 2982 coenatio;
804 2915 932 2976 secundo,
948 2914 1048 2980 pedum
1062 2915 1185 2982 discipu-

657 2989 748 3038 lorum
767 3003 815 3053 per
833 2985 982 3055 Dominum
1002 2986 1094 3037 lesum
1108 2987 1187 3038 ablu-

657 3059 708 3124 tio;
738 3058 834 3118 tertio,
867 3056 1004 3108 caritativa
1041 3057 1187 3123 proditoris

658 3129 807 3196 eorrepti03
825 3136 931 3195 quarto,
946 3127 1119 3179 sacratIssimi
1138 3128 1187 3178 Sa-

657 3201 785 3251 cramenti
814 3198 965 3262 institutio;
990 3198 1096 3265 quinto,
1122 3196 1186 3263 pul-

657 3269 785 3322 cherrimi
798 3269 931 3321 sermonis
944 3284 992 3335 per
1009 3269 1098 3334 Ipsum
1108 3282 1186 3317 corn-

658 3343 766 3411 positio.

689 3431 705 3466 a
724 3416 785 3467 Duo
804 3429 961 3468 urrruurun
983 3415 1117 3463 Arosrom
1144 3427 1189 3461 nr>-

657 3501 858 3538 rnmrnanunua
879 3497 1048 3536 amnicorum.
1068 3480 1189 3533 -Circa

658 3557 780 3624 primurn
803 3556 918 3617 attende,
938 3554 1012 3621 quod
1029 3552 1121 3618 prima
1144 3551 1190 3602 die

659 3644 832 3696 azymorum,
842 3627 916 3678 idest
927 3625 1019 3676 eadem
1026 3623 1070 3674 die
1078 3623 1106 3673 in
1114 3623 1191 3687 cujus
1249 3623 1253 3630 '

659 3715 771 3767 vespera
785 3709 841 3750 erat
851 3712 935 3764 agnus
955 3694 1150 3754 immolandus,
1165 3702 1192 3744 et

663 3788 727 3824 cum
741 3770 842 3839 azymis
855 3768 984 3830 edendus,
1001 3766 1102 3819 scilicet
1114 3780 1192 3832 quar·

662 3845 793 3896 tadecIma
813 3843 857 3893 die
878 3857 925 3894 seu
944 3841 1009 3892 luna
1035 3837 1148 3899 mensis,
1163 3836 1192 3890 id

662 3926 704 3970 est
715 3931 776 3984 quae
787 3925 843 3969 erat
853 3914 919 3968 feria
930 3913 1035 3981 quinta,
1050 3921 1076 3963 et
1086 3909 1194 3965 Paschae

1052 4027 1090 4078 ab
