2632 4320
159 286 211 352 348

154 402 263 461 bonam,
285 409 311 450 et
331 399 364 449 ad
384 399 557 465 implendum
572 398 690 464 obligan-

153 484 207 525 tem
234 491 242 523 ε
270 479 296 524 et
318 487 369 523 uon
394 487 423 522 se
454 472 632 538 praeparavit,
655 471 688 521 ad

153 545 265 604 bonum,
284 549 310 594 et
325 558 376 594 non
394 544 466 609 secit
486 543 628 593 secundum
646 556 689 592 vo·

153 613 280 663 luntatem
294 611 360 678 ejus
375 611 463 677 ipsam
475 611 503 660 in
517 626 596 677 opere
607 608 689 659 adim-

153 685 261 751 plendo,
273 695 299 735 et
309 684 389 734 etiam
401 685 430 734 in
445 700 525 750 opere
535 682 687 750 potissime,

155 773 185 808 ac
199 757 285 823 magis
299 757 466 824 beneplacito
481 756 614 819 Domino;
629 755 689 820 pla-

153 830 195 895 gis
205 831 349 895 vapulabit,
366 830 392 880 id
407 839 447 880 est
462 828 597 895 punietur,
615 827 685 877 mui-

156 901 200 963 tis,
216 901 280 967 quia
294 901 410 966 peccavit
425 901 454 950 in
466 899 568 959 multis,
584 908 611 949 et
624 897 688 964 quia

158 970 321 1036 contempsit
341 986 395 1020 non
412 969 533 1020 faciendo
550 968 623 1035 quod
646 967 688 1018 fa-

154 1040 280 1091 ciendum
303 1041 410 1091 sciebat.
435 1039 509 1090 Talis
532 1039 605 1089 enim
630 1054 686 1088 non

157 1110 368 1179 exignorantia,
385 1111 431 1160 sed
448 1126 480 1160 ex
492 1120 562 1160 certa
576 1109 687 1160 scientia

155 1191 259 1245 peccat,
279 1191 305 1231 et
326 1181 439 1231 scienter
461 1196 575 1246 peccans
600 1180 695 1247 magis¹

154 1250 301 1302 Dominum
317 1251 476 1311 contemnit,
491 1262 518 1301 et
531 1252 591 1318 plus
606 1252 687 1301 offen·

153 1320 201 1380 dit,
222 1335 252 1371 ac
277 1322 355 1371 vivus
375 1321 404 1371 in
426 1320 561 1371 infernum
579 1322 687 1372 descen·

152 1389 201 1440 dit.
227 1391 293 1440 Ecce
323 1392 396 1457 quod
424 1391 537 1442 scientia
562 1400 685 1457 aggravat

153 1462 270 1526 culpam.
295 1464 372 1514 Unde
395 1463 576 1529 Gregorius:
598 1481 612 1510 a
631 1463 684 1514 Ubi

152 1533 255 1583 donum
271 1535 379 1600 majoris
393 1536 518 1597 scientiae,
539 1536 577 1586 ibi
598 1545 686 1586 trans-

152 1618 258 1668 gressor
281 1605 376 1670 majori
407 1606 523 1671 subjacet
550 1607 643 1673 culpae.
670 1625 684 1654 n

154 1672 189 1722 Et
204 1673 414 1742 Chrysostomus
429 1694 437 1726 :
455 1695 469 1722 a
489 1676 585 1727 Levior
608 1677 685 1743 culpa

153 1752 194 1793 est
225 1745 364 1796 veritatem
390 1762 444 1795 non
469 1748 684 1812 apprehendere,

152 1830 235 1881 quam
274 1828 445 1869 contemnere
479 1820 683 1885 apprehensam.

152 1884 214 1935 Non
243 1886 316 1936 enim
343 1887 468 1938 similiter
498 1888 525 1938 in
555 1890 684 1941 omnibus

151 1954 243 2005 omnia
256 1956 417 2022 judicantur,
433 1960 479 2009 sed
492 1960 578 2025 major
589 1960 684 2027 cogni-

152 2025 190 2076 tio
205 2025 236 2077 fit
249 2027 358 2092 majoris
374 2045 458 2095 poenae
470 2031 585 2083 occasio.
600 2051 614 2080 n
630 2033 686 2084 Un-

152 2095 186 2146 de
211 2100 333 2149 sacerdos
362 2101 455 2150 eadem
484 2117 595 2167 peccans
621 2119 684 2153 cum

152 2169 271 2233 populo,
299 2172 385 2221 multo
412 2173 532 2237 graviora
561 2173 684 2240 patietur.

151 2238 254 2290 Seruus
279 2248 366 2292 autem
394 2244 440 2307 qui
464 2259 515 2294 non
541 2247 683 2311 coguovit,

152 2309 254 2361 scilicet
278 2314 444 2365 voluntatem
477 2316 606 2378 Domini,
638 2319 684 2369 sed

151 2381 219 2433 scire
242 2386 330 2449 potuit
345 2387 368 2437 si
389 2387 526 2453 negligens
545 2405 601 2440 non
615 2389 686 2442 fuis-

151 2464 199 2516 set,
219 2462 246 2506 et
260 2457 338 2531 jecit,
354 2471 466 2525 peccata,
480 2460 566 2528 digna
576 2462 682 2528 plagia,

150 2535 177 2575 et
195 2529 347 2592 punitione,
368 2531 508 2597 vapulabit
523 2533 629 2597 paucis,
658 2544 684 2585 et

150 2598 243 2652 minus
269 2603 404 2668 punietur,
431 2605 524 2655 ceteris
556 2605 681 2671 paribus,

149 2683 231 2734 quam
244 2671 291 2737 qui
307 2674 423 2724 scienter
434 2684 530 2739 peccat,
545 2685 571 2726 et
585 2691 617 2726 ex
631 2692 685 2728 cer-

149 2747 176 2788 ta
190 2734 304 2804 malitia3
318 2744 382 2807 quia
394 2745 454 2794 talis
466 2755 554 2810 peccat
565 2761 597 2796 ex
608 2745 683 2811 igno-

148 2809 244 2870 rantia,
271 2827 331 2876 quae
354 2814 483 2866 diminuit
506 2816 540 2866 de
563 2829 680 2882 peccato,

149 2877 202 2929 nisi
225 2880 304 2932 fuerit
326 2885 452 2947 affectata,
469 2887 538 2938 sicut
559 2904 622 2940 cum
637 2891 682 2941 ali-

149 2952 212 3016 quis
225 2955 284 3005 vult
298 2956 420 3023 ignorare
434 2961 511 3023 illud,
525 2964 598 3028 quod
612 2973 682 3015 tene·

149 3032 193 3073 tur
218 3024 303 3076 facere
324 3030 366 3079 vel
387 3032 479 3094 vitare,
503 3042 533 3083 ut
557 3033 681 3086 licentius

149 3093 234 3158 possit
248 3111 354 3161 peccare
369 3116 376 3149 :
391 3116 424 3151 ex
447 3118 544 3169 magna
557 3106 631 3156 enim
644 3107 680 3156 li·

148 3165 239 3217 bidine
258 3170 382 3232 peccandi
404 3175 536 3238 provenit,
552 3192 613 3226 cum
628 3179 679 3229 ali-

147 3236 209 3319 quis
239 3239 296 3290 vult
325 3239 392 3291 illud
422 3243 563 3309 ignorare,
602 3251 677 3316 cujus

147 3309 259 3360 scientia
276 3324 366 3377 posset
385 3329 448 3364 eum
467 3331 481 3366 a
498 3330 603 3381 peccato
623 3320 677 3370 im-

147 3379 247 3442 pedire,
259 3383 300 3432 vel
317 3384 458 3434 retrahere.
474 3387 551 3437 Multi
566 3389 677 3454 quidem

147 3449 310 3503 aestimantes
333 3470 361 3505 se
384 3455 474 3505 minus
496 3459 677 3523 vapulaturos,

147 3518 170 3568 si
192 3523 309 3574 nesciant
330 3526 403 3591 quod
429 3527 531 3592 operari
553 3529 675 3592 debeant,

146 3602 269 3644 avertunt
288 3611 389 3658 aurem,
406 3613 440 3648 ne
452 3600 564 3649 verbum
577 3602 636 3663 Dei,
651 3614 677 3654 et

145 3663 284 3715 veritatem
308 3668 418 3719 audiant
438 3670 480 3720 vel
507 3670 660 3738 intelligant
668 3690 675 3737 ;

146 3731 192 3779 sed
207 3748 268 3783 cum
282 3748 391 3800 possent
413 3739 489 3800 scire,
513 3740 536 3790 si
555 3741 675 3792 studium

144 3802 243 3855 vellent
256 3807 391 3868 adhibere,
407 3827 461 3860 non
476 3821 505 3862 ut
518 3811 674 3875 nescientes,

144 3873 190 3923 sed
210 3885 240 3924 ut
260 3889 456 3945 contemptores
475 3882 672 3946 judicabuntur,

431 284 604 336 SECUNDAE
620 283 744 334 PARTIS
762 282 881 334 CAPUT
896 284 1000 335 XLVII.

743 399 808 464 quia
831 398 877 449 ille
896 399 970 451 solus
985 416 1039 451 non
1058 415 1221 466 cognoscere
1234 402 1278 452 di-

743 469 843 519 cendus
855 477 904 529 est,
927 469 974 535 qui
994 469 1195 535 apprehendere
1211 472 1278 530 vult,

743 538 790 589 sed
806 554 860 589 non
876 539 960 602 valet;
984 540 1017 590 de
1031 539 1131 590 talibus
1155 540 1279 606 personis

742 608 840 674 legitur
854 608 883 659 in
899 609 958 669 Job,
974 609 1046 676 quod
1061 609 1189 661 dixerunt
1204 611 1278 663 Deo:

742 681 848 732 Recede
867 695 885 732 a
907 681 990 744 nobie,
1011 680 1150 731 scientiam
1174 682 1278 734 uiarum

743 757 849 803 tuarum
886 752 1017 804 nolumus
1053 751 1132 802 Unde
1163 753 1242 804 Beda
1269 771 1278 805 .·

743 823 849 874 «Multi
871 823 939 874 hanc
961 823 1121 874 sententiam
1144 825 1215 875 male
1232 824 1277 875 in-

741 892 889 960 telligentes
900 894 997 944 nolunt
1008 894 1076 944 scire
1088 893 1157 959 quid
1169 893 1278 955 faciant,

740 973 767 1015 et
778 965 856 1031 quasi
873 965 965 1016 minus
978 981 1007 1016 se
1020 967 1194 1032 vapulaturos
1208 967 1279 1018 aesti·

741 1046 824 1099 mant,
840 1036 863 1086 si
879 1037 997 1087 nesciant
1017 1037 1083 1102 quid
1100 1036 1206 1102 operari
1228 1038 1277 1088 de-

740 1109 861 1158 buerant.
894 1108 945 1158 Sed
976 1108 1050 1158 aliud
1078 1118 1119 1158 est
1143 1107 1278 1170 nescisse,

739 1177 812 1228 aliud
840 1186 880 1228 est
908 1179 976 1229 scire
1010 1177 1129 1229 noluisse
1158 1196 1165 1230 ε
1192 1179 1277 1230 nescit

740 1265 867 1316 namque,
899 1250 947 1317 qui
983 1250 1184 1316 apprehendere
1209 1253 1278 1313 vult,

739 1332 766 1374 et
780 1338 834 1373 non
856 1324 937 1386 valet;
957 1323 1004 1389 qui
1025 1334 1115 1373 autem
1131 1334 1162 1374 ut
1176 1323 1278 1375 nesciat

739 1408 831 1445 aurem
846 1410 860 1444 a
873 1410 937 1445 voce
954 1393 1073 1444 veritatis
1096 1394 1201 1456 avertit,
1225 1394 1275 1445 iste

738 1481 793 1515 non
815 1466 943 1526 nesciens,
958 1466 1003 1515 sed
1020 1473 1190 1530 contemptor
1205 1465 1275 1515 dici·

738 1544 791 1587 tur.
801 1552 815 1582 n
826 1536 903 1586 Unde
912 1545 938 1586 et
947 1535 1179 1603 Chr-ysostomus:
1190 1552 1205 1582 u
1216 1535 1276 1585 Non

739 1618 779 1658 est
803 1608 844 1659 eis
876 1608 1013 1658 excusatio
1041 1606 1277 1659 condemnationis

739 1678 891 1744 ignorantia
903 1679 1032 1739 veritatis,
1045 1678 1147 1745 quibus
1164 1677 1217 1729 fuit
1231 1678 1276 1729 in-

738 1749 863 1800 veniendi
887 1748 1008 1808 facilitas,
1033 1748 1055 1798 si
1081 1748 1177 1799 luisset
1199 1763 1275 1816 quae-

739 1819 815 1869 rendi
835 1818 955 1883 facultas,
980 1835 1043 1869 narn
1058 1818 1167 1880 veritas,
1192 1819 1275 1880 salus,

738 1899 766 1940 et
778 1890 833 1941 vita
847 1889 1067 1956 cognoscentium
1084 1905 1113 1939 se
1126 1888 1214 1954 magis
1228 1890 1275 1940 de·

740 1959 785 2010 bet
808 1961 904 2027 quaeri,
925 1975 1007 2026 quam
1022 1975 1152 2026 quaerere.
1168 1978 1181 2007 n
1197 1959 1275 2011 Unde

739 2030 817 2082 etiam
838 2032 1020 2082 Bernardus:
1037 2049 1051 2077 a
1066 2031 1152 2081 Multa
1166 2031 1275 2082 scienda

739 2101 895 2152 nesciuntur
917 2119 924 2152 2
953 2111 999 2151 aut
1028 2101 1130 2152 sciendi
1156 2100 1274 2161 incuria,

738 2182 785 2224 aut
797 2172 917 2224 discendi
930 2173 1042 2233 desidia,
1055 2183 1100 2224 aut
1115 2172 1274 2224 verecundia

738 2246 911 2313 inquirendi,
934 2257 959 2298 et
981 2246 1092 2314 quidem
1116 2245 1274 2311 hujusmodi

739 2316 891 2383 ignorantia
921 2333 977 2368 non
1013 2317 1094 2368 habet
1121 2317 1273 2368 excusatio·

740 2401 811 2438 nem.
833 2406 848 2436 v>
868 2388 904 2439 Et
924 2388 1043 2439 iterum:
1060 2389 1202 2443 «Frustra
1222 2387 1274 2439 sibi

738 2459 771 2509 de
783 2458 947 2522 infirmitate,
966 2459 1007 2510 vel
1024 2459 1178 2526 ignorantia
1194 2460 1273 2509 blan-

738 2529 860 2593 diuntur,
883 2531 930 2596 qui
962 2540 992 2580 ut
1017 2530 1131 2581 liberius
1154 2539 1272 2596 peccent,

737 2600 851 2653 libenter
860 2602 903 2652 vel
916 2601 1048 2667 ignorant,
1063 2601 1105 2651 vel
1126 2600 1271 2651 infirman-

737 2681 803 2721 tur:
819 2692 833 2721 n
850 2672 908 2722 haec
926 2672 1094 2722 Bernardus.
1119 2672 1172 2723 Sed
1195 2671 1271 2738 pauci

736 2757 784 2808 per
800 2743 980 2808 ignorantiam
1004 2733 1176 2804 excusantur,
1198 2742 1270 2811 quia,

736 2822 766 2864 ut
781 2813 819 2864 ait
835 2814 890 2865 Leo
905 2815 984 2878 Papa,
999 2812 1138 2863 intonante
1150 2812 1273 2880 quotidie

735 2884 846 2934 auribus
863 2884 963 2934 nostris
978 2883 1086 2950 eloquio
1105 2883 1165 2946 Dei,
1183 2883 1273 2934 omnis

735 2956 819 3007 homo
835 2956 901 3023 quid
918 2955 1017 3006 divinae
1035 2955 1146 3020 justitiae
1161 2957 1271 3022 placeat,

735 3026 801 3076 scire
824 3026 1000 3077 convincitur.
1025 3026 1103 3077 Unde
1124 3035 1150 3077 et
1172 3026 1272 3078 Beda:

735 3118 749 3147 a
763 3100 849 3150 Nemo
870 3099 953 3164 igitur
972 3115 1004 3150 ex
1027 3115 1058 3149 eo
1071 3099 1147 3166 quod
1168 3100 1270 3150 dictum

734 3179 784 3231 est,
798 3185 906 3221 servum
926 3170 1088 3221 nescientem
1103 3170 1269 3221 voluntatem

734 3242 844 3293 Domini
857 3242 983 3307 vapulare
1003 3243 1089 3310 plagis
1113 3243 1217 3310 paucis,
1230 3242 1269 3292 in-

733 3315 932 3380 terpretandum
944 3314 978 3364 de
999 3315 1119 3366 remedio
1134 3313 1267 3368 nesciendi

733 3396 884 3453 praesumat,
902 3386 960 3452 qui,
984 3398 1014 3436 ut
1035 3387 1087 3438 alia
1107 3399 1221 3450 taceam,
1237 3401 1267 3437 ex

732 3474 764 3510 eo
787 3459 846 3526 ipso
870 3459 942 3525 quod
966 3459 1049 3509 homo
1073 3471 1123 3522 est,
1135 3478 1186 3513 nec
1201 3459 1267 3511 mala

732 3545 793 3596 quae
809 3539 906 3592 caveat,
924 3544 973 3578 nec
999 3530 1069 3580 bona
1093 3540 1185 3597 potest
1199 3531 1267 3596 igno-

731 3616 788 3651 rare
810 3616 871 3667 quae
893 3609 1007 3666 appetat.
1030 3621 1043 3648 n
1065 3603 1103 3654 Ut
1120 3601 1265 3654 autemhic

731 3672 796 3723 dicit
808 3673 909 3724 Glossa
923 3688 931 3723 :
947 3690 960 3718 α
976 3673 1048 3723 Inter
1062 3689 1160 3726 omnes
1176 3685 1265 3743 poenas

731 3745 874 3796 mitissima
895 3756 936 3795 est
956 3761 1068 3811 eorum,
1093 3747 1142 3814 qui
1171 3757 1263 3815 praeter

730 3816 858 3883 originale
877 3827 1015 3882 peccatum
1031 3819 1140 3870 nullum
1155 3820 1263 3871 addide-

730 3896 794 3936 runt
801 3903 809 3951 3
828 3886 917 3937 minor
932 3898 1023 3951 postea
1036 3903 1145 3951 eorum,
1167 3889 1214 3958 qui
1233 3903 1261 3940 ex
