2632 4320
141 287 191 341 182
430 284 606 338 SECUNDAE
623 283 747 335 PARTIS
765 285 883 336 CAPUT
901 287 998 337 XXIII.

137 402 252 454 sollicite
274 400 361 461 nobis,
383 402 455 467 quod
476 401 560 452 factus
572 409 612 451 est
624 401 673 450 be-

138 473 222 538 nigne
233 487 281 537 pro
293 472 380 522 nobis.
395 492 409 519 n

169 561 184 610 7
202 545 331 594 Zacrrreus
355 561 388 594 ur
412 545 544 595 Pnanrsrar
560 559 673 594 nunnu-

139 631 248 673 nmvres,
265 631 292 664 nv
307 631 387 666 seusu
397 632 515 666 nvsrrco.
530 645 560 652 -
572 616 602 665 ln
615 630 674 664 sen-

140 701 173 736 su
195 695 284 736 autem
308 686 432 752 mystico,
457 696 488 736 ut
510 685 576 735 dicit
601 685 672 734 idem

140 759 218 811 Beda
235 777 243 808 ι
258 760 424 820 «Zachaeus,
444 760 491 826 qui
512 759 674 824 interpreta-

140 839 185 880 tur
192 830 371 898 justificatuS,
385 833 537 882 credentem
553 846 585 880 ex
599 831 675 881 Gen-

140 899 216 953 tibus
238 903 369 967 populum
395 902 536 967 significat,
560 901 607 967 qui
628 916 675 967 per

140 973 345 1037 occupationem
362 972 550 1038 temporalium
565 973 674 1038 depres-

140 1060 187 1094 sus
201 1056 256 1094 erat
275 1056 300 1095 et
314 1046 455 1107 minimus,
470 1046 516 1096 sed
530 1046 675 1104 aDomino

140 1115 319 1166 sanctificatus
325 1134 333 1181 ;
348 1115 395 1182 qui
410 1115 556 1166 intrantem
568 1115 675 1166 Jericho

139 1187 304 1238 Salvatorem
327 1188 417 1238 videre
438 1188 531 1251 voluit,
553 1189 619 1238 dum
640 1187 676 1238 fi-

140 1258 202 1307 dem
224 1273 305 1323 quam
331 1258 432 1308 mundo
452 1258 550 1319 attulit,
566 1258 676 1323 partici-

139 1343 204 1393 pare
230 1327 376 1392 quaesivit:
397 1348 410 1376 n
432 1329 489 1378 haec
514 1329 597 1380 Beda.
628 1330 676 1379 Per

140 1397 251 1448 divitem
275 1399 355 1449 etiam
382 1399 474 1460 istum,
499 1399 599 1450 scilicet
622 1400 675 1449 Za-

141 1470 256 1530 chaeum,
285 1472 332 1537 qui
357 1473 494 1538 quaerebat
519 1473 608 1523 videre
631 1474 676 1523 Je-

141 1557 213 1603 sum,
238 1545 284 1594 sed
299 1546 496 1610 impediebatur
509 1547 676 1611 perturbem

142 1623 169 1664 et
185 1623 293 1666 staturae
310 1631 365 1666 suae
379 1616 546 1681 parvitatem,
562 1616 676 1682 intelligi

142 1693 231 1749 potest
245 1685 360 1751 quilibet
374 1687 458 1751 dives,
478 1687 525 1754 qui
542 1687 575 1737 de
591 1687 676 1737 salute

143 1769 193 1805 sua
215 1756 381 1818 sollicitatur,
407 1759 453 1808 sed
479 1773 525 1824 per
542 1758 676 1808 turbatio-

145 1842 207 1877 nem
231 1828 448 1892 phantasmatum
474 1829 543 1879 circa
556 1866 559 1871 -
571 1829 677 1894 negotia

144 1899 312 1963 temporalia,
328 1909 353 1949 et
370 1916 416 1965 per
429 1900 566 1965 propriam
581 1900 677 1964 imper-

142 1968 287 2020 fectionem
304 1971 462 2037 impeditur3
479 1982 587 2036 propter
604 1972 678 2037 quod

144 2041 286 2090 ascendere
302 2041 381 2090 debet
403 2041 431 2090 in
444 2041 577 2101 arborem,
593 2041 620 2091 id
637 2053 677 2092 est

142 2111 176 2159 ad
195 2111 335 2161 Christum
352 2128 398 2177 per
423 2111 583 2172 orationem,
607 2129 676 2178 quae,

142 2183 292 2233 secundum
308 2184 512 2245 Damascenum,
529 2193 569 2233 est
581 2200 677 2234 ascen-

117 2264 123 2271 ·
143 2266 190 2301 sus
206 2253 306 2302 mentis
320 2253 347 2302 in
363 2253 464 2316 Deum;
483 2263 509 2303 et
529 2253 567 2304 sic
582 2255 675 2305 Iesum

141 2321 232 2372 videre
258 2334 391 2386 meretur;
416 2332 443 2373 et
464 2334 566 2388 partem
587 2324 675 2375 bono-

141 2407 204 2445 tum
218 2409 330 2444 suorum
350 2395 513 2461 pauperibus
528 2395 600 2456 dare,
612 2406 637 2446 et
651 2396 674 2446 si

142 2478 224 2529 quem
250 2465 416 2516 defraudavit
448 2464 561 2516 fideliter
594 2466 676 2515 resti-

143 2544 226 2586 tuere.
247 2537 297 2586 Per
316 2537 466 2588 Pharisaeos
485 2547 576 2587 autem
597 2552 676 2586 mur-

728 410 864 451 murantes
877 400 989 467 intelligi
999 411 1115 467 possunt
1127 400 1263 466 maledici,

728 473 862 523 bonorum
877 488 957 538 opera
970 473 1154 537 depravantes,
1165 483 1192 523 et
1203 488 1264 539 quae

727 541 794 592 bene
817 541 888 593 fiunt
912 543 941 593 in
956 543 1057 593 malurn
1081 542 1264 609 interpretan-

727 623 783 676 tes;
809 614 855 664 sed
870 613 903 663 de
919 613 963 663 his
980 629 1035 663 non
1050 623 1090 664 est
1104 615 1264 673 curandum,

728 702 777 737 nec
793 687 853 738 ideo
870 702 886 736 a
908 687 980 736 bono
994 702 1073 751 opere
1095 688 1263 746 cessandum,

729 758 784 808 imo
807 758 898 825 potius
921 767 947 808 et
969 757 1066 807 fortius
1085 757 1111 808 ei
1133 757 1265 808 insisten-

727 829 803 879 dum.

759 903 776 952 8
790 903 850 953 Cun
875 919 1032 953 massonam
1045 919 1079 951 nr:
1098 918 1201 952 nonme
1214 919 1265 952 ,vo-

728 990 783 1024 arnr
809 990 961 1032 nouemque
986 989 1099 1023 lseuurr
1130 973 1266 1024 Cnnrsrus

728 1062 798 1097 runc
812 1046 1012 1097 rnorosuenrr?
1023 1074 1053 1083 -
1068 1047 1101 1095 Et
1113 1045 1180 1108 quia
1191 1058 1266 1096 erant

729 1131 812 1182 prope
836 1116 1000 1175 Jerusalem,
1024 1130 1086 1181 quae
1113 1126 1154 1165 est
1185 1129 1266 1181 caput

730 1187 816 1253 regni,
836 1197 862 1236 et
884 1186 1076 1237 existimabant
1091 1187 1176 1253 aliqui
1194 1188 1266 1237 Pha-

730 1259 871 1308 risaeorum
896 1269 921 1309 et
948 1258 1029 1309 etiarn
1054 1259 1263 1323 discipulorum,

729 1330 802 1397 quod
816 1329 906 1381 statim
920 1346 983 1380 cum
997 1341 1066 1381 esset
1078 1331 1106 1380 in
1118 1331 1266 1381 Jerusalem

729 1399 945 1451 manifestaretur
967 1417 1082 1467 regnum
1106 1402 1164 1466 ejus
1186 1417 1267 1468 super

729 1471 845 1534 Judaeos,
868 1487 883 1521 a
903 1471 996 1521 multis
1017 1471 1087 1521 enim
1109 1471 1267 1522 credebatur

730 1540 837 1591 futurus
851 1557 897 1591 rex
911 1542 1001 1601 lsrael,
1026 1542 1176 1592 secundum
1192 1544 1266 1608 quod

730 1611 856 1661 dixerunt
877 1612 947 1678 Magi
964 1629 970 1661 :
990 1612 1041 1662 Ubi
1054 1618 1096 1662 est
1117 1614 1164 1678 qui
1187 1620 1267 1664 natus

731 1688 771 1732 est
784 1696 837 1732 rex
859 1681 1043 1732 ludaeorum?
1067 1683 1100 1733 Et
1117 1683 1171 1748 ipsi
1186 1685 1265 1750 Apo-

731 1752 793 1802 stoli
812 1753 969 1818 quaerebant
985 1753 1019 1802 ab
1033 1768 1064 1803 eo
1080 1770 1087 1803 ε
1103 1753 1227 1819 Domine,
1241 1755 1268 1804 si

731 1823 758 1873 In
788 1829 903 1889 tempore
926 1823 975 1873 hoc
1002 1823 1128 1874 restitues
1151 1839 1268 1891 regnum

731 1895 842 1947 Israel?
861 1897 903 1945 Ad
920 1896 993 1946 hunc
1008 1912 1071 1962 ergo
1083 1912 1203 1947 errorem
1219 1913 1264 1949 re-

731 1967 904 2026 movendum,
925 1967 1029 2016 inducit
1051 1968 1207 2032 parabolam
1233 1970 1267 2019 de

731 2040 844 2090 homine
865 2039 960 2099 nobili,
984 2039 1033 2106 qui
1047 2040 1113 2108 abiit
1132 2040 1162 2090 in
1178 2041 1269 2107 regio-

731 2127 794 2161 nem
817 2110 1004 2175 longinquam,
1028 2121 1054 2160 et
1076 2110 1150 2160 dedit
1174 2111 1267 2163 decem

731 2180 815 2231 servis
836 2181 893 2230 suis
915 2181 1006 2230 decem
1027 2180 1115 2231 minas
1134 2181 1167 2231 ad
1182 2197 1268 2248 nego-

730 2250 863 2302 tiandum.
891 2250 967 2310 Quae,
996 2251 1060 2316 quia
1087 2251 1116 2300 in
1138 2250 1269 2304 sententia

731 2325 873 2375 concordat
896 2339 958 2374 cum
978 2325 1030 2374 alia
1059 2326 1184 2390 parabola
1206 2341 1267 2391 quae

732 2395 802 2446 infra
823 2396 856 2445 de
874 2395 981 2446 talentis
1004 2395 1111 2453 dicitur,
1132 2395 1193 2446 ideo
1209 2397 1266 2447 haec

731 2465 833 2516 ibidem
856 2464 938 2516 simul
962 2482 1023 2516 cum
1047 2466 1095 2517 illa
1120 2467 1265 2534 conjungi-

731 2547 785 2587 tur.

640 2785 776 2836 ORATIO

178 2974 295 3025 Domine
305 2976 367 3025 Jesu
381 2977 497 3037 Christe,
512 2978 560 3043 qui
575 2976 720 3027 Zachaeu'm
738 2975 767 3027 in
783 2991 955 3042 sycomorum
972 2978 1164 3029 ascendentem
1181 2979 1266 3030 mise-

144 3047 286 3101 ricorditer
304 3049 456 3114 respexisti,
473 3065 502 3100 ac
518 3066 581 3100 eum
596 3051 629 3101 ad
646 3061 672 3100 te
686 3064 785 3100 vocans
800 3060 827 3100 et
842 3049 871 3099 in
886 3052 999 3100 domum
1014 3051 1102 3116 ipsius
1123 3051 1265 3108 divertens,

142 3118 177 3171 ab
201 3119 277 3168 omni
300 3119 367 3168 vitio
388 3120 497 3180 sanasti,
519 3122 633 3173 concede
656 3121 725 3171 mihi
744 3121 842 3186 pusillo
861 3131 887 3171 et
905 3122 1015 3182 misero,
1039 3132 1069 3171 ut
1092 3121 1120 3171 in
1142 3123 1263 3173 arborem

144 3189 308 3256 poenitentiae
322 3192 423 3240 valeam
443 3192 595 3256 ascendere,
610 3193 657 3243 ubi
673 3208 718 3242 me
739 3192 824 3243 oculis
841 3192 1033 3243 misericordiae
1054 3193 1178 3259 digneris
1191 3193 1262 3260 aspi-

143 3279 211 3324 cere,
234 3274 261 3313 et
283 3264 316 3313 ad
341 3274 415 3314 tuam
443 3264 556 3329 gratiam
578 3280 682 3326 vocare,
708 3267 812 3316 donans
826 3265 895 3316 mihi
912 3276 942 3316 ut
963 3266 1077 3315 domum
1094 3266 1262 3317 conscIentiae

143 3351 220 3400 meae‚
234 3337 267 3386 ad
282 3346 307 3385 te
321 3335 505 3401 recipiendum
521 3337 604 3403 digne
617 3353 773 3403 praeparem,
789 3350 815 3389 et
832 3354 879 3404 per
890 3349 916 3388 te
932 3348 1005 3388 totus
1021 3338 1138 3389 interius
1151 3348 1179 3389 et
1191 3347 1259 3390 exte-

141 3406 199 3457 rius
222 3406 335 3473 perfecte
353 3421 440 3457 saner.
457 3407 493 3456 Et
511 3409 558 3474 qui
573 3408 671 3457 venisti
687 3408 720 3458 de
734 3409 808 3460 coelis
821 3424 944 3476 quaerere
958 3420 984 3460 et
998 3410 1100 3459 salvare
1116 3409 1190 3475 quod
1204 3421 1253 3473 per-

141 3478 207 3530 ierat
222 3479 249 3529 '1¹1
266 3479 354 3540 terris,
369 3490 399 3529 tu
413 3494 465 3537 me,
482 3481 530 3545 qui
546 3495 593 3545 per
607 3481 714 3545 culpam
731 3482 873 3548 perieram,
889 3482 1022 3548 requiras,
1038 3483 1109 3534 bone
1124 3487 1253 3548 peston-et

141 3551 246 3601 salvum
259 3551 350 3612 facias,
368 3551 410 3616 pie
424 3552 554 3601 Salvator.
568 3552 668 3605 Amen.
