2632 4320
274 236 323 287 DE
339 234 444 287 MODO
461 234 722 287 CORREPTIONIS
737 234 951 299 FRATERNAE,
968 236 1047 307 ETC.

56 362 60 431 J
116 352 182 403 sione
199 352 333 416 Ecclesiae,
348 352 450 419 quibus
469 352 502 403 ab
517 351 633 403 Ecclesia

116 423 212 487 precisi,
233 432 260 473 et
279 422 514 486 excommunicati,
529 422 634 488 privan-

57 504 59 509 '
115 504 155 543 an.
175 493 295 543 Primum
311 493 406 559 tangit,
423 508 486 543 cum
497 491 563 542 dicit
577 509 584 542 :
599 492 633 543 si

57 572 61 609 .'
115 563 154 615 duo
168 578 204 615 ex
214 565 291 614 vobis
304 563 494 625 conanneriar,
508 562 538 612 in
551 563 631 621 bono,

116 648 149 698 per
159 634 284 684 unionem
298 632 370 694 fidei,
386 643 412 684 et
428 648 527 683 nexum
541 632 634 682 carita-

57 718 62 767 ι
114 703 140 754 tis
152 719 229 771 super
248 711 357 766 terram,
374 704 421 754 ubi
438 714 479 754 est
501 712 651 769 opportu-.

57 796 59 805 ·
114 776 168 841 nitas
187 777 307 827 merendi
327 777 368 827 vel
381 776 546 835 demerendi,
561 786 587 825 et
599 776 632 825 de

113 846 160 897 aliis
177 847 328 912 judicandi3
349 848 382 898 de
401 848 474 897 omui
492 861 523 898 re
536 862 631 912 quam-

114 932 196 985 eunque
213 919 351 986 petierint,
366 933 428 968 cum
453 918 505 968 lide
525 929 552 968 et
572 919 631 968 sine

114 991 274 1051 hesitatione,
282 992 336 1057 fiet
350 992 417 1054 illis,
436 992 533 1042 merito
548 993 632 1043 unita-

113 1067 146 1125 tis,
166 1084 182 1119 a
204 1070 292 1119 Patre
307 1082 364 1120 meo
378 1069 426 1135 qui
438 1069 467 1120 iu
480 1069 557 1120 coelis
579 1075 629 1119 est.

113 1138 206 1204 Semper
226 1154 292 1206 ergo
311 1150 420 1189 orantes
440 1139 629 1201 exaudiuntur,

111 1211 317 1261 concurrentibus
324 1209 525 1261 conditionibus
534 1210 566 1261 ad
580 1211 631 1259 hoc

113 1282 233 1346 requisitis
245 1299 252 1332 :
264 1292 295 1332 ut
310 1281 413 1332 scilicet
433 1291 511 1332 orent
531 1295 629 1347 prose,

112 1365 134 1401 te
151 1353 199 1419 pie,
219 1364 247 1404 et
260 1363 470 1419 perseveranter,
494 1363 520 1403 et
539 1362 631 1418 petant

112 1426 272 1490 expedientia,
283 1426 387 1476 scilicet
398 1427 431 1476 ad
444 1426 558 1476 salutem
574 1440 632 1491 per-

59 1534 63 1567 ,
111 1496 215 1561 tinentia,
228 1516 259 1551 ac
277 1501 326 1551 Dei
346 1500 511 1550 ordinationi
532 1515 630 1550 conre-

112 1568 210 1635 uientia;
230 1570 298 1619 etsi
318 1570 394 1636 digni
420 1580 486 1620 sunt
506 1569 558 1634 ipsi
580 1569 628 1636 qui

112 1650 198 1703 petunt.
215 1642 249 1691 Et
260 1641 321 1691 ideo
332 1641 355 1691 si
369 1657 425 1691 non
439 1640 628 1704 exaudiuntur,

59 1700 63 1715 ’
112 1708 159 1759 ideo
169 1709 198 1761 lit
210 1710 277 1776 quia
288 1710 316 1760 in
336 1710 429 1776 aliquo
447 1711 545 1760 horum
560 1709 630 1760 deli'-

59 1772 62 1787 '
110 1778 179 1831 ciunt.
199 1782 277 1846 Saepe
300 1780 381 1831 etiam
403 1797 451 1846 pro
471 1781 532 1831 aliis
545 1795 629 1830 exau-

112 1847 221 1913 diuntur;
247 1851 299 1901 etsi
315 1866 370 1900 non
385 1851 471 1901 oratio
493 1866 588 1902 eorum
600 1851 629 1900 in

111 1917 187 1971 sinum
200 1936 295 1972 eorum
309 1931 485 1972 convertetur.
500 1921 552 1972 Ubi
566 1922 630 1971 Ori-

110 2004 180 2054 genes
197 2011 206 2043 .-
225 1992 350 2043 «Etista
375 2002 415 2042 est
436 1992 518 2042 etiam
540 2007 629 2053 causa,

60 2092 62 2103 ·
110 2075 293 2130 propterquam
310 2081 365 2114 non
379 2064 539 2115 exaudimur
548 2079 630 2114 oran-

109 2143 148 2193 tes,
168 2136 232 2200 quia
260 2152 315 2186 non
342 2135 526 2186 consentimus
550 2135 630 2185 nobis

107 2221 145 2270 per
166 2208 257 2260 omnia
290 2224 372 2275 super
402 2219 518 2269 terram,
542 2224 630 2274 neque

105 2278 227 2345 dogmate,
245 2295 335 2345 neque
347 2280 555 2330 conversatione.
571 2280 631 2330 Sae-

104 2364 131 2414 pe
150 2352 224 2401 enirn
247 2351 278 2401 in
302 2350 433 2412 musicis,
464 2350 517 2401 nisi
549 2349 631 2401 fuerit

101 2422 282 2472 convenientia
310 2437 418 2481 vocum,
443 2438 497 2472 non
520 2422 631 2471 delectat

102 2493 265 2555 audientem
292 2491 331 2541 sic
362 2491 391 2541 in
420 2491 555 2552 Ecclesia,
577 2491 631 2541 nisi

99 2576 257 2613 consensum
274 2562 409 2621 habuerit,
423 2579 478 2613 non
489 2563 633 2612 delectatur

99 2632 165 2685 Deus
176 2634 204 2684 in
217 2649 256 2693 ea,
267 2649 315 2683 nec
327 2633 489 2684 auditvoces
502 2649 605 2685 eorum.
616 2653 630 2682 n

102 2705 148 2755 Ubi
170 2715 198 2756 et
220 2706 409 2773 Hieronymus
428 2723 437 2756 .·
456 2706 631 2757 «Possumus

99 2787 184 2826 autem
204 2785 231 2827 et
250 2777 302 2826 hoc
325 2776 501 2843 spiritualiter
528 2776 632 2827 intelli-

99 2860 156 2911 gere
170 2862 178 2896 ι
192 2847 266 2912 quod
289 2846 342 2896 nisi
365 2847 478 2913 spiritus
499 2856 525 2897 et
542 2848 632 2899 anima

97 2931 245 2985 corpusque
264 2920 459 2980 consenserint,
478 2930 503 2971 et
517 2936 573 2971 non
586 2920 631 2970 in-

98 2998 136 3039 tra
147 3006 177 3041 se
186 2992 290 3041 bellum
303 2991 471 3042 diversarum
483 2992 630 3043 habuerint

99 3062 273 3122 voluntatum,
297 3062 331 3112 de
344 3061 420 3112 omni
441 3077 565 3128 requam
580 3078 631 3129 pe-

98 3132 187 3183 tierint
202 3134 374 3200 impetrante
390 3134 474 3184 Patre.
490 3135 563 3185 Nulli
578 3135 630 3185 du-

100 3202 172 3253 bium
199 3214 240 3254 est
270 3204 338 3270 quin
371 3205 505 3255 bonarum
541 3220 632 3256 rerum

100 3274 240 3336 postulatio
256 3275 300 3334 sit,
324 3275 371 3325 ubi
394 3290 490 3341 corpus
503 3277 561 3327 vult
580 3276 632 3327 ha-

100 3344 157 3394 bere
170 3360 200 3395 es
211 3361 272 3410 quae
285 3345 397 3410 spiritus
410 3362 417 3395 :
432 3365 446 3393 s
462 3346 519 3396 brec
533 3347 633 3398 Hiero-

99 3428 202 3480 nymus.
223 3416 379 3466 Secundum
395 3417 570 3467 commodum
584 3428 632 3478 est,

99 3485 177 3551 quia:
196 3486 249 3537 Ubi
263 3487 316 3537 duo
332 3486 374 3536 uel
391 3492 456 3548 tres,
470 3489 558 3538 multo
573 3504 634 3540 ma·

99 3556 195 3621 gisubi
217 3559 317 3623 plures,
336 3559 499 3624 cougregati
514 3559 632 3624 suerint,

100 3629 176 3683 idest
192 3631 262 3682 uniti
274 3647 322 3696 per
341 3629 422 3681 fidem
443 3642 470 3682 et
488 3633 634 3695 caritatem,

101 3716 152 3751 non
172 3702 264 3765 divisi,
290 3717 338 3767 per
357 3702 524 3753 discordiam
538 3713 566 3755 et
583 3705 635 3755 dis-

98 3773 260 3836 tensionem,
280 3788 335 3823 non
352 3773 477 3839 dispersi,
493 3790 540 3840 per
550 3785 635 3827 terre-

99 3857 192 3895 narum
204 3859 294 3895 rerum
306 3842 561 3910 concupiscentiam,
576 3863 631 3899 non

1183 234 1219 302 ⁶7

684 353 826 419 segregati,
841 367 888 419 per
901 351 1123 419 singularitatem,
1134 351 1162 401 in
1174 366 1221 403 no-

684 424 755 473 mine
771 438 836 487 meo,
861 423 888 472 id
911 434 950 473 est
969 423 1002 473 ad
1025 422 1139 472 salutem
1153 437 1221 488 pro-

685 494 781 558 priam,
795 496 836 545 vel
859 494 973 544 alienam
987 493 1171 559 querendam,
1185 494 1220 544 ad

685 565 799 631 gloriam
823 564 943 614 nominis
967 564 1021 614 mei
1043 562 1219 613 manifestan-

684 637 756 697 dam,
776 636 848 686 unde
870 636 1001 687 Rabauus
1029 652 1038 685 .·
1058 636 1088 684 ln
1106 633 1219 684 nomine

684 707 796 757 Domini
811 706 963 772 congregati
976 716 1049 766 sunt,
1065 705 1113 770 qui
1132 705 1219 770 ipsius

684 777 797 842 gloriam
821 776 992 839 emulantur,
1013 775 1099 841 ipsius
1120 775 1218 841 spiritu

684 850 797 906 fervent,
820 850 911 916 ipsum
937 848 965 898 in
991 849 1118 898 omnibus
1132 859 1158 900 et
1171 864 1219 914 per

684 921 776 972 omnia
790 920 851 972 fidei
867 919 952 970 oculis
975 931 1000 969 et
1016 921 1119 969 mundo
1138 921 1218 970 corde

683 1008 738 1041 non
759 993 887 1042 desinunt
912 990 1029 1053 intueri;
1055 991 1092 1040 t'bt'
1110 1006 1168 1041 sum
1188 991 1216 1040 iu

683 1066 770 1117 medio
781 1081 881 1127 eorum,
897 1065 988 1116 favens
1011 1063 1060 1123 eis,
1074 1074 1100 1113 et
1112 1064 1218 1129 acquie-

682 1152 760 1186 scens
785 1136 863 1187 bonae
884 1133 1013 1185 voluntati
1037 1143 1063 1183 et
1092 1132 1217 1198 petitioni

682 1221 787 1266 eorum,
802 1222 832 1256 ac
852 1207 946 1270 juvans
967 1219 1014 1254 eos
1035 1203 1064 1253 in
1077 1202 1217 1253 omnibus.

683 1280 742 1343 lpse
756 1278 830 1328 enim
845 1276 892 1343 qui
911 1287 951 1327 est
962 1290 1013 1342 pax
1031 1284 1057 1325 et
1071 1273 1176 1332 caritas,
1187 1288 1218 1322 ac

682 1366 822 1401 summum
836 1360 862 1401 et
877 1364 1023 1400 commune
1043 1348 1157 1408 bonurn,
1174 1360 1219 1396 se·

682 1425 743 1474 dem
757 1434 838 1489 atque
849 1422 1044 1473 habitationem
1057 1420 1110 1470 sibi
1124 1419 1152 1469 in
1165 1419 1219 1469 bo-

683 1495 726 1544 nis
751 1506 833 1560 atque
857 1493 976 1559 pacificis
1000 1490 1148 1552 collocavit,
1171 1489 1219 1555 qui

683 1584 744 1619 cum
759 1569 834 1618 Patre
846 1566 947 1618 coelesti
967 1581 1039 1616 unus
1060 1565 1142 1623 Deus,
1158 1577 1219 1629 quae

682 1640 751 1704 juste
773 1648 867 1705 petunt
890 1638 918 1687 in
941 1636 993 1686 fide
1017 1646 1044 1686 et
1061 1635 1221 1700 gratiacon·

682 1711 794 1778 gregati,
804 1711 929 1761 concedit
941 1709 1048 1759 etfacit.
1065 1708 1117 1759 Ubi
1133 1708 1221 1774 Chry·

682 1788 816 1833 sostomus
834 1799 843 1831 .·
860 1798 875 1827 u
885 1781 945 1828 Non
958 1779 1024 1828 dicit
1037 1777 1218 1842 simpliciter:

686 1854 738 1904 Ubi
753 1851 917 1918 cortgregati
925 1848 1052 1913 sueriut‚·
1063 1849 1110 1898 sed
1125 1848 1218 1898 addit:

682 1927 713 1976 Iu
726 1924 830 1992 nomine
840 1937 906 1974 meo.
915 1921 998 1982 Quasi
1008 1920 1079 1970 dicat
1089 1936 1096 1969 z
1109 1919 1136 1968 Si
1146 1919 1219 1984 quis,

683 2008 791 2064 propter
813 2012 866 2056 me,
892 1994 1069 2061 principalem
1095 1990 1219 2041 amicitiae

682 2085 789 2119 causam
823 2068 855 2118 ad
888 2065 1044 2131 proximum
1078 2061 1218 2124 habuerit,

682 2157 745 2191 cum
759 2155 790 2191 eo
804 2154 866 2202 ero;
878 2137 954 2188 etsie
970 2136 996 2185 in
1008 2135 1068 2186 aliis
1081 2134 1219 2184 virtuosus

682 2212 742 2262 erit.
764 2230 778 2260 a
800 2209 853 2262 Ubi
874 2219 901 2259 et
921 2208 1080 2258 Roianus.-
1102 2223 1116 2250 a
1137 2205 1218 2253 Amat

683 2283 804 2332 medium
818 2280 949 2330 mediator
959 2278 1008 2328 Dei
1022 2289 1048 2328 et
1062 2275 1218 2336 hominum,

683 2354 730 2420 qui
754 2354 781 2403 iu
805 2351 891 2401 medio
920 2351 1058 2400 doctorum
1094 2347 1221 2397 inventus

683 2436 734 2485 est,
757 2422 861 2473 medius
886 2421 961 2471 stetit
981 2421 1014 2469 ad
1038 2418 1220 2482 Baptismum‚

684 2497 790 2547 medius
810 2495 937 2562 pependit
963 2493 992 2541 in
1022 2506 1107 2547 cruce,
1136 2504 1222 2539 resur·

684 2585 750 2635 gens
764 2582 873 2634 quoque
894 2567 968 2615 stetit
986 2565 1012 2613 iu
1031 2562 1117 2611 medio
1138 2559 1222 2609 disei-

684 2642 820 2706 pulorum,
835 2636 942 2686 medius
956 2647 1065 2700 quoque
1087 2631 1120 2680 ad
1146 2630 1221 2694 iudi-

684 2711 758 2761 cium
778 2708 898 2768 veniens,
926 2703 1059 2770 separabit
1079 2716 1163 2767 agnos
1186 2700 1221 2750 ab

685 2783 769 2834 haedis
787 2799 824 2833 :u
839 2781 896 2831 haec
912 2780 1053 2830 Rabanus.
1065 2776 1136 2826 Ecce
1155 2789 1222 2840 prte-
1253 2784 1259 2794 ·

685 2857 771 2906 mium
800 2853 961 2911 concordiae,
986 2851 1019 2900 ad
1041 2864 1123 2915 quam
1147 2857 1222 2898 totus

684 2931 734 2980 iste
755 2943 844 2978 senno
866 2935 951 2977 vocat.
977 2923 1057 2973 Unde
1075 2921 1221 2986 Hierony-

684 3016 742 3050 mus
755 3018 763 3050 :
775 3017 789 3046 a
804 2997 903 3049 Omnis
922 2994 1043 3059 superior
1057 3006 1147 3042 sermo
1168 3005 1219 3040 nos

683 3072 715 3121 ad
729 3070 901 3121 concordiam
920 3073 1114 3133 provocaverat,
1139 3062 1222 3128 igitur

684 3153 710 3191 et
728 3141 870 3206 praemium
897 3137 1049 3203 pollicetur,
1073 3144 1103 3184 ut
1125 3131 1223 3183 sollici-

685 3212 740 3261 tius
761 3209 922 3260 festinemus
936 3208 969 3258 ad
990 3221 1092 3272 pacem,
1112 3218 1174 3254 cum
1193 3214 1222 3250 se

684 3281 756 3331 dicat
780 3281 851 3330 inter
873 3280 942 3329 duos
964 3279 1007 3328 vel
1031 3288 1086 3327 tres
1100 3272 1222 3323 medium

685 3352 742 3416 fore
754 3368 761 3400 ι
772 3369 786 3397 ιι
799 3350 857 3400 baec
867 3350 1062 3415 Hieronymus·

720 3421 741 3479 5,
751 3421 833 3480 Quart
843 3434 912 3468 ιιιιιι
925 3434 972 3467 asr
982 3429 1090 3467 enarras
1099 3426 1179 3472 raas,
1194 3425 1223 3458 ιι)

686 3509 734 3543 asr
759 3506 879 3542 ruorrra
893 3491 1043 3541 Cuarsrou.
1068 3512 1097 3522 -
1122 3480 1223 3558 Consi-

687 3565 750 3615 dera
761 3579 834 3613 nunc
848 3572 977 3628 quantam
991 3558 1129 3609 caritatem
1141 3559 1169 3600 et
1177 3550 1225 3599 dr-

687 3634 826 3701 ligentiam
836 3633 907 3683 circa
918 3629 1072 3697 proximum
1082 3621 1224 3672 ostendere

687 3706 827 3763 debemus,
840 3713 872 3753 ut
884 3702 975 3767 ipsum
989 3699 1022 3747 ab
1038 3708 1127 3745 errore
1145 3706 1225 3742 revo-

687 3792 790 3827 cemus.
804 3776 865 3827 Non
883 3783 924 3823 est
935 3771 1009 3821 enim
1022 3767 1107 3831 maior
1119 3764 1223 3821 caritas,

689 3863 772 3914 quam
794 3845 904 3896 fratrem
918 3848 1072 3908 peccantem
1085 3834 1225 3901 corripere,
