2632 4320
147 313 195 364 DE
208 297 312 363 CONF.
329 311 435 361 VERAE
452 310 473 359 F
474 309 552 368 IDEl,
568 310 669 369 QUAM
685 309 822 361 PETRUS
838 309 942 361 FECIT
958 309 1028 360 PRO
1048 309 1170 361 OMNIB.
1206 309 1220 361 5

97 428 198 491 elaver,
215 427 242 476 id
256 437 296 478 est
307 424 399 491 judicii
416 433 582 491 potestatem,
596 438 636 476 re

96 502 148 570 gai
167 501 304 564 coelorum,
322 499 349 550 id
364 510 404 550 est
418 497 546 550 Ecclesiae
562 512 634 564 prae·

97 570 202 632 sentis,
218 586 279 636 quae
298 570 398 621 dicitur
419 584 532 636 regnum
550 570 634 619 coelo-

97 659 169 703 rum,
186 642 250 708 quia
269 641 302 699 ad
324 657 404 691 usum
427 639 634 707 potestatisejus

97 715 180 782 digne
200 714 386 764 ministratum
408 714 530 779 sequitur
545 712 634 763 aditus

97 788 140 838 vel
159 787 261 838 clausio
294 787 369 853 regni
394 786 532 838 coelorum.
556 786 634 837 Unde

97 857 135 908 ait
154 857 232 908 Beda
251 874 259 908 :
282 875 296 904 a
312 858 406 908 Claves
430 867 519 924 autern
536 855 560 906 ei
577 859 633 906 non

98 929 179 978 modo
207 929 316 992 dantur,
344 929 390 980 sed
419 927 631 995 promittuntur;

99 999 214 1050 necdum
236 999 310 1050 enirn
325 999 460 1051 fabricate
475 1009 538 1049 sunt
553 1013 634 1064 super

97 1069 224 1121 incudem
238 1071 334 1132 crucis,
356 1071 445 1123 necin
460 1086 492 1121 eo
502 1069 634 1136 sanguine

97 1152 261 1209 temperatae.
277 1144 333 1209 Ego
346 1159 455 1210 quoque
469 1157 563 1193 earum
579 1141 633 1191 'rni-

97 1213 219 1274 nisterio,
242 1229 304 1264 cum
327 1214 356 1264 in
377 1223 439 1265 actu
463 1211 634 1280 perfectionis

97 1283 207 1346 fuerint,
226 1285 314 1335 adhuc
328 1284 356 1333 in
370 1283 486 1336 ardentis
500 1283 634 1334 Passionis

97 1354 214 1415 fornace,
228 1355 317 1421 primo
339 1354 436 1405 latroni
451 1364 477 1404 et
491 1352 634 1403 homicidae

96 1425 214 1492 aperiam
236 1427 345 1491 januam
366 1423 495 1491 paradisi3
516 1432 552 1494 ut,
560 1431 585 1473 et
604 1432 634 1472 tu

97 1494 126 1544 in
143 1511 176 1546 eo
191 1496 315 1562 exemplo
334 1495 491 1560 publicanos
504 1505 530 1545 et
544 1509 634 1544 mere-

97 1564 175 1616 trices
186 1566 286 1616 intrare
296 1566 443 1632 permittas.
453 1564 497 1616 Tu
509 1565 583 1616 enim
593 1580 635 1615 su-

98 1651 201 1702 percos
214 1637 348 1703 judicium
360 1636 502 1696 exercebis,
513 1636 560 1703 qui
573 1651 635 1687 con-

97 1706 245 1758 fitebuntur
257 1710 375 1774 culpam,
399 1718 424 1759 et
444 1708 635 1774 exspectabunt

98 1795 215 1844 poenam.
240 1780 272 1829 Et
295 1780 355 1830 ideo
382 1779 494 1830 habebis
520 1778 633 1830 ordina-

98 1850 164 1901 riam
186 1850 411 1915 jurisdictionem,
427 1861 453 1901 et
466 1849 631 1916 judiciariam

98 1931 268 1986 potestatem,
294 1921 327 1971 ad
354 1921 428 1988 quod
455 1920 510 1971 duo
540 1920 632 1986 requi-

98 2002 215 2042 runtur:
233 1991 379 2050 auctoritas
397 1990 575 2057 cognoscendi
590 1992 631 2041 vel

98 2063 246 2114 arbitrandi
261 2063 295 2112 de
309 2063 402 2129 culpa;
417 2073 443 2113 et
458 2071 575 2129 potestas
588 2064 632 2113 ab·

98 2133 218 2184 solvendi
242 2133 284 2184 vel
305 2133 386 2183 etiarn
407 2132 549 2198 judicandi,
570 2148 631 2200 quae

98 2207 149 2256 duo
172 2206 224 2256 sub
247 2204 358 2255 nomine
382 2204 497 2255 clavium
515 2204 565 2255 tibi
586 2206 632 2256 da-

99 2279 130 2329 bo
145 2295 153 2329 ε
169 2298 184 2327 n
199 2279 259 2329 haec
273 2279 357 2329 Beda.
370 2277 464 2329 Claves
476 2293 539 2344 ergo
553 2279 628 2344 regni

97 2350 225 2400 coelorum
240 2348 326 2416 ipsam
344 2348 532 2399 discretionem
546 2359 572 2398 et
587 2365 632 2415 po-

98 2421 209 2472 tentiam
222 2420 364 2470 nominat:
375 2419 565 2470 discretionem
577 2435 632 2485 qua

97 2491 192 2558 dignos
205 2491 249 2542 vel
267 2490 394 2556 indignos
414 2489 548 2540 discernat
554 2505 562 2553 ;
579 2506 631 2557 po-

98 2562 208 2612 tentiam
225 2577 298 2622 vero,
314 2577 367 2628 qua
389 2561 454 2627 liget
473 2561 515 2612 vel
536 2563 629 2611 solvat.

98 2634 187 2686 Clavis
203 2635 306 2701 quippe
321 2644 361 2685 est
375 2643 491 2699 potestas
507 2633 630 2699 quaedarn

97 2704 247 2770 spiritualis
271 2703 507 2770 supernaturaliter
533 2719 548 2755 a
574 2704 630 2754 Deo

98 2776 157 2826 data
170 2784 197 2826 et
211 2774 312 2835 infusa,
326 2791 380 2825 non
394 2774 486 2825 innata
499 2783 525 2824 et
535 2773 630 2840 acqui-

97 2845 155 2897 sita.
171 2847 205 2897 Et
219 2845 286 2896 dicit
301 2844 345 2896 hic
357 2846 466 2909 Glorra,
482 2846 554 2912 quod
569 2846 629 2895 duae

97 2926 160 2966 sunt
181 2918 275 2976 claves,
296 2916 396 2967 scilicet
417 2933 424 2966 ε
445 2915 557 2966 scientia
574 2915 630 2966 dis-

96 2986 233 3049 cernendi,
248 3001 278 3036 ac
291 2995 407 3052 potestas
422 2985 523 3051 ligandi
538 2995 565 3036 et
580 2985 630 3035 sol·

96 3058 189 3108 vendi.
212 3057 287 3109 Unde
309 3059 450 3109 sciendum
467 3059 540 3125 quod
561 3059 630 3109 sicut

96 3128 123 3180 in
138 3130 197 3180 sole
211 3131 330 3196 potentia
341 3128 529 3196 liquefaciendi
544 3140 570 3180 et
583 3129 629 3179 in-

95 3202 211 3260 durandi
226 3218 281 3254 una
295 3213 335 3254 est
350 3202 379 3252 in
394 3202 491 3262 radice,
508 3201 554 3252 sed
569 3201 629 3252 duae

96 3274 124 3325 in
146 3274 300 3341 effectibus;
325 3275 364 3327 sic
388 3285 493 3326 tantum
516 3290 568 3326 una
590 3283 630 3326 est

96 3345 178 3396 clavis
198 3346 229 3396 in
251 3346 348 3410 radice,
366 3346 411 3396 sed
433 3346 493 3396 duae
512 3344 541 3402 in
564 3345 630 3395 effe-

97 3415 192 3467 ctibus.
208 3416 299 3482 Clavis
317 3415 390 3467 enim
403 3415 501 3466 dicitur
514 3425 630 3481 potestas

96 3489 232 3551 judicandi
255 3489 284 3540 in
307 3489 367 3541 foro
390 3489 552 3549 animarum,
574 3504 629 3539 non

96 3574 254 3626 corporum3
271 3570 389 3627 potestas
405 3570 494 3611 autem
508 3559 625 3626 judican-

96 3630 123 3680 di
146 3646 178 3681 ex
198 3631 307 3681 duobus
328 3631 476 3697 integratur
497 3647 504 3682 ε
526 3646 558 3682 ex
580 3646 630 3697 po-

97 3709 189 3752 testate
200 3701 369 3752 discernendi
386 3702 414 3751 in
429 3717 514 3753 causae
526 3701 630 3753 exami-

97 3774 256 3836 natione-et
279 3785 408 3841 potestate
427 3774 579 3826 diffiniendi
602 3776 630 3827 in

97 3858 183 3895 causae
203 3845 436 3906 determinatione,
451 3860 498 3912 per
518 3855 629 3897 senten-

96 3915 165 3966 tiam'
177 3917 425 3969 condemnatoriam
438 3917 480 3968 vel
491 3917 630 3969 absoluto·

688 424 765 475 riam.
792 424 882 477 Prima
905 435 1021 492 potestas
1048 423 1146 475 dicitur
1176 425 1220 475 hic

688 494 807 559 scientia,
826 512 879 547 non
893 505 924 546 ut
942 506 982 546 est
997 494 1106 546 habitus
1124 495 1221 561 cogni-

687 569 785 631 tionis,
814 570 861 620 sed
882 569 1027 620 auctoritas
1050 578 1076 620 et
1105 577 1221 635 potestas

686 640 854 692 discernendi
873 651 900 691 et
917 641 1052 707 judicandi
1067 654 1115 706 per
1129 639 1219 690 scien-

687 712 752 762 tiam
773 713 958 779 praehabitam.
976 713 1037 763 Alia
1052 711 1149 763 dicitur
1168 727 1219 778 po-

686 783 767 834 tentia
789 783 947 834 admittendi
970 784 1003 835 ad
1029 799 1152 849 regnum,
1178 783 1220 833 vel

687 855 853 917 excludendi,
873 856 1020 905 secundum
1035 870 1128 905 verum
1148 853 1219 918 judi-

687 926 759 975 cium
774 926 966 992 praehabitum
982 925 1047 991 quia
1061 924 1159 976 debent
1174 924 1219 973 in-

687 997 760 1063 digni
776 992 931 1060 excludi,'et
944 997 1019 1063 digni
1035 996 1128 1062 recipi.
1142 995 1220 1046 Unde

688 1069 847 1120 Bernartius
864 1087 872 1121 ι
889 1087 902 1116 a
918 1070 1011 1120 Petrus
1022 1067 1107 1118 claves
1121 1065 1222 1132 accepit

687 1137 716 1187 in
740 1139 851 1190 scientia
875 1149 911 1190 et*
928 1147 1058 1205 potestate
1084 1137 1138 1187 sibi
1161 1137 1222 1187 data

687 1209 810 1276 desuper,
825 1221 851 1261 et
865 1210 907 1260 hae
920 1212 1005 1260 claves
1026 1217 1089 1259 sunt
1104 1217 1221 1273 potestas

688 1280 833 1346 aperiendi·
845 1289 871 1330 et
894 1278 1044 1338 claudendi,
1059 1287 1139 1344 atque
1152 1276 1221 1328 inter

687 1353 868 1402 admittendos
883 1362 909 1402 et
927 1351 1108 1402 excludendos
1121 1349 1223 1400 discre-

688 1425 765 1476 tio.»
782 1425 884 1475 Deinde
905 1423 1044 1489 subjungit
1061 1440 1068 1472 ι
1083 1421 1122 1472 Et
1136 1420 1223 1487 quod-

691 1510 791 1562 cunque
809 1496 941 1562 ligaveris
966 1499 1173 1559 superterram,
1196 1490 1223 1542 id

687 1578 728 1618 est
745 1567 805 1634 ipso
824 1577 1016 1633 superterram
1037 1565 1152 1624 vivente,
1170 1564 1222 1614 erit
1255 1610 1257 1613 ,

687 1640 801 1707 ligatum
817 1645 843 1691 et
865 1640 891 1690 in
910 1639 994 1701 coelr's,
1009 1638 1036 1688 id
1053 1647 1093 1688 est
1106 1635 1221 1687 coelestis

686 1711 759 1760 curia
774 1710 933 1776 approbabit
946 1719 973 1760 et
987 1707 1165 1760 confirmabit.
1180 1706 1219 1757 Et

686 1779 812 1830 similiter
825 1781 995 1846 quodcunque
1011 1780 1125 1830 solveris
1137 1791 1217 1843 super·

687 1859 799 1917 terram,
827 1852 879 1903 erit
897 1851 1012 1903 solutum
1034 1857 1062 1902 et
1084 1851 1110 1901 in
1132 1849 1216 1901 coelis.

686 1925 743 1975 Hoc
756 1934 805 1988 est,
815 1925 963 1974 secundum
979 1922 1114 1984 Glossam,
1125 1936 1218 1987 quern·

685 2013 790 2064 cunque
817 1997 962 2063 indignum
989 1992 1150 2048 remissione
1172 1995 1227 2060 ju-''

685 2069 815 2119 dicaveris
833 2069 899 2118 duni
914 2068 990 2132 vivit,
1005 2067 1134 2133 indignus
1146 2065 1216 2132 apud

685 2141 771 2190 Deum
790 2139 964 2204 judicabitur;
979 2147 1005 2189 et
1028 2151 1218 2204 quemcunque

685 2209 1011 2275 solvendumjudicaveris
1021 2209 1086 2259 dum
1095 2206 1171 2265 vivit,
1178 2220 1219 2256 re-

685 2281 843 2331 missionem
857 2296 873 2331 a
885 2281 941 2331 Deo
953 2291 1142 2346 consequetur.
1155 2278 1218 2328 Haec

684 2362 773 2402 autem
788 2351 908 2402 solvendi
923 2361 1003 2416 atque
1017 2350 1119 2416 ligandi
1140 2358 1218 2415 pote·

685 2432 747 2482 stas,
768 2438 823 2471 non
840 2421 891 2471 soli
910 2422 998 2480 Petro,
1013 2421 1059 2471 sed
1080 2430 1106 2471 et
1123 2418 1218 2469 ceteris

684 2496 821 2564 Apostolis
847 2496 906 2546 data
928 2506 969 2546 est
991 2511 1006 2545 a
1031 2494 1164 2554 Domino;
1191 2502 1217 2543 et
1298 2523 1299 2526 =

685 2583 740 2617 non
751 2577 857 2617 tantum
870 2566 1016 2630 Apostolis,
1030 2579 1123 2616 verum
1136 2563 1216 2614 etiam

683 2639 826 2705 Episcopis
845 2648 871 2688 et
891 2637 1063 2704 presbyteris,
1087 2635 1218 2702 omnique

684 2710 817 2761 Ecclesiae.
840 2710 876 2759 lta
895 2717 985 2759 tamen
1001 2709 1074 2775 quod
1099 2717 1217 2774 potestas

683 2778 847 2831 auctoritatis
873 2789 913 2829 est
936 2778 964 2828 in
993 2779 1050 2829 solo
1072 2778 1141 2837 Deo,
1167 2777 1215 2842 qui

682 2851 767 2917 aperit
787 2866 834 2916 per
856 2849 947 2915 gratiae
969 2849 1147 2910 infusionem
1164 2862 1216 2914 po·

683 2930 762 2971 testas
786 2920 947 2970 excellentiae
972 2919 1001 2970 in
1023 2918 1141 2978 Christo,
1168 2918 1216 2984 qui

682 2992 766 3058 aperit
781 3007 827 3057 per
847 2991 982 3042 Passionis
1001 2992 1142 3054 meritum;
1164 3005 1225 3057 poa

683 3076 764 3116 testas
782 3063 925 3115 ministerii
940 3064 968 3114 in
986 3065 1102 3131 praelatis
1123 3063 1215 3114 Eccle-

683 3136 739 3197 siae,
760 3135 807 3202 qui
825 3136 949 3202 aperiunt
969 3152 1016 3203 per
1032 3144 1215 3188 sacramento·
1253 3175 1255 3180 ,

683 3223 744 3258 rum
760 3206 951 3258 ministerium.

715 3279 731 3330 8
753 3280 811 3330 Cur
843 3281 932 3331 Parno
952 3297 1122 3332 senciacrrra
1148 3293 1213 3329 cra-

682 3369 730 3403 vns
745 3368 823 3403 naam
837 3367 969 3404 cornorum
986 3370 1020 3404 nr
1039 3365 1216 3403 raincrrnrrnt

682 3439 836 3474 runrcrnarn
866 3439 1023 3476 rorasrirrs
1046 3435 1217 3473 rnoarrrurt-

683 3493 754 3549 ruit
769 3522 799 3532 -
814 3494 865 3545 Sed
888 3493 948 3545 ideo
964 3495 1056 3545 Petrus
1079 3490 1217 3557 specialier

683 3566 768 3616 claves
787 3564 863 3631 regni
880 3567 1008 3616 coelorum
1028 3572 1054 3612 et
1076 3561 1217 3630 principa-

683 3645 742 3686 tum
753 3635 896 3702 judiciariae
910 3633 1047 3701 potestatis
1063 3632 1171 3700 accepit,
1186 3641 1217 3682 ut

683 3720 778 3756 omnes
798 3721 846 3772 per
864 3704 957 3755 orbem
977 3702 1114 3772 credentes
1133 3701 1215 3752 intel-

683 3776 779 3843 ligant,
804 3777 869 3843 quia
890 3774 1045 3841 quicunque
1062 3775 1096 3825 ab
1115 3772 1215 3823 unitate

683 3846 745 3899 fidei
757 3848 798 3898 vel
809 3847 933 3898 societate
944 3844 1018 3896 illius
1029 3845 1150 3913 quolibet
1159 3857 1215 3892 mo-

683 3918 718 3970 do
732 3917 898 3987 ,semetipsos
914 3926 1065 3983 segregant,
1080 3914 1145 3966 tales
1166 3927 1215 3963 nec
