2632 4320
99 278 153 346 394

97 392 151 444 mei
163 392 283 457 corporis
291 399 403 456 partem.
415 388 548 450 Quamuis
556 389 631 440 enim

95 465 195 515 durum
210 471 280 512 esset
300 463 377 510 Petro
396 461 530 510 sustinere
543 461 632 512 servi-

94 537 165 587 tium
189 533 324 599 Magistri,
343 532 451 597 gravius
465 542 557 582 tamen
575 542 633 583 erat

95 607 121 658 ei
134 607 168 659 ab
181 605 240 670 ipso
257 603 384 669 separari.

128 679 145 731 5
173 679 227 728 Ριιιι
255 678 411 726 Berrrsumr
440 691 531 726 rorns.
558 692 633 726 nono

97 765 241 802 smarnos.
256 777 291 785 -
304 749 395 798 Totus
416 748 511 807 bomo,
532 762 634 797 serun-

97 823 166 873 dum
180 821 374 887 Augusteum,
391 820 511 869 abluitur
528 819 560 869 in
583 820 633 870 Βε-

97 897 207 963 pusato,
231 905 258 945 et
277 895 375 945 erravit
397 895 503 954 Petrus,
526 909 562 944 ne
583 910 633 944 nos

99 983 252 1018 errarems
267 983 329 1017 curn
344 981 375 1017 se
387 975 476 1016 totum
491 967 549 1016 Deo
557 966 636 1017 obtu-

97 1039 131 1090 lit
141 1039 316 1098 abluendum,
327 1053 410 1104 quem
421 1037 494 1087 Deus
509 1036 633 1097 correxit,

99 1111 245 1160 ostendens
277 1110 359 1159 semel
389 1108 554 1174 baptizatum
579 1124 633 1159 non
664 1160 666 1175 Ξ

98 1197 158 1232 esse
168 1181 399 1248 rebaptizandum,
414 1181 488 1230 unde
500 1180 576 1231 dixit
585 1182 611 1232 ei
625 1200 636 1232 .-

98 1253 154 1314 Qui
177 1252 249 1304 iotae
269 1259 318 1316 est,
341 1252 445 1302 scilicet
469 1267 517 1317 per
539 1253 635 1318 Bnpti-

98 1339 199 1385 smum,
214 1338 266 1374 nou
294 1323 408 1389 indiget,
429 1323 484 1374 nisi
504 1328 537 1373 ut
548 1324 635 1390 pedes

99 1397 180 1459 brer,
194 1396 223 1446 id
237 1405 278 1445 est
290 1395 408 1456 affectus,
423 1406 449 1446 et
464 1404 556 1446 motus
568 1412 635 1447 sen-

98 1468 424 1532 sualitatisinordinat053
443 1468 491 1518 sed
505 1475 545 1519 est
556 1484 635 1519 mme-

98 1538 153 1589 dns
175 1544 248 1590 totus
259 1577 268 1602 ,
297 1538 399 1588 scilicet
426 1548 528 1604 prreter
552 1539 634 1605 pedes

99 1609 201 1675 quibus
221 1619 319 1660 terram
343 1610 437 1676 tangit,
459 1626 529 1677 quos
547 1611 635 1662 lauare

99 1695 172 1746 opus:
191 1680 281 1731 habet.
305 1681 344 1732 Ex
358 1682 461 1747 quibus
478 1681 570 1732 verbis
589 1681 636 1732 in-

101 1753 252 1820 telligimus
283 1755 429 1820 Apostolos
468 1756 633 1822 baptizatos,

95 1825 150 1875 etsi
175 1841 232 1876 non
253 1826 371 1892 legimus
397 1825 460 1892 quis
491 1826 637 1892 baptizavit

100 1912 155 1948 eos.
182 1900 265 1949 Erant
285 1909 373 1949 autern
394 1914 491 1949 omnes
509 1899 636 1965 baptizati

100 1968 241 2035 Baptismo
252 1970 366 2030 Christi,
376 1969 423 2036 qui
434 1970 495 2021 lieet
506 1970 566 2036 ipse
578 1986 635 2020 non

99 2038 273 2104 baptizaverit
295 2041 406 2100 turbas,
432 2041 579 2106 baptizavit
593 2050 635 2091 ta-

100 2127 165 2163 men
183 2113 332 2177 discipulos
350 2128 424 2174 suos,
443 2113 499 2163 sibi
515 2113 667 2164 familia-

100 2199 144 2234 res
157 2194 185 2235 et
197 2185 369 2248 domesticos,
385 2196 416 2236 ut
427 2186 538 2236 haberet
551 2186 636 2251 bapti·

98 2264 172 2305 sator
196 2271 294 2315 servos,
324 2271 371 2321 per
396 2270 468 2320 quos
490 2256 667 2321 baptizaret'
664 2290 667 2305 .

99 2337 208 2378 ceteros.
225 2330 277 2379 Sed
292 2345 355 2379 cum
370 2330 523 2395 Baptismus
538 2331 636 2381 abster-
664 2360 667 2389 =

99 2408 144 2464 gat
166 2399 248 2449 etiam
272 2401 366 2450 sordes
391 2401 500 2467 pedum,
528 2401 634 2453 videtur

100 2471 174 2536 qnod
192 2471 240 2536 qui
257 2473 330 2522 lotus
352 2480 400 2533 est,
416 2472 444 2522 id
458 2482 499 2524 est
512 2473 634 2540 baptiza-

99 2549 155 2602 tus,
169 2556 225 2591 non
240 2541 343 2609 indiget
357 2554 387 2594 ut
402 2545 485 2609 pedes
494 2546 571 2596 lavet.
592 2546 634 2595 Ad

101 2610 155 2661 hoc
166 2611 320 2674 dicendum,
336 2615 410 2680 quod
430 2614 454 2664 si
468 2615 531 2680 quis
543 2615 634 2666 statim

101 2691 163 2748 post
186 2683 357 2748 Baptismum
383 2686 421 2734 de
448 2684 502 2734 hoc
531 2688 635 2736 mundo

100 2751 237 2813 transiret,
254 2769 310 2803 non
321 2754 416 2818 utique
432 2753 483 2803 hac
496 2755 635 2806 ablutione

99 2820 240 2887 indigeret,
255 2823 321 2888 quis
330 2840 394 2874 cum·
408 2823 444 2874 sit
458 2825 578 2876 mundus
590 2835 634 2876 to-

100 2901 157 2952 tns,
178 2892 269 2942 statim
291 2894 419 2958 evolaret3
444 2896 492 2945 sed
511 2895 561 2961 qui
575 2906 635 2961 post

101 2961 272 3025 baptismum
286 2963 352 3014 vivit
366 2965 396 3015 in
417 2965 467 3015 hac
486 2965 540 3016 vita
558 2982 634 3017 mor-

102 3033 163 3094 idi,
181 3050 236 3084 non
252 3045 340 3101 potest
352 3038 386 3087 ad
400 3047 511 3088 tantum
526 3039 634 3089 culmen

101 3106 276 3173 perfectionis
295 3111 447 3172 ascendere,
465 3111 532 3178 quin
554 3111 635 3162 miani

100 3179 246 3231 inordinati
277 3191 368 3231 motus
395 3184 579 3235 sensualitatis
602 3184 635 3234 de

98 3254 238 3306 effectibus
269 3254 383 3305 terrenis
414 3256 580 3323 insurgam
608 3267 635 3308 et

100 3328 163 3379 ideo
184 3337 289 3395 oportet
304 3328 376 3394 quod
394 3329 475 3393 pedes
492 3331 571 3392 lavet,
593 3331 635 3382 vel

100 3412 153 3463 per
159 3398 329 3465 martyrium,
343 3399 417 3464 quod
428 3408 471 3448 est
483 3399 635 3465 baptismus

100 3470 259 3536 sanguinis,
287 3469 329 3520 vel
355 3485 402 3536 per
428 3470 634 3534 poenitentiam,

100 3544 175 3609 quod
202 3552 242 3594 est
266 3542 417 3608 baptismus
444 3541 575 3603 flaminis,
605 3553 635 3594 ut

100 3614 205 3664 evolare
222 3614 319 3679 possit.
333 3613 387 3664 Ubi
400 3623 463 3663 nota
473 3613 547 3680 quod
563 3613 635 3664 inte-

70 3684 74 3693 '
100 3685 183 3736 rioris
201 3685 323 3736 hominis
340 3696 429 3751 eaput,
448 3695 488 3736 est
504 3686 572 3736 ratio
587 3701 633 3736 su-

100 3755 205 3819 perior,
233 3772 287 3823 qua
312 3756 403 3806 anima
427 3766 468 3806 est
491 3757 633 3822 cunjuncta

100 3827 166 3889 Deo,
183 3829 239 3880 sive
259 3845 320 3894 pars
339 3829 633 3896 contemplativaque}

94 3899 215 3952 intendit
242 3900 431 3968 superioribus
452 3910 480 3951 et
508 3901 631 3964 aeternis3

391 273 569 327 SECUNDAE
584 273 708 324 PARTts
722 274 844 327 CAPUT
856 278 923 329 LIV.

686 406 784 441 manus
810 404 878 444 sunt
901 395 970 445 ratio
992 393 1122 458 inferior,
1160 413 1223 464 qure

685 471 761 513 vacat
774 464 903 528 operibus
920 465 1014 516 activae
1034 465 1118 530 vitiet
1141 470 1223 534 pedes

685 546 762 592 vero,
775 534 944 595 sensualitas,
966 545 1104 586 etsensus
1124 553 1222 604 corpo·

687 603 736 667 ris,
753 619 784 654 ae
798 607 898 656 mentis
913 618 939 657 et
953 607 1055 658 anime
1065 607 1223 660 affatione

687 674 838 727 inferiores.
869 678 922 761 ipsi
952 679 1027 729 enim
1048 695 1102 730 nos
1119 679 1224 732 faciunt

686 756 761 799 extra
783 765 842 810 nos,
857 760 884 800 et
900 750 952 816 ipsi
974 751 1133 818 frequento·
1153 752 1223 804 sicut

687 820 768 898 pedes
789 822 958 872 manuleatus
978 822 1059 874 nobis
1080 833 1145 889 post
1168 825 1224 876 s·-

663 904 665 909 ·
687 888 1224 958 ptismum,inquototush0moablu1

663 969 750 1042 ειιιε,
772 960 836 1026 utria
862 976 895 1012 ex
920 963 1074 1014 conditione
1102 964 1223 1016 mortalis

686 1032 750 1083 risa
772 1049 846 1099 saepe.
868 1037 989 1086 maculas
1008 1037 1223 1088 contrahente:

686 1104 801 1154 terrenis
824 1114 850 1155 et
873 1107 1089 1172 temporalibus3
1113 1117 1143 1159 et
1163 1108 1223 1159 ideo

687 1176 793 1226 lavandi
808 1187 872 1226 sunt
886 1177 996 1243 saepius,
1017 1180 1092 1230 unde
1114 1195 1222 1231 necesse

663 1250 667 1293 !
687 1257 738 1311 est,
753 1259 786 1300 ut
804 1251 899 1301 crebra
921 1252 1061 1302 ablutione
1074 1252 1223 1305 confessio·

664 1336 667 1345 ¹
687 1321 732 1370 nis
742 1330 770 1371 et
783 1322 964 1387 lacrymantur
979 1324 1167 1375 emundentur
1176 1339 1222 1391 po·

664 1406 667 1433 :
687 1392 887 1445 desaffectuum
898 1395 1047 1446 deterrens
1060 1395 1221 1462 mgitstione

664 1468 667 1523 ξ
687 1477 868 1531 terrenorum,
890 1467 919 1517 in
943 1469 1064 1535 cogitatu
1085 1479 1112 1520 et
1128 1483 1220 1520 amore

664 1600 667 1607 Ι
687 1553 793 1589 eorum.
808 1538 862 1598 Qui
878 1539 951 1589 enim
966 1555 1021 1590 non
1037 1541 1145 1591 lavanii·
1160 1548 1221 1606 post

664 1638 667 1649 ·
688 1608 858 1672 baptismum
884 1625 932 1676 per
950 1610 1147 1676 poenitentiam,
1165 1626 1221 1661 nou

664 1688 668 1735 j
688 1679 771 1730 habet
783 1696 845 1730 curn
859 1683 922 1732 iesu
935 1691 1049 1747 partein.
1068 1684 1149 1735 Unde
1158 1682 1223 1733 dicit

664 1808 667 1813 ,
687 1753 868 1819 Augmtinus,
883 1755 957 1820 quod
971 1754 1087 1806 hnmani
1106 1755 1223 1815 affectus,

664 1828 667 1837 '
688 1822 752 1873 sine
764 1823 866 1890 quibus
881 1825 910 1874 in
925 1823 978 1874 hae
989 1826 1155 1877 mortalitate
1171 1840 1224 1876 nun

687 1891 801 1954 vivitur,
811 1895 889 1960 quasi
908 1896 989 1960 pedes
1009 1905 1088 1961 sunt,
1105 1897 1154 1948 ubi
1170 1896 1224 1948 hu·

664 1978 668 2009 ι
688 1964 780 2015 munis
790 1965 872 2016 rebus
885 1964 1026 2027 afficimur,
1042 1977 1074 2018 ut
1096 1968 1127 2018 sr':
1141 1967 1222 2019 dixe-

665 2034 775 2088 ebrus
786 2039 912 2104 quoniam
922 2046 1066 2106 promtum
1079 2055 1137 2092 non
1147 2040 1223 2092 hair.-

664 2124 755 2193 mar,
773 2110 826 2176 ispi
840 2124 889 2161 nos
907 2111 1067 2162 seducimus.

664 2160 668 2241 i
719 2179 987 2232 6Cuusonuuono
1002 2198 1088 2234 unone
1106 2198 1223 2234 amomu-

687 2266 783 2301 norun.¹
805 2267 886 2302 savir
907 2253 1103 2304 Domuusi-
1117 2253 1222 2304 Sciebat

664 2322 667 2349 ²
687 2336 755 2386 ergo
776 2321 914 2373 Dominus
933 2324 1083 2406 Apostolos
1107 2325 1223 2375 mundos

664 2438 666 2443 .
687 2393 775 2459 quoad
803 2404 894 2460 caput,
920 2395 985 2462 quia
1009 2396 1071 2446 Deo
1090 2396 1223 2460 conjuncti

664 2484 666 2489 ·
687 2475 763 2516 erint
786 2483 836 2532 per
857 2466 938 2518 fidem
960 2477 989 2518 et
1015 2468 1179 2533 caritatem.
1199 2477 1224 2519 et

687 2546 820 2602 quantum
849 2537 881 2587 ad
910 2553 1018 2602 manus,
1044 2541 1113 2604 quia
1131 2554 1223 2591 eorum

663 2622 667 2659 ῑ
687 2620 851 2675 optauerant
867 2611 1136 2673 sancta;sed'tamen
1144 2626 1223 2678 qrtsn·

663 2682 666 2721 ἔ
686 2687 746 2730 ιιιιιι
755 2680 789 2730 sd
802 2680 892 2745 pedes,
903 2679 1012 2732 affectus
1023 2681 1133 2749 aliquos
1141 2692 1222 2732 terre-

686 2766 786 2801 norum
804 2766 837 2800 ea
853 2751 1029 2802 sensualitate
1041 2751 1187 2811 habebant,
1198 2761 1221 2801 et

687 2821 791 2872 sordidi
804 2831 888 2884 eram,
912 2832 938 2872 et
956 2822 1023 2872 ideo·
1038 2832 1174 2888 quantum
1191 2821 1220 2872 ad

663 2890 666 2897 '
687 2890 749 2942 illos
764 2892 869 2942 lotione
879 2891 1043 2958 indigebant.
1060 2893 1142 2945 Unde
1153 2895 1218 2963 Ber·

688 2968 792 3018 nardus
806 2983 815 3014 .·
831 2985 845 3013 u
860 2967 914 3028 Qui
928 2968 999 3019 burs
1013 2974 1065 3032 est,
1078 2983 1134 3020 nore
1153 2967 1218 3019 indi-

687 3045 743 3104 get,
758 3039 812 3089 nisi
826 3045 857 3088 ut
865 3039 952 3105 pedes
968 3039 1059 3105 lavet3
1069 3038 1216 3091 lomenia

688 3118 736 3170 est,
751 3108 800 3175 qui
822 3110 913 3174 gravia
935 3119 1043 3175 peccata
1062 3125 1119 3161 non
1134 3110 1214 3166 hebet,

688 3180 764 3244 cuius
778 3189 869 3245 caput,
884 3179 914 3229 id
926 3190 966 3230 est
982 3179 1109 3245 intentio,
1125 3189 1156 3231 et
1164 3193 1214 3230 ms·

689 3265 751 3313 nus‚
768 3249 795 3300 id
813 3260 852 3301 est
871 3249 991 3316 operatio
1004 3258 1031 3301 et
1044 3247 1212 3304 conuersniu

688 3321 794 3371 munde
814 3331 871 3386 eet,
896 3322 942 3371 sed
966 3322 1059 3386 pedes,
1087 3321 1139 3388 qui
1161 3325 1212 3371 sunt

688 3390 787 3441 animm
811 3391 987 3453 affectiones,
1015 3391 1083 3441 dum
1113 3391 1148 3442 in.
1169 3388 1211 3439 hot

689 3463 798 3528 pulvere
822 3463 962 3528 gradimur
984 3477 1016 3512 ex
1040 3471 1102 3514 toto
1128 3456 1211 3513 mundi

687 3551 751 3586 esse
770 3552 825 3586 non
843 3546 965 3602 possunt,
987 3535 1055 3602 quin
1077 3531 1210 3611 eiiannm

687 3606 808 3668 vanitati,
833 3607 978 3689 aiiquando
1008 3606 1153 3673 voluptati,
1168 3601 1210 3654 di·

687 3678 797 3744 quando
811 3677 962 3729 curiositati
977 3678 1040 3743 plus
1052 3693 1137 3744 quem
1147 3685 1210 3741 opo*

687 3757 754 3799 teret
768 3751 844 3800 cedat
857 3750 977 3808 animus,
994 3750 1037 3800 vel
1052 3750 1087 3799 ad
1102 3749 1208 3801 homm-

687 3820 722 3871 ln
732 3819 825 3870 multis
850 3820 920 3871 enim
942 3819 1105 3886 offendimus
1124 3824 1208 3871 mnne*

686 3891 883 3942 Verumtamen.
893 3891 953 3942 haec
967 3905 1052 3943 nemo
1069 3892 1209 3943 emtenmt
