2632 4320
232 262 278 312 DE
296 244 413 313 r'LEru
428 260 556 312 DOMINI
571 259 685 311 SUPER
700 257 918 322 JERUSALEM,
937 257 1014 307 ETC.

61 378 465 445 nosquoqueberedebemus,
480 388 507 429 et
520 386 596 427 nato

59 451 182 518 ampfius
189 450 265 514 fiere,
276 460 378 516 quanto
388 451 447 517 ipse
458 451 492 500 de
505 450 595 516 seipso

62 525 128 575 flere
137 523 254 591 ignorat.
269 524 299 575 Si
312 524 386 575 enim
400 539 463 574 suas
477 522 597 573 infermi-

63 605 133 646 tates
139 595 312 661 intelligeret,
322 605 350 646 et
361 594 525 645 calamitates
535 607 597 659 quat

64 667 87 716 ei
107 676 313 732 superventura
335 675 399 717 snut
415 672 596 730 cognosceret,

64 737 159 805 utique
170 748 197 788 et
209 737 271 804 ipse
283 739 344 804 plus
353 737 414 788 aliis
427 738 461 787 cle
473 751 502 786 se
513 735 596 786 fleret.

65 810 120 859 late
129 808 212 859 aetus
224 808 334 858 Domini
355 806 542 873 compatientis
556 805 597 856 ci-

64 878 141 929 vitati
157 879 192 929 de
202 877 320 938 miseria,
333 894 395 945 quae
409 878 449 928 illi
464 892 528 927 mox
542 876 597 926 im-

64 950 198 1010 minebat,
214 949 401 1015 prefiguratus
415 948 468 999 tuit
486 948 553 998 olim
567 948 597 998 in

63 1022 306 1073 lamentationibus
327 1021 457 1081 Jererniae,
480 1021 529 1087 qui
548 1023 599 1072 de-

64 1093 227 1144 solationem
253 1095 373 1159 eiusdem
408 1093 522 1144 civitatis
549 1108 598 1158 per

63 1164 204 1215 Romanos
217 1164 335 1214 futuram
357 1163 487 1226 deflebat3
513 1162 552 1214 sic
570 1172 599 1214 et

63 1249 115 1285 nos
140 1235 172 1287 in
205 1235 352 1285 afflictione
386 1234 596 1300 proximorum,

63 1306 147 1358 etiam
160 1305 346 1367 inimicorum,
361 1321 394 1356 ex
409 1305 598 1370 compassione

64 1377 130 1427 llere
155 1377 304 1438 debemus,
333 1377 457 1442 exemplo
485 1376 598 1437 Christi,

62 1446 110 1513 qui
137 1462 298 1512 compassus
320 1457 362 1498 est
385 1447 443 1498 suis
468 1446 597 1497 inimicis.

65 1519 128 1575 Plus
159 1528 202 1569 est
229 1517 345 1583 compati
374 1517 483 1568 afflictis
514 1533 597 1585 quam

64 1587 134 1638 bona
149 1589 310 1654 temporalia
321 1604 444 1654 erogare,
461 1597 488 1639 et
497 1588 599 1654 impos·

64 1658 144 1711 sibile
159 1670 202 1711 est
222 1660 301 1710 illum
320 1662 434 1726 gratiam
460 1670 487 1712 et
515 1661 598 1712 mise-

65 1730 210 1781 ricordiam
238 1747 295 1783 non
324 1733 439 1792 mereri,
464 1733 522 1799 ¹qui
548 1732 600 1783 scit

64 1803 174 1856 afflictis
185 1805 316 1870 compati,
337 1815 364 1856 et
384 1821 480 1857 eorum
495 1814 601 1871 peccata

66 1876 173 1929 deflere.

84 1946 601 2010 SlnmuruDournolaausmrmcou-

65 2034 191 2071 namon
217 2037 297 2072 onnia
319 2037 429 2072 crumas.
446 2020 601 2070 —lntrarit

65 2106 130 2157 ergo
141 2093 220 2144 lesus
235 2095 441 2160 lerosolymam,
463 2109 527 2144 cum
547 2093 601 2144 isto

66 2161 209 2228 triumpho
222 2174 249 2213 et
265 2164 369 2215 bonore
385 2165 536 2229 turbarum,
553 2178 601 2231 per

65 2234 250 2301 supradictam
271 2246 375 2302 portam
401 2252 518 2298 auream,
539 2253 602 2304 quae

65 2316 106 2357 est
119 2306 152 2357 ad
168 2307 250 2372 pedes
269 2306 374 2373 templi,
396 2322 412 2357 a
437 2317 511 2373 parte
523 2309 601 2360 vallis

64 2377 203 2445 Joaapbat.
216 2379 283 2439 Hoc,
296 2379 447 2430 secundum
462 2381 602 2447 Chrysot-

64 2454 175 2512 tomnm,
189 2448 248 2514 ipse
258 2449 380 2509 iaciebat,
400 2465 456 2511 non
473 2466 601 2516 pompam

65 2519 213 2584 quamdam
224 2523 379 2582 ostendens,
391 2521 437 2575 sed
449 2534 474 2574 et
482 2521 602 2587 prophe-

66 2588 136 2639 tiam
148 2589 276 2655 implens,
287 2602 315 2643 et
326 2594 481 2661 discipulos,
494 2603 603 2659 propter

65 2667 185 2711 moneat
210 2662 406 2728 contristatos,
438 2664 601 2724 consolans,

68 2739 95 2780 et
120 2742 279 2783 monstrans
303 2736 434 2801 quoniam
463 2737 515 2786 lroc
545 2735 602 2802 pati

68 2801 173 2853 volem.
196 2803 250 2855 Ubi
272 2806 402 2857 Rabanus
424 2826 432 2858 .·
456 2825 471 2855 tt
494 2807 546 2858 Hic
564 2806 603 2856 in·

68 2870 169 2923 troitus
193 2874 252 2938 ejus
271 2874 300 2926 in
320 2876 466 2928 Jerusalem
492 2877 544 2928 luit
556 2892 604 2928 an-
632 2888 634 2892 '

69 2952 95 2995 te
118 2946 236 3013 quinque
257 2949 317 3000 dies
335 2951 470 3014 Poschae;
488 2951 536 3001 ubi
557 2966 603 3000 no-

69 3017 154 3069 tanda
173 3029 216 3070 est
241 3021 402 3082 concordia,
427 3038 481 3072 non
511 3023 602 3073 solum

68 3087 98 3137 in
116 3087 210 3149 rebus,
230 3091 277 3140 sed
295 3092 376 3142 etiam
391 3093 420 3143 in
432 3093 602 3159 temporibus

68 3158 176 3211 Veteris
185 3170 212 3211 et
223 3162 294 3213 Novi
307 3163 482 3214 Testamenti.
494 3164 604 3214 Decima

68 3231 146 3283 mim
158 3232 204 3283 die
222 3234 325 3284 mensis
345 3235 436 3300 primi,
453 3251 540 3301 agnus
554 3236 602 3301 qui

67 3301 96 3352 in
111 3302 216 3353 Pascba
224 3302 419 3365 immolaretur,
431 3307 544 3356 domum
557 3307 604 3356 in-

67 3373 175 3424 troduci
185 3376 277 3440 jussus
288 3387 343 3442 est;
357 3378 419 3443 quia
434 3388 460 3428 et
471 3379 604 3429 Dominus

67 3445 175 3499 daim
187 3449 233 3499 die
245 3450 365 3514 ejusdem
376 3450 487 3514 mensis,
501 3451 552 3501 hoc
563 3458 605 3502 est

69 3527 135 3569 ante
147 3520 273 3586 quinque
292 3521 350 3572 dies
375 3523 493 3584 Paschae,
510 3521 605 3573 civita-

69 3603 126 3644 tem
139 3594 171 3645 iu
181 3610 236 3661 qua
245 3606 388 3661 pateretur,
403 3607 459 3647 erat
471 3596 605 3662 ingressu-

70 3680 130 3715 rus.
141 3684 155 3714 u
170 3667 211 3718 Et
222 3681 280 3717 cum
293 3669 422 3718 intrasset
429 3669 511 3717 ,lesus
521 3668 604 3720 Jero-

69 3738 218 3808 solymam,
255 3751 285 3792 ut
314 3742 452 3792 exhiberet
480 3743 603 3805 salutem,

69 3817 203 3862 comta
220 3818 264 3862 est
282 3813 408 3862 aniverso
431 3812 536 3874 civitas,
560 3812 606 3861 di-

69 3880 355 3947 remanentne?
375 3882 424 3932 Per
443 3882 495 3933 hoc
516 3881 605 3946 signi-

1131 271 1184 322 atq

652 374 760 425 ficatum
777 374 829 424 fuit
850 375 924 440 quod
939 373 1056 424 intrante
1072 373 1137 424 lesu
1153 373 1184 424 in

648 447 794 496 Jerusalem
812 449 958 508 coelestem,
972 445 1068 512 Angeli
1082 446 1183 496 dicturi

648 529 724 569 crant
739 536 745 568 :
764 519 834 581 Qun
846 526 890 570 est
909 520 960 571 iste
979 520 1046 570 Rex
1057 517 1183 586 gloria?

650 590 728 641 Unde
743 590 878 656 Origenes
892 606 901 640 :
913 608 930 645 ,α
946 590 1000 640 Sed
1020 601 1048 640 et
1072 589 1184 656 quando

649 665 759 716 intravit
777 665 854 715 lesus
868 665 1065 731 lerosolymam
1079 676 1180 723 veram,

649 736 813 786 admirantes
829 735 949 785 Virtutes
964 736 1094 796 coelestes,
1108 735 1184 785 dice·

650 807 714 856 bant
724 823 732 856 :
743 808 815 868 Quis
828 813 870 857 est
880 809 932 856 iste
944 807 1008 856 Rex
1024 805 1150 872 gloriae?
1167 824 1182 852 a

650 879 708 929 haec
729 879 871 946 Origenes.
884 879 1014 930 Dicebant
1032 895 1105 944 ergo,
1123 880 1185 944 qais

649 955 690 999 est
709 948 776 1000 bic?
791 950 876 1009 Quasi
900 950 1018 1000 dicerent
1033 967 1039 1000 ε
1056 951 1108 999 lste
1127 963 1183 998 non

650 1034 691 1073 est
708 1023 771 1072 talis
794 1039 824 1073 ac
845 1032 934 1073 tantus
954 1024 1026 1089 quod
1049 1021 1113 1072 talia
1134 1023 1185 1072 de-

650 1096 759 1149 berent·
773 1095 826 1145 sibi
857 1095 990 1145 exhiberi.
1018 1094 1185 1145 Mirabantur

649 1165 724 1217 enim
733 1167 819 1218 turboe
831 1166 1020 1232 frequentiam,
1035 1160 1186 1215 nescientes

649 1241 683 1289 de
701 1254 734 1290 eo
754 1239 902 1300 veritatem,
928 1238 971 1288 cui
992 1237 1099 1287 obviam
1117 1250 1180 1284 cum

649 1310 776 1374 laudibus
786 1319 939 1360 occurrunt.
950 1309 1029 1359 Unde
1039 1308 1181 1374 Chrysus-

650 1387 759 1433 tomnt:
777 1400 791 1428 n
813 1381 909 1432 Merito
936 1378 1184 1434 commovebantur,

649 1455 771 1523 yidentes
805 1470 862 1504 rem
894 1453 1057 1503 mirabilem.
1093 1452 1183 1500 Homo

649 1527 809 1578 laudabatur
829 1525 909 1591 quasi
933 1526 1014 1585 Deus,
1039 1523 1086 1573 sed
1110 1522 1184 1572 Deus

650 1598 809 1648 laudabatur
823 1597 850 1646 in
866 1596 994 1659 homine3
1013 1604 1079 1659 puto
1093 1601 1183 1642 autem

650 1673 723 1739 quod
746 1687 794 1722 nec
807 1671 860 1737 ipsi
876 1669 924 1736 qui
940 1669 1094 1727 laudabant,
1113 1667 1183 1716 scie·

651 1747 716 1794 bant
742 1743 809 1809 quid
832 1741 986 1799 laudabant,
1001 1740 1047 1790 sed
1067 1737 1185 1804 Spiritus
1271 1734 1275 1755 ¹

652 1815 743 1865 subito
762 1813 899 1878 ingressus
914 1811 942 1860 in
966 1826 1022 1871 eos,
1043 1808 1182 1858 nesciente

651 1884 752 1943 anima,
765 1882 887 1933 veritatis
901 1881 983 1931 verba
1001 1878 1133 1928 fundebat
1146 1893 1153 1926 ι
1168 1894 1182 1922 n

651 1957 938 2023 haecClrrysostomm.
947 1952 1087 2017 Principes
1095 1951 1187 2016 itaque

652 2028 831 2086 sacerdotum,
843 2035 869 2075 et
882 2027 995 2089 majores
1005 2021 1186 2087 indignaban-

652 2111 697 2150 tur
709 2099 742 2149 de
756 2096 905 2148 reverentia
925 2094 1034 2146 Christo
1048 2090 1185 2154 exhibita3

652 2180 679 2222 et
696 2171 733 2220 ob
746 2170 798 2220 hoc
820 2168 947 2218 universo
970 2165 1066 2217 civitot
1085 2162 1186 2213 dicitur

653 2258 711 2293 esse
745 2246 883 2303 commota,
911 2239 976 2305 quia
998 2236 1099 2286 factum
1126 2248 1188 2283 ma-

652 2314 741 2379 iorum
767 2311 866 2361 dicitur
893 2325 952 2360 esse
974 2308 1074 2358 lactum
1103 2303 1187 2354 totius
1247 2369 1250 2375 ¹

653 2385 777 2443 civitatis,
793 2384 835 2432 vel
849 2381 960 2432 alterius
973 2375 1186 2429 communitatis.

653 2456 754 2522 Populi
777 2460 873 2514 antem,
889 2452 917 2500 id
941 2460 981 2500 est
1001 2447 1139 2513 simplices
1159 2454 1187 2495 et

653 2529 786 2592 vulgares,
802 2523 879 2589 quasi
893 2522 1026 2571 rationem
1036 2521 1071 2568 de
1081 2525 1186 2567 contra-

654 2599 695 2647 rio
720 2596 871 2653 reddentes,
896 2592 1020 2642 dicebant
1040 2588 1117 2638 :Hic
1139 2593 1184 2637 est

654 2672 735 2720 Jesns
757 2668 895 2733 Propheta
909 2680 926 2714 a
939 2661 1082 2731 Nazareth
1106 2659 1188 2711 Goli-

655 2741 731 2802 laeoe5
752 2739 808 2787 imo
832 2736 967 2786 Dominus
992 2732 1187 2798 Prophetarum

655 2821 679 2861 et
691 2811 752 2860 ideo
767 2809 878 2866 scilicet,
893 2806 990 2856 merito
1009 2805 1088 2854 debet
1103 2803 1190 2852 bono·

655 2882 716 2932 rari.
742 2881 814 2931 Ecce
827 2878 960 2929 confessio
983 2877 1032 2926 Dei
1045 2891 1060 2926 a
1072 2874 1188 2935 minori-

655 2954 708 3004 bus
728 2951 834 3016 incipit,
854 2960 883 3000 ut
904 2949 938 2999 ad
962 2947 1076 3012 majores
1093 2956 1189 3012 perte·

655 3018 720 3076 nia't.
753 3024 806 3074 Ubi
833 3023 1022 3088 Hieronymus
1046 3037 1055 3070 .·
1082 3037 1095 3066 n
1119 3017 1190 3068 Aliis

655 3106 745 3147 autem
757 3093 958 3159 ambigentibus
969 3092 1011 3142 vel
1024 3091 1190 3154 interrogau-

656 3168 738 3226 tibus‚
768 3165 831 3216 vilis
863 3162 1003 3229 'plebecula
1025 3160 1187 3212 confitetur:

656 3237 780 3300 Quialric
794 3242 835 3286 eat
846 3237 929 3285 Jerus
945 3233 1082 3299 Propheta
1096 3246 1114 3279 α
1126 3229 1190 3279 Να-

655 3308 750 3376 rar-eth
763 3307 898 3358 Golilaece.
911 3306 934 3354 A
949 3303 1102 3354 minoribus
1118 3296 1189 3348 inci-

657 3381 744 3446 piunt,
761 3388 803 3428 'ut
829 3379 862 3428 ad
893 3378 995 3442 maiora
1019 3371 1190 3440 perveniant3

656 3451 821 3517 Prophetiam
831 3449 905 3499 enim
916 3463 978 3497 eum
989 3446 1092 3502 dicunt,
1107 3455 1190 3507 quem

657 3523 764 3588 Moyses
788 3521 830 3570 sui
860 3519 979 3569 similem
1007 3515 1109 3564 dixerat
1132 3524 1190 3560 esse

656 3604 809 3652 venturum,
824 3607 841 3641 a
856 3588 999 3656 Nazareth
1021 3595 1110 3635 autem
1130 3582 1191 3632 Ga-

658 3665 747 3728 lilaea,
760 3663 825 3729 quia
841 3661 880 3711 ibi
901 3661 1029 3709 educatus
1052 3654 1146 3713 fuerat,
1160 3662 1193 3703 ut

657 3738 708 3788 flos
730 3735 817 3800 campi
834 3732 982 3783 nutriretur
1004 3729 1032 3779 in
1055 3726 1121 3777 flore
1136 3725 1194 3775 vir-

658 3818 748 3858 tutum
770 3824 776 3855 :
801 3825 814 3852 r
841 3805 902 3853 hac
930 3802 1130 3866 Hieronymus.
1160 3797 1194 3846 Et

660 3889 803 3946 postquam
827 3875 962 3926 Dominus
988 3873 1127 3938 ingressus
1154 3877 1194 3919 est
