2632 4320
194 280 243 330 DE
258 278 429 328 ADVENTU
446 277 492 326 ET
509 275 781 327 PERSECUTIONE
797 278 1032 330 ANTICHRlSTl.

55 398 128 447 sicut
138 409 238 462 passer
255 394 397 444 solitarius
409 393 436 442 in
451 398 527 443 tecto.
544 393 593 441 Per

54 470 118 520 illos
127 469 174 534 qui
182 469 209 518 in
219 480 299 532 agro,
311 476 396 515 status
405 463 592 531 perfectorum,

54 542 104 608 qui
116 541 146 591 in
161 555 190 590 se
204 538 310 604 perfecti
328 539 379 603 jam
400 537 467 586 alios
481 535 593 601 perfice-

54 631 86 666 re
107 623 251 670 conantur‚
271 611 419 662 secundum
436 610 504 659 illud
519 610 593 660 Can-

54 687 173 736 ticorum
194 700 201 733 :
227 683 413 749 Egrediamnr
436 682 463 731 in
483 694 591 746 agrum.

54 757 211 809 Secundum
229 756 296 814 haec,
319 754 416 818 triplex
435 762 478 803 est
501 751 592 802 consi-

54 829 125 880 lium
137 825 340 877 admonitionis.
356 823 454 873 Primis
466 823 539 872 enim
550 822 594 872 da-

54 910 101 950 tur
112 897 261 949 consilium
279 894 439 1014 ascenpendi
457 893 491 942 ad
509 908 600 944 mon-.

55 978 111 1032 τως
127 968 203 1018 sicet
217 968 263 1033 qai
277 967 303 1015 in
317 964 351 1016 Ja
371 979 413 1015 oea
427 970 496 1026 sunt,
513 962 593 1013 idest

55 1042 86 1090 in
105 1039 276 1090 confessione
295 1036 367 1095 fidei,
384 1035 446 1085 licet
462 1034 591 1100 imperfe-

54 1111 100 1170 cti,
115 1110 206 1160 Judaea
222 1107 296 1158 enirn
311 1106 444 1172 confessio
458 1106 591 1170 interpre-

54 1192 136 1241 tatur,
152 1179 272 1246 fugiant
286 1178 324 1228 ad
343 1184 445 1228 montes
467 1186 589 1236 aeternos,

52 1252 84 1302 id
97 1262 139 1302 cst
152 1252 185 1300 ad
199 1250 350 1315 Scripturas
361 1248 553 1312 Apostolorum
565 1255 591 1296 et

53 1323 268 1389 Prophetarum
284 1321 336 1379 vel,
350 1320 383 1368 ad
400 1320 519 1369 culmina
533 1318 590 1368 vir-

53 1406 156 1455 tutum,
167 1405 198 1444 ut
209 1393 395 1444 illuminentur
409 1408 424 1442 a
439 1393 503 1453 Deo,
518 1390 591 1440 unde

55 1469 199 1520 Psalmista
214 1484 221 1516 :
237 1467 397 1517 illuminans
421 1471 449 1515 tu
462 1464 591 1514 mirabili-

54 1550 96 1594 ter
117 1557 135 1591 a
155 1540 289 1590 monitibus
304 1539 414 1589 atonis
435 1539 591 1588 :Secundis

54 1614 135 1663 dator
157 1609 303 1661 consilium
324 1625 377 1658 non
395 1609 588 1671 descendendi3

55 1683 95 1734 sic
108 1682 196 1747 etqui
211 1682 239 1730 in
253 1686 329 1743 tecto,
347 1679 373 1728 id
387 1679 487 1744 estqui
500 1679 590 1728 animo

55 1750 162 1803 excedit
170 1767 278 1801 carnem
291 1760 316 1800 et
327 1751 470 1809 mundum,
484 1764 532 1814 per
541 1765 591 1799 cce

54 1824 149 1874 lestem
164 1822 403 1885 conversationem,
417 1837 472 1870 non
487 1823 592 1870 descen·

54 1895 101 1945 dat
115 1893 212 1945 tollere
225 1893 329 1958 aliquid
345 1894 378 1942 de
395 1893 476 1942 domo
490 1908 547 1955 sua,
561 1892 589 1941 id

55 1977 96 2018 est
117 1982 172 2016 non
192 1966 303 2015 inclinet
317 1981 346 2016 se
359 1967 392 2014 ad
411 1967 526 2015 carnalia
542 1968 590 2016 de-

56 2037 164 2097 sideria,
183 2052 233 2086 nec
245 2037 335 2086 redeat
353 2037 477 2086 adactus
496 2036 590 2102 pristi-

55 2124 97 2160 nte
109 2109 323 2160 conversationis
333 2109 487 2169 mundante,
499 2125 592 2158 secun-

55 2180 121 2230 dum
139 2180 207 2230 illud
221 2178 344 2244 Apostoli
360 2196 366 2228 ε
383 2180 486 2229 Carnis
498 2194 591 2230 curam

55 2252 233 2318 rejeceritis.
246 2251 346 2301 Tertiis
357 2253 435 2301 datur
447 2252 591 2301 consilium

56 2337 111 2372 non
128 2322 292 2382 revertendi3
309 2321 386 2370 sicet
402 2321 448 2386 qui
465 2322 490 2370 in
510 2336 590 2387 agro,

56 2393 84 2444 id
95 2403 140 2445 at
153 2393 201 2460 qui
213 2403 339 2459 operatur
356 2393 384 2442 in
399 2394 524 2454 Ecclesia,
537 2394 592 2443 sic-

55 2465 151 2515 utbos
165 2464 195 2514 in
210 2479 274 2529 agro
293 2464 413 2526 Domini,
428 2480 483 2513 non
502 2480 592 2514 rever-

55 2545 127 2586 tatur
147 2536 243 2585 tollere
261 2535 380 2586 tunicam
401 2552 486 2596 suam,
505 2536 532 2585 id
554 2546 592 2586 est

55 2622 112 2659 rem
141 2607 262 2674 aliquam
286 2610 462 2674 temporalem
486 2625 539 2674 qua
560 2625 592 2659 se

56 2679 138 2741 cruit,
157 2689 190 2730 ut
211 2681 301 2730 nudus
323 2681 427 2730 nudum
451 2681 591 2731 Christum

55 2759 194 2817 seruauit,
212 2752 361 2801 secundum
374 2752 444 2802 illud
464 2753 592 2803 Cantico-

55 2836 116 2873 rum
136 2838 144 2872 :
166 2823 336 2889 Exspoliavi
353 2839 393 2874 me
412 2825 503 2875 tunica
522 2840 591 2876 mea.

54 2891 212 2943 secundm
233 2892 307 2942 enirn
333 2894 532 2960 Angustinnm,
561 2895 591 2945 in

55 2962 280 3013 tribulationibus
304 2966 451 3014 cavendum
475 2975 530 3023 est,
559 2980 592 3014 ne

55 3031 204 3099 qaisquam
218 3033 340 3083 devictus
355 3035 388 3083 ad
405 3036 538 3085 carnalem
550 3035 592 3085 vi-

56 3110 110 3155 tam
133 3105 169 3154 de
192 3105 327 3170 spirituali
351 3106 517 3156 sublimitate
539 3107 592 3156 cle-

55 3174 180 3239 soendat3
202 3186 249 3224 aut
271 3175 319 3242 qai
333 3175 482 3241 proiecerat
496 3177 525 3226 in
542 3193 593 3226 an-

55 3246 154 3299 teriora
175 3261 206 3297 se
228 3249 381 3310 extendens,
401 3248 547 3300 deficiendo
564 3251 593 3300 in

55 3318 206 3383 posteriora
220 3319 353 3384 respiciat.

85 3389 250 3450 3Quosnsu
268 3406 340 3440 uror
356 3391 433 3442 Lorn
448 3408 536 3442 uerno
551 3408 595 3442 aa·

56 3474 171 3513 murs
199 3462 314 3512 stenar?
335 3490 365 3500 -
384 3463 420 3513 Et
443 3464 595 3515 benedixit

55 3532 127 3597 prod
138 3547 194 3582 non
201 3542 245 3582 est
254 3534 445 3584 revertendum
456 3544 536 3595 retro,
548 3550 595 3600 per

53 3602 191 3655 ddectum
208 3605 410 3671 perseveratis:
424 3606 453 3656 in
466 3607 553 3668 bon03
569 3615 596 3656 et

54 3683 85 3724 at
104 3675 167 3726 boe
191 3674 297 3725 iacil‘rus
320 3674 436 3741 faciatis,
463 3691 596 3727 memores

54 3756 142 3799 estote
155 3747 252 3799 uxoris
265 3748 346 3809 Loth,
361 3765 431 3816 quae,
446 3751 512 3816 quia
526 3760 596 3800 retro

55 3819 186 3885 serpent,
209 3828 312 3870 natare
335 3835 391 3871 sure
412 3837 513 3872 munus
533 3835 597 3887 per-

56 3887 138 3942 distr.
148 3891 271 3958 Fugtem
280 3891 357 3943 enisis
367 3894 493 3945 &anam
505 3903 534 3945 et
544 3893 596 3944 So

1127 280 1177 331 303

646 393 764 454 domam,
778 410 826 460 per
835 395 1070 463 intemperantiam
1084 416 1179 468 respe-

645 463 685 512 xit
706 479 744 523 ea,
766 474 793 514 et
812 478 919 517 mortua
939 479 1026 520 statua
1043 472 1107 523 salis
1131 489 1178 525 seu

646 536 772 585 columna
780 547 821 586 est
833 538 932 589 effecta.
944 542 1097 592 Secundam
1105 560 1178 595 eum-

645 607 706 654 dem
726 609 918 673 Augustinum,
941 611 997 662 haec
1017 629 1087 664 uxor
1106 617 1178 668 Lotlr

645 675 779 741 significat
793 680 897 744 eosqui
913 681 942 730 in
953 683 1127 737 tribulatione
1140 704 1178 738 re·

645 756 686 797 tro
701 749 857 814 respiciunt,
870 764 896 800 et
911 768 925 801 a
938 768 985 818 spe
1000 755 1097 807 divinae
1112 775 1176 824 pro-

645 817 785 868 missionis
806 836 834 870 se
850 833 981 873 avertunt.
997 824 1031 874 Et
1047 825 1108 877 ideo
1122 839 1177 879 sta-

644 898 689 938 tua
718 890 782 940 salis
810 891 880 942 tacta
906 904 963 954 est,
993 905 1024 945 trt
1053 902 1177 966 exemplo

643 963 799 1014 admonenti
819 965 944 1017 homines
965 984 998 1017 ne
1017 969 1120 1022 similia
1134 973 1178 1023 fa-

644 1037 725 1096 ciant,
747 1046 876 1103 tanquam
901 1041 1007 1090 condiat
1022 1053 1049 1092 et
1074 1046 1179 1097 erudiat

644 1123 691 1157 cor
702 1123 797 1158 eorum
807 1126 841 1159 ne
851 1109 916 1160 fatui
926 1110 998 1161 fiant.
1010 1113 1114 1171 Quaerit
1124 1119 1177 1167 Au·

642 1181 770 1246 gratinus
783 1197 865 1246 quare
883 1184 981 1233 mulier
994 1185 1044 1234 ista
1058 1185 1109 1237 fuit
1124 1205 1177 1253 pu-

643 1251 716 1316 nita,
744 1253 911 1318 respiciendo
931 1266 957 1306 et
977 1257 1093 1308 videndo
1121 1262 1178 1311 So-

643 1323 770 1385 domitas,
792 1340 847 1375 non
870 1335 959 1376 autem
977 1328 1122 1380 Abraham.
1145 1333 1178 1382 Er

643 1394 797 1459 respondet,
811 1397 884 1460 quod
899 1397 1035 1448 Abraham
1050 1401 1179 1466 respicie-

643 1465 701 1525 bat,
730 1466 778 1515 Dei
803 1468 966 1517 sententiam
987 1473 1178 1538 approbando3

643 1536 809 1595 latitantem,
833 1537 859 1586 in
880 1539 993 1602 peccatis
1013 1556 1107 1592 eorum
1128 1544 1179 1594 de·

642 1608 770 1657 lectand0.
785 1608 817 1656 Et
831 1623 866 1657 ne
877 1608 1003 1660 homines
1018 1611 1046 1660 in
1060 1627 1179 1676 persecu·

641 1677 718 1726 tione
728 1688 802 1726 retro
812 1678 941 1742 aspiciant
953 1678 1033 1729 fidem
1044 1686 1177 1747 negando,

642 1759 669 1798 et
687 1749 770 1798 vitam
793 1750 892 1799 bonam
907 1752 1068 1813 deserendo,
1086 1764 1117 1804 ut
1135 1757 1178 1804 ri-

642 1832 696 1869 tam
715 1821 881 1885 corporalem
893 1822 1005 1883 salvent,
1016 1839 1180 1890 consequen-

642 1901 682 1940 ter
700 1890 872 1939 admonendo
890 1891 1000 1955 inducit,
1019 1895 1093 1959 qnod
1116 1897 1178 1960 qui-

643 1975 744 2026 cunque
755 1962 895 2027 quesierit
910 1963 948 2012 sic
960 1964 1077 2014 animam
1091 1981 1177 2025 sicam,

643 2032 671 2081 id
682 2042 723 2081 est
735 2032 819 2081 vitam
829 2034 1003 2096 corporalem,
1016 2035 1122 2085 salvam
1130 2037 1181 2102 sa·
1205 2098 1207 2103 Α

644 2118 712 2166 cere,
721 2102 818 2153 timore
828 2103 924 2154 mortis
934 2104 1083 2156 deficiendo
1091 2107 1119 2156 in
1127 2111 1180 2158 An-

643 2177 760 2227 ticirristi
778 2178 961 2241 tribulatione,
978 2179 1079 2230 scilicet
1096 2182 1179 2232 Cirri-

644 2259 717 2299 stum
733 2250 865 2314 negando‚
880 2252 922 2299 vel
941 2251 1009 2302 bona
1021 2252 1178 2312 deserendo,

645 2332 671 2373 st
690 2332 762 2372 retro
783 2324 816 2372 ad
832 2325 903 2374 mala
922 2327 1020 2389 eundo,
1032 2329 1131 2392 perdet
1144 2329 1179 2378 il—

645 2393 708 2457 iani,
719 2393 884 2443 incurrendo
892 2395 1094 2446 damnationem
1106 2409 1180 2448 aeter-

646 2479 722 2526 nam3
733 2470 760 2512 et
770 2463 920 2529 qtocunqne
930 2481 1090 2528 permanens
1101 2468 1179 2518 fortis

645 2534 674 2583 in
694 2533 864 2583 confessione
886 2533 948 2583 fidei
976 2546 1001 2584 et
1020 2537 1180 2586 tribulatio-

645 2620 679 2654 ne
705 2603 858 2668 perdiderit
885 2605 1003 2654 animant
1028 2620 1122 2668 suam,
1151 2607 1179 2656 id

645 2684 684 2724 est
693 2675 776 2724 vitam
785 2676 962 2738 corporalem,
972 2675 1111 2726 estimans
1120 2693 1180 2727 eam

644 2757 674 2796 ut
694 2746 838 2796 occisionis
860 2761 954 2807 orem,
976 2759 1002 2798 et
1023 2749 1181 2816 praeeligens

646 2817 715 2866 mori
728 2832 809 2884 quam
819 2817 916 2866 cadere
934 2833 949 2868 a
966 2817 1019 2869 fide
1033 2830 1058 2870 et
1072 2821 1180 2880 virtute,

645 2889 792 2956 tirificabit
806 2903 874 2951 sam
894 2889 920 2938 id
943 2901 984 2940 est
1007 2891 1062 2942 rita
1082 2904 1181 2944 aeternn

646 2978 705 3012 earn
720 2962 829 3027 dignam
844 2961 935 3026 faciet3
951 2980 1033 3029 quam
1050 2966 1113 3015 inde
1126 2982 1181 3016 mc-

646 3032 757 3091 rebitur,
777 3041 804 3082 et
823 3032 850 3081 in
866 3035 1010 3097 praemium
1030 3036 1150 3101 recipiet.

676 3106 1182 3170 4Paroor-surasrrnurnmrrrsrrrans

645 3192 679 3226 rr
697 3192 836 3226 sanantur
858 3194 887 3228 rr
905 3193 987 3228 sensu
1010 3194 1128 3229 nrsrrco.
1152 3204 1182 3215 -—

652 3248 699 3298 Vae
710 3253 799 3298 autem
807 3250 1016 3314 praegnantibus
1032 3256 1058 3299 et
1069 3249 1184 3298 nutrien-

647 3318 719 3369 tibus
738 3318 764 3368 in
784 3319 841 3369 illis
857 3321 951 3371 diebus
968 3338 976 3371 .·
995 3320 1059 3385 quia
1079 3320 1112 3368 ad
1132 3319 1182 3368 lit-

647 3401 731 3440 teram
751 3402 919 3457 praegnantes
936 3407 990 3440 non
1006 3400 1119 3456 possunt
1134 3391 1183 3440 be-

649 3479 684 3514 ne
695 3463 796 3531 fugere,
816 3474 976 3531 aggravante
990 3465 1117 3529 pondere,
1135 3478 1183 3514 nec

649 3534 776 3584 similiter
795 3535 945 3585 nutrientes
960 3545 1068 3599 propter
1081 3550 1182 3595 curam,

649 3620 704 3671 qua
726 3605 795 3654 circa
813 3605 938 3670 parvulos
957 3614 1018 3653 sunt
1038 3613 1182 3670 occupatae.

648 3675 763 3743 Mystice
777 3680 955 3740 praegnantes
971 3683 1041 3738 sunt,
1062 3673 1109 3739 qui
1129 3673 1184 3725 irn-

651 3755 709 3796 tum
724 3747 788 3795 mali
801 3744 931 3810 propositi
950 3754 1140 3810 conceperunt3
1157 3754 1185 3796 et

650 3818 804 3879 nutrientes,
820 3816 868 3881 qui
887 3824 993 3880 partum
1011 3814 1077 3865 mali
1093 3816 1184 3882 operis

650 3891 742 3942 fovent
760 3900 786 3940 et
806 3888 931 3939 nutriunt
949 3904 956 3937 ε
976 3897 1003 3938 et
1020 3888 1059 3939 sic
1073 3898 1184 3941 notatur
