2632 4320
198 298 202 307 .
241 258 288 309 DE
308 256 427 309 DlVlTE
445 256 614 308 EPULONE
633 257 679 307 ET
696 257 837 310 anano
854 260 1028 314 MENDICO.

71 390 89 426 a
103 373 218 425 canibus
249 375 405 435 lacerantur,
430 389 491 425 ossa
511 374 611 440 pluviis

76 456 104 496 et
116 444 299 512 grandinibus
312 444 556 511 derelinquuntur3
570 445 609 496 sic

72 516 183 583 quando
215 515 314 581 aliquis
343 516 459 567 moritur
481 516 609 583 iniquus,

74 597 201 656 parentes
215 588 354 653 possident
368 589 548 639 substantiam
562 599 611 639 ter·

73 674 193 725 renam„
218 675 324 710 vermes
352 661 468 710 lacerant
502 676 610 711 carnem

75 746 164 792 suam,
190 730 326 796 supplicia
340 730 481 781 infernalia
494 731 610 782 lacerant

71 803 131 868 ejus
149 801 282 860 animam,
306 817 366 867 quae
391 811 515 852 naturam
539 803 608 854 ossis

71 874 202 934 habebit,
230 874 295 939 quia
322 874 446 925 consumi
470 891 607 942 nunquam

71 945 179 1012 poterit.
201 945 239 994 Et
259 947 410 996 notandum
431 949 504 1012 quod
518 948 606 1013 pluri-

71 1021 121 1070 bus
135 1019 228 1069 modis
243 1020 416 1085 cognoscitur
433 1021 541 1088 aliquis,
557 1039 606 1073 cu-

70 1092 112 1156 jus
124 1091 310 1158 parochianus
332 1091 376 1152 sit,
392 1092 495 1144 scilicet
509 1112 515 1144 :
530 1095 552 1145 si
573 1095 606 1145 ab

67 1176 99 1212 eo
113 1161 283 1227 baptismum
298 1162 433 1228 suscipiat,
454 1165 477 1214 si
496 1164 522 1216 ei
547 1167 606 1232 pri-

70 1232 165 1283 mitias
190 1242 216 1282 et
239 1233 358 1284 decimas
373 1235 480 1299 reddat,
503 1236 526 1286 si
546 1238 605 1303 ejus

70 1305 169 1355 missas
198 1314 225 1355 et
247 1304 327 1354 horas
348 1305 449 1357 audiat.
469 1307 522 1366 Qui
541 1324 605 1375 ergo

68 1392 140 1445 aqua
156 1377 381 1441 concupiscentiae
397 1379 554 1445 baptizatur,
575 1382 603 1433 in

68 1463 122 1516 qua
140 1447 280 1498 character
298 1449 398 1500 diaboli
427 1449 603 1517 imprimitur,

68 1521 173 1587 dequo
195 1519 224 1568 in
247 1522 407 1587 Apocalypsi
423 1523 536 1588 dicitur;
556 1527 603 1593 qui

66 1592 145 1644 initia
159 1607 274 1656 operum
291 1602 317 1642 et
331 1596 603 1662 consummationem,

66 1675 200 1730 tanquam
220 1663 354 1729 primitias
369 1674 395 1715 et
413 1667 531 1719 decimas
542 1670 605 1720 dia-

65 1739 131 1791 bolo
142 1738 243 1796 reddit,
262 1738 304 1788 vel
321 1738 392 1790 bona
404 1745 564 1809 temporalia
577 1746 604 1796 in

65 1810 170 1862 illicitis
189 1809 341 1872 consumit;
358 1812 404 1876 qui
421 1813 528 1867 lascivis
545 1833 605 1868 can-

64 1881 157 1933 tilenis
175 1891 203 1930 et
225 1881 345 1931 erroneis
365 1884 541 1948 carminibus,
556 1904 603 1940 seu

65 1951 157 2004 verbis
171 1951 339 2002 detractoriis
367 1963 392 2003 et
410 1955 490 2006 malis
513 1957 602 2009 inten-

65 2023 167 2084 dendo,
190 2032 320 2089 tanquam
335 2023 419 2076 horas
438 2026 539 2079 diaboli
552 2045 603 2081 au-

66 2096 116 2158 dit,
128 2095 232 2146 diaboli
247 2095 446 2160 ‘parochianum
466 2114 495 2149 se
511 2110 602 2152 osten-

64 2167 113 2229 dit,
126 2176 153 2217 et
170 2166 200 2215 in
218 2166 276 2231 ejus
291 2169 444 2220 coemeterio
459 2172 603 2237 sepelietur

64 2237 92 2288 ia
105 2247 206 2296 morte,
222 2236 292 2287 sicut
311 2238 392 2288 etiam
410 2239 485 2292 dives
499 2242 550 2294 iste
562 2256 602 2296 est

63 2312 198 2379 sepultus.
222 2311 273 2360 Sed
294 2313 342 2376 qui
362 2313 510 2379 baptizatur
531 2333 601 2386 aqua

64 2382 244 2450 poenitentiae,
259 2383 307 2434 ubi
327 2384 496 2451 imprimitur
507 2390 600 2441 chara-

62 2466 120 2507 cter
132 2455 247 2515 Christi,
267 2457 369 2508 scilicet
390 2460 476 2524 Thau,
498 2464 531 2513 de
545 2479 601 2530 quo

62 2525 165 2577 dicitur
188 2525 217 2576 in
242 2527 395 2593 Ezechiele3
420 2531 468 2597 qui
488 2531 600 2584 initium

62 2606 89 2649 et
103 2598 370 2648 consummationem
386 2599 519 2651 bonorum
533 2618 600 2669 ope-

61 2681 126 2718 rum
146 2666 256 2718 Christo
271 2668 372 2733 reddit3
396 2670 443 2736 qui
465 2672 522 2737 ejus
539 2689 600 2724 ser-

61 2754 157 2790 mones
171 2750 198 2789 et
215 2740 297 2790 verba
316 2741 432 2793 libenter
451 2743 536 2806 audit,
550 2747 600 2796 de-

63 2811 217 2877 portabitur
239 2812 272 2862 ab
293 2814 405 2880 Angelis
427 2814 456 2865 in
478 2818 599 2884 requiem

60 2882 190 2945 Christi,
228 2885 305 2959 cujus
344 2886 537 2952 parochianum
570 2906 600 2941 se

58 2954 189 3006 ostendit.
200 2955 306 3025 ,Merito
319 2969 408 3008 autem
420 2973 527 3026 pauper
536 2976 600 3026 por-

59 3024 171 3076 tabatur
188 3027 221 3076 ab
236 3028 360 3094 Angelis,
380 3038 407 3079 et
428 3031 548 3095 angelica
575 3031 599 3082 ei

60 3096 263 3163 deputabantur
283 3097 385 3160 officia,
408 3099 451 3151 cui
467 3109 522 3151 tam
536 3117 600 3152 cru-

59 3167 159 3221 deliter
181 3170 309 3237 denegata
336 3181 400 3223 sunt
424 3173 600 3226 humanitatis

61 3239 213 3308 obsequia;
235 3251 262 3290 et
280 3242 377 3293 merito
391 3243 467 3294 dives
480 3246 600 3313 sepultus

58 3319 102 3364 est
122 3313 150 3364 in
174 3313 291 3382 inferno,
307 3325 337 3365 ut
350 3315 483 3367 sustineat
495 3318 599 3369 crucia-

59 3394 121 3435 tum
145 3386 273 3446 nolendo,
288 3387 336 3453 qui
355 3386 384 3437 in
403 3388 526 3453 praesenti
545 3389 599 3440 vita

58 3468 169 3506 crucem
179 3467 285 3522 portare
298 3457 386 3507 noluit
394 3456 560 3524 poenitendo.

92 3522 202 3577 SSntus
217 3527 336 3578 Aurana
351 3542 418 3586 outo
430 3542 472 3578 sir
485 3543 519 3579 ar
535 3529 596 3581 uari

59 3624 90 3635 -
107 3597 231 3649 Elevans
245 3605 333 3649 autem
352 3598 446 3657 oeulos
459 3613 524 3650 suos
537 3599 597 3667 spi-

59 3666 180 3728 rituales,
207 3684 263 3718 non
288 3669 447 3735 corporales,
471 3669 536 3736 qula
556 3671 595 3721 ibi

60 3746 117 3787 erat
127 3737 221 3789 anima
236 3739 306 3804 ejus,
332 3756 389 3790 non
405 3755 518 3807 corpus,
536 3755 596 3792 cum

58 3814 131 3861 esset
160 3808 189 3859 t'n
217 3810 355 3860 tormentis
381 3811 595 3877 multiplicibus,

59 3878 126 3946 quia
137 3879 198 3945 ejus
209 3881 282 3932 oculi
296 3882 381 3948 aperti
394 3893 469 3934 erant
483 3898 531 3950 per
543 3899 595 3950 pos

1147 280 1198 334 127

670 388 733 423 nam
759 374 807 441 qui
832 386 894 428 ante
917 377 1000 429 clausi
1022 378 1130 431 fuerant
1153 398 1201 448 per

664 444 781 508 culpam,
802 444 869 496 vidit
894 448 1033 499 Abraham
1057 465 1075 501 α
1100 451 1200 517 longe,-

664 515 729 580 quia
752 516 869 567 multum
888 519 968 568 etiam
992 531 1055 570 ante
1078 522 1199 587 apertio-

664 603 726 636 nem
740 588 826 652 januae
845 590 959 642 coelestis
977 593 1093 643 distabat
1113 605 1199 647 status

661 661 807 731 electorum
827 678 842 713 a
861 674 932 715 statu
957 668 1149 732 reproborum,
1167 669 1196 720 in

662 740 767 783 tanturn
775 734 847 800 quod
855 734 1036 801 impossibilis
1050 750 1105 789 erat
1115 750 1198 793 trans-

660 804 714 855 itus
731 806 765 855 ab
780 821 833 856 uno
851 806 880 857 in
897 807 996 873 alium;
1014 817 1041 861 et
1056 812 1196 878 Lazarum

661 877 688 926 in
707 878 848 943 sinucius,
866 880 899 930 ad
918 883 1060 932 cumulum
1071 900 1125 934 suar
1138 902 1197 951 poe·

661 965 712 1010 nae,
738 967 822 1016 quem
841 951 871 1002 in
893 955 1067 1019 prosperitate
1090 959 1195 1022 positus

659 1023 853 1090 dedignabatur
864 1025 963 1077 videre.
975 1027 1057 1079 Sinus
1069 1030 1194 1092 Abrahae,

659 1095 692 1144 de
707 1110 763 1157 quo
778 1096 830 1146 hoc
844 1096 951 1157 dicitur,
962 1109 1024 1149 ante
1037 1100 1192 1153 Passionem

659 1166 757 1216 eratin
773 1167 860 1218 limbo
871 1167 981 1229 inferni,
991 1171 1038 1220 sed
1056 1173 1137 1222 modo
1152 1184 1193 1224 est

659 1238 685 1287 in
703 1239 790 1303 coelo;
811 1239 970 1293 sicutenim
991 1244 1136 1295 translatus
1154 1257 1196 1297 est

659 1308 796 1360 Abraham
821 1311 855 1362 de
875 1312 977 1374 limbo,
1001 1314 1041 1364 sic
1065 1324 1091 1364 et
1115 1316 1194 1367 sinus

659 1381 746 1448 ipsius
760 1398 822 1433 cum
836 1398 879 1434 eo.
892 1385 956 1435 Erat
971 1401 1090 1452 namque
1105 1387 1134 1437 in
1148 1404 1194 1439 su-

658 1451 757 1517 periori
778 1453 899 1519 margine
919 1455 1017 1506 inferni
1038 1457 1115 1507 locus
1140 1459 1194 1509 ali-

658 1523 819 1586 quantulum
843 1524 944 1576 habens
964 1527 1051 1576 lucem
1072 1543 1122 1593 pro
1145 1544 1193 1595 spe

656 1594 755 1644 futurae
777 1594 917 1655 claritatis,
939 1596 999 1647 sine
1014 1599 1089 1648 omni
1114 1615 1193 1665 poena

658 1664 798 1724 materiali,
815 1665 843 1714 in
856 1682 912 1731 quo
925 1677 1003 1719 erant
1019 1669 1115 1719 animae
1135 1671 1192 1721 ele-

656 1746 771 1794 ctorum,
785 1737 916 1800 usquead
932 1737 1092 1789 descensum
1109 1740 1192 1790 Chri-

657 1804 692 1855 sti
706 1805 739 1855 ad
756 1804 884 1870 infernos,
900 1807 1002 1857 scilicet
1016 1809 1049 1858 ad
1063 1811 1190 1861 eumdem

656 1877 759 1936 locum,
776 1875 825 1942 qui
845 1877 920 1927 locus
933 1888 1042 1943 propter
1055 1880 1098 1930 sui
1114 1889 1191 1931 tran-

656 1947 818 2014 quillitatem
831 1949 907 2000 sinus
919 1959 961 2000 est
973 1950 1070 2015 dictus,
1084 1952 1154 2002 sicut
1164 1963 1191 2004 et

657 2021 734 2072 sinus
748 2021 831 2071 maris
845 2021 944 2074 dicitur
960 2023 1035 2074 locus
1050 2024 1158 2090 quietus
1174 2041 1191 2075 a

655 2093 745 2145 ventis
767 2102 793 2144 et
814 2095 1035 2159 tempestatibus;
1061 2106 1088 2147 et
1114 2098 1190 2148 dice-

656 2165 734 2215 batur
747 2165 873 2229 Abralrae,
887 2165 951 2232 quia
965 2165 1022 2231 ipse
1035 2165 1087 2216 fuit
1102 2167 1190 2232 prima

654 2238 697 2288 via
711 2238 834 2288 credendi
845 2248 871 2289 et
886 2238 991 2304 primus
1000 2240 1107 2304 publice
1118 2256 1190 2306 prae-

654 2309 753 2360 dicavit
771 2308 852 2360 fidem
870 2309 954 2360 unius
971 2310 1037 2361 Dei..
1046 2312 1123 2363 Hunc
1145 2315 1187 2363 lo-

653 2395 716 2430 cum
727 2379 870 2445 appellavit
888 2381 939 2431 lob
958 2382 1083 2432 tenebras
1097 2398 1189 2448 respe-

653 2463 698 2502 ctu
719 2451 832 2503 visionis
850 2451 957 2511 divinae,
975 2452 1017 2502 vel
1034 2468 1083 2517 pro
1108 2454 1188 2503 taedio

653 2525 824 2591 exspectandi
833 2525 1007 2583 Salvatorem,
1022 2526 1115 2575 dicens
1131 2542 1137 2575 :
1154 2527 1188 2576 In

652 2595 769 2646 tenebris
784 2594 873 2644 stravi
885 2593 1009 2647 kctulum
1026 2608 1121 2644 meum.
1136 2596 1188 2644 Sc-

653 2667 773 2717 cundum
787 2665 898 2728 Badara,
917 2663 996 2716 sinus
1011 2665 1127 2716 Abrahae
1144 2678 1187 2723 est

652 2737 759 2804 requies
777 2737 917 2788 beatorum
939 2750 1097 2802 pauperum,
1112 2752 1185 2803 quo-

652 2827 714 2861 rum
724 2821 765 2862 est
778 2826 891 2877 regnum
905 2811 1047 2870 coelorum,
1059 2826 1115 2876 quo
1127 2822 1188 2876 post

652 2883 722 2934 hanc
738 2882 820 2934 vitam
839 2881 1014 2948 recipiuntur.
1029 2882 1073 2943 Et,
1093 2897 1187 2934 secun·

652 2957 718 3007 dum
736 2955 934 3025 Augustinum,
952 2954 1089 3021 sepultura
1103 2954 1186 3006 inler-

652 3031 681 3080 ni
703 3044 841 3096 poenarum
858 3027 1030 3093 profunditas
1047 3038 1102 3092 est;
1124 3044 1186 3095 quae

651 3101 783 3166 superbos
808 3108 836 3149 et
867 3097 1097 3149 immisericordes
1128 3108 1188 3164 post

650 3172 735 3222 vitam
749 3171 820 3222 hanc
831 3180 916 3221 vorat.
933 3170 987 3229 Qui
1010 3170 1041 3220 in
1060 3168 1185 3235 praesenti

650 3243 744 3293 volunt
759 3251 849 3292 tenere
858 3241 949 3291 locum
963 3240 1093 3307 primum,
1104 3240 1132 3288 in
1148 3239 1186 3288 fu·

650 3323 712 3363 turo
726 3313 898 3363 retrudentur
911 3310 940 3361 in
955 3312 1045 3362 locum
1066 3308 1185 3360 novissi-

652 3400 738 3435 mum.
755 3382 809 3434 Ubi
824 3383 1063 3448 chrysostomus:
1080 3397 1094 3426 a
1109 3378 1185 3430 Sicut

650 3465 740 3505 autern
763 3452 882 3520 pauperi,
905 3453 972 3501 dum
989 3451 1098 3509 viveret,
1119 3463 1184 3514 gra-

650 3527 753 3577 viorem
765 3540 873 3592 poenam
886 3521 1014 3574 reddebar
1024 3522 1108 3586 jacere
1119 3527 1183 3569 ante

649 3597 756 3662 januam
770 3595 879 3655 divitis,
892 3603 920 3645 et
933 3593 1021 3643 aliena
1035 3591 1106 3639 bona
1117 3603 1184 3654 pro-

649 3670 766 3735 spicere;
780 3667 820 3718 sic
837 3665 915 3716 diviti
930 3674 1048 3722 mortuo,
1068 3660 1183 3727 augebat

649 3739 808 3791 exercitium
833 3734 971 3787 accubitus
996 3733 1025 3782 in
1049 3730 1181 3797 gehenna,

648 3820 805 3879 prospectus
823 3804 1007 3858 delectationis
1026 3803 1128 3864 Lazari,
1147 3818 1183 3854 ne

647 3884 706 3934 sola
729 3888 927 3933 tormentorum
953 3886 1059 3938 natura,
1083 3876 1132 3929 sed
1155 3882 1183 3926 et
