2632 4320
128 317 182 382 406

128 433 257 499 indigne,
284 433 371 497 magis
396 432 569 497 elongatura
595 431 663 494 Deo,

127 506 192 572 quia
206 505 277 554 enim
291 505 366 554 bono
383 505 452 552 male
463 519 531 553 usus
544 512 592 567 est,
608 503 665 552 haec

130 573 305 641 praesumptio
340 582 478 638 peccatum
506 573 602 633 auxit,
635 580 666 621 ut

129 647 255 711 ingratus
277 643 414 694 beneficiis
437 643 558 703 Domini,
584 657 665 708 aper-

127 717 183 767 tius
205 716 239 765 ab
261 731 293 765 eo
316 715 458 765 recederet.
480 715 553 764 Erat
577 719 665 763 autem

129 804 194 853 nox,
205 789 278 855 quod
288 789 417 854 expressit
429 787 595 854 Evangelisoa
610 804 616 836 :
633 787 664 836 ad

129 862 326 912 ostendendum
344 860 572 927 opportunitatem
592 869 665 909 tem-

129 932 210 998 poris,
221 933 253 983 ad
266 933 447 999 peragendum
462 931 647 997 proditionem
657 945 664 993 ;

130 1019 179 1054 nec
202 1020 257 1074 non
285 1005 317 1053 ad
342 1004 525 1053 denotandum
549 1002 666 1052 insuda

130 1076 229 1127 mentis
250 1076 478 1126 tenebrositatem.
496 1075 575 1125 Unde
598 1091 665 1126 con-

128 1149 202 1216 gruit
225 1149 277 1199 hoc
299 1149 369 1198 bene
393 1157 587 1197 sacramento:
612 1157 666 1198 erat

128 1219 203 1270 enim
215 1220 262 1285 qui
275 1219 340 1269 exiit
359 1217 432 1268 filius
448 1218 543 1278 noctis,
563 1217 665 1269 faciens

129 1305 210 1356 opera
221 1291 409 1350 tenebrarum
428 1288 537 1353 ibatque
561 1288 590 1338 in
613 1305 665 1339 no-

130 1371 200 1412 ctem
214 1377 267 1423 ,seu
280 1360 404 1411 tenebras
418 1369 444 1409 et
456 1369 581 1410 mortem.
591 1360 664 1420 Quia

130 1447 194 1498 ergo
200 1432 281 1482 Judas
291 1447 322 1480 ex
331 1431 468 1480 bonorum
478 1431 666 1482 societatemn

131 1503 253 1569 profecit,
268 1505 303 1554 ob
316 1504 367 1553 hoc
377 1505 471 1568 majori
482 1520 559 1570 poena
568 1505 666 1571 dignas

68 1568 71 1575 ’
129 1574 192 1625 fuit.
206 1574 286 1624 Unde
306 1574 519 1642 Chrysostomas
534 1594 543 1626 .·
558 1593 572 1621 a
592 1576 668 1625 Sicut

132 1644 196 1696 boni
219 1654 246 1695 et
266 1645 374 1712 perfecti
389 1645 490 1711 duplici
509 1655 575 1695 sunt
590 1645 665 1711 digni

131 1716 247 1778 honore,
268 1717 400 1783 quoniam
421 1728 448 1767 et
471 1717 583 1784 benigni
605 1726 668 1767 sunt

131 1787 204 1848 facti,
228 1799 254 1840 et
278 1788 350 1838 nihil
372 1788 486 1839 amalis
509 1788 666 1838 nocumenti

132 1874 289 1926 senserunt3
304 1863 382 1913 sicet
396 1861 460 1912 mali
483 1861 582 1926 duplici
603 1872 667 1911 sunt

132 1933 208 1998 digni
217 1950 304 1999 poena,
320 1943 345 1983 et
363 1933 428 1998 quia
439 1932 504 1982 mali
521 1931 584 1982 'facti
604 1942 667 1982 sunt

133 2019 195 2053 cum
205 2014 315 2071 possent
325 2002 394 2054 effici
406 2003 480 2063 boni,
496 2004 570 2069 qnod
580 2012 667 2053 osten-

133 2078 202 2128 dunt
215 2079 263 2144 qui
284 2077 345 2127 facti
369 2086 432 2127 sunt
451 2077 527 2138 boni,
558 2088 584 2128 et
602 2077 667 2143 quia

135 2149 208 2199 nihil
221 2165 237 2198 a
248 2150 331 2200 'bonis
342 2149 437 2199 lucrati
455 2159 527 2200 sunt.
540 2169 556 2197 n

168 2221 285 2279 10Qtr11>
304 2237 397 2270 stenar
422 2237 566 2270 saraanrro
592 2222 667 2271 lunia

133 2307 167 2340 aa
184 2306 255 2340 anns
276 2291 441 2341 mscrruats?
467 2320 498 2329 -
511 2291 585 2354 ,Cum
599 2305 667 2357 ergo

134 2360 248 2412 exiisset
275 2361 357 2412 Judas
396 2363 429 2411 ad
468 2362 667 2428 procurandum

134 2432 235 2484 Cirristi
248 2445 375 2494 mortem,
391 2434 593 2484 remanentibus
603 2434 669 2484 aliis

135 2506 275 2573 discipulis
296 2507 364 2558 dixit
377 2507 471 2558 lesus:
487 2508 568 2558 Nunc
581 2507 669 2558 clari-

132 2580 232 2644 ficatus
255 2587 296 2631 est
314 2581 404 2631 Filius
426 2581 549 2643 hominis,
570 2580 668 2640 idest,

135 2652 217 2716 ejecto
234 2647 387 2712 tenebroso,
404 2661 594 2702 remanserunt
616 2652 669 2702 soli

136 2723 243 2784 mundi,
255 2736 316 2773 cum
327 2739 377 2773 suo
394 2723 564 2773 mundatore.
577 2723 668 2787 Nune,

135 2793 234 2859 inquit,
254 2793 318 2859 qnia
331 2793 417 2858 caligo
439 2793 527 2843 noctis
548 2802 574 2843 et
591 2802 670 2844 tene-

136 2863 246 2914 brarum
271 2864 381 2914 recessit
397 2880 412 2914 a
426 2864 568 2930 discipulis
588 2865 669 2930 meis,

136 2948 205 2985 nanc
215 2935 306 2985 Filius
319 2935 434 2985 hominis
448 2935 616 3000 clanficatus
630 2944 671 2988 est

135 3005 164 3055 in
174 3005 214 3055 eis
224 3021 232 3067 ;
243 3019 311 3054 nunc
325 3005 395 3054 nihil
410 3006 534 3072 caliginis
551 3016 577 3057 et
587 3017 667 3058 tene-

136 3076 245 3125 brarum
260 3075 341 3124 sentit
352 3074 380 3123 in
392 3075 467 3141 ipsis.
482 3077 561 3127 Unde
575 3078 671 3128 Ansel·

136 3163 216 3200 mss.-
231 3166 245 3194 n
256 3147 314 3198 Hoc
327 3164 436 3214 quoque
449 3159 505 3199 erat
518 3160 670 3201 mansuetu-

135 3220 208 3271 dinis
230 3229 308 3281 tuae,
334 3220 452 3271 Domine
483 3221 564 3281 lesu,
595 3224 668 3290 quod

136 3290 268 3356 perfidum
295 3291 373 3342 illum
397 3290 426 3340 in
458 3301 527 3340 coetu
555 3291 668 3343 fratrum

137 3361 225 3427 palam
239 3362 370 3429 detegere,
393 3371 419 3411 et
436 3360 600 3412 confundere
617 3378 669 3412 no-

137 3433 229 3500 luisti,
240 3435 286 3484 sed
298 3434 391 3485 leviter
404 3432 584 3493 admonitum,
597 3449 669 3484 acce-

441 315 617 367 SECUN‘DAE
631 311 755 364 Pharis
764 313 887 367 CAPUT
900 315 958 365 LV.

718 429 803 479 lerare
811 429 915 495 iussisti
928 430 1002 495 quod
1015 429 1133 495 parabat.
1149 429 1180 479 ln
1192 445 1258 479 om-

714 499 802 581 pibus
830 500 874 550 his
903 516 958 550 non
981 510 1022 550 est
1043 515 1154 550 aversus
1180 498 1269 550 sumr'

720 571 778 636 ejus
805 572 943 637 malignus
964 587 980 622 a
1002 583 1039 632 te,
1059 572 1106 622 sed
1128 586 1258 636 egressus

720 641 791 693 foras
798 644 938 709 satagebat
951 643 1020 693 circa
1032 643 1161 709 frequens
1176 643 1260 693 male

719 712 820 764 licium.
842 715 921 764 Tunc
933 714 1075 764 clarificata
1094 723 1136 764 est
1152 711 1259 764 familia

719 796 775 847 tua,
788 788 906 851 Christe,
927 788 955 838 in
980 789 1094 838 modum
1120 787 1258 839 societatis

719 860 847 925 angelicae
866 878 907 937 :p
929 862 985 912 haec
1007 862 1162 911 Anselmus.
1186 861 1258 912 Pos-

719 941 784 981 sunt
811 934 892 984 etiam
923 934 968 984 hic
999 949 1044 984 res
1071 932 1258 1001 significantes

719 1011 849 1068 tanquam
867 1004 919 1054 illae
934 1020 994 1070 quae
1007 1003 1199 1070 significantur
1209 1019 1258 1054 ac-

720 1075 782 1140 cipi.
807 1077 895 1139 Nune,
912 1077 1011 1143 inquit,
1033 1077 1258 1142 clarificatusest

721 1146 811 1196 Filius
833 1147 957 1208 hominis,
988 1147 1016 1196 in
1045 1161 1082 1207 se,
1110 1147 1139 1196 in
1171 1162 1256 1207 musa,

720 1233 775 1268 non
789 1218 816 1267 in
825 1219 921 1269 effectu
933 1235 939 1281 ;
955 1220 1021 1284 quia
1034 1219 1118 1268 modo
1134 1219 1257 1270 inchoata

719 1301 760 1341 est
774 1291 881 1342 traditio
897 1292 1042 1352 Passionis,
1062 1296 1140 1358 cuius
1160 1293 1257 1344 merito

720 1378 753 1413 ex
766 1378 890 1428 congrua,
899 1363 978 1413 datur
995 1363 1018 1412 ei
1036 1363 1144 1413 claritas
1154 1363 1257 1414 Resur-

719 1435 848 1485 rectionis
868 1445 894 1485 et
915 1435 1102 1486 ascensionis.
1126 1434 1257 1486 Similiter

719 1505 750 1556 in
765 1521 877 1571 corpore
896 1506 1009 1571 mystico
1033 1515 1074 1555 est
1090 1503 1253 1565 clarificatus,

720 1579 784 1646 quia
797 1579 872 1630 Judae
896 1579 983 1629 exitus
1007 1579 1144 1629 malorum
1168 1579 1254 1630 abo-

719 1650 765 1700 nis
785 1649 873 1715 signat
892 1649 1121 1721 segregationem
1143 1656 1169 1701 et
1184 1649 1255 1700 Deus

722 1720 888 1789 clarificatus
902 1727 942 1770 est
963 1721 989 1769 in
1010 1734 1049 1782 ee,
1072 1720 1138 1786 quia
1158 1719 1258 1771 scilicet

720 1809 776 1843 non
800 1793 925 1860 quaesivit
950 1792 1004 1843 nisi
1028 1793 1144 1858 gloriam
1164 1793 1258 1844 Patris.

721 1865 780 1914 Hoc
802 1880 864 1930 ergo
887 1864 955 1913 facto
978 1863 1160 1928 separationis
1185 1865 1259 1915 tuae

720 1935 887 1986 asocietate
914 1934 1016 1984 Christi
1051 1943 1078 1984 et
1112 1935 1260 2000 Apostolo-

720 2024 798 2068 rum,
813 2002 980 2074 praefigurata
1004 2005 1057 2056 fuit
1081 2007 1258 2073 reproborum

720 2079 852 2145 separatio
869 2087 990 2143 tempore
1002 2076 1106 2142 iudicii,
1120 2093 1136 2127 a
1148 2092 1259 2128 consor-

719 2150 760 2199 tio
776 2148 879 2199 Christi
898 2158 925 2198 et
935 2150 1100 2211 electorum
1118 2148 1184 2215 quia
1195 2157 1258 2199 tnnc

720 2219 858 2287 apparebit
891 2220 976 2285 gloria
1003 2234 1103 2285 magna
1133 2219 1256 2283 Clu-isti,

721 2292 897 2358 membraque
917 2291 1094 2342 adhaerebunt
1122 2292 1213 2359 capiti,
1233 2305 1259 2343 et

722 2364 804 2431 palere
832 2363 1031 2413 amovebuntur
1057 2364 1259 2416 concremandae

720 2435 779 2502 igni
801 2434 1026 2500 inexstinguibili.
1041 2435 1124 2486 Unde
1148 2437 1187 2487 ait
1201 2439 1259 2489 Att-

722 2506 851 2574 gnstinus
861 2522 869 2555 :
879 2523 892 2551 a
902 2505 1026 2555 Exeunte
1038 2504 1195 2569 immundo,
1208 2523 1262 2558 om-

723 2593 773 2628 nes
797 2576 895 2627 mundi
925 2593 990 2627 sum
1019 2593 1071 2628 suo
1099 2578 1260 2631 mundatore

724 2658 890 2699 manserunt.
918 2649 984 2698 Tale
1008 2649 1113 2714 aliquid
1135 2650 1259 2702 er'itcurn

723 2719 831 2770 z'iznniis
845 2735 860 2768 a
874 2718 963 2768 tritico
978 2720 1116 2784 separatis,
1122 2720 1198 2787 justi
1206 2721 1260 2788 fal-

723 2791 823 2856 gebtmt
843 2791 912 2840 sicut
935 2789 977 2840 sol
1001 2789 1029 2839 in
1050 2805 1139 2857 regno
1165 2792 1259 2843 Patris

724 2875 824 2912 eorum.
858 2861 916 2911 Hoc
950 2859 1074 2910 futurum
1112 2861 1259 2927 praevidens

723 2932 868 2994 Dominus,
879 2932 1031 2982 discedente
1042 2932 1121 2994 iuda,
1130 2943 1257 3003 tanquam

724 3003 835 3054 zizaniis
868 3003 1019 3069 separatis,
1054 3004 1257 3056 remanentibus

723 3084 852 3142 tanquam
874 3075 964 3125 tritico
984 3074 1124 3140 Apostolis
1143 3075 1256 3134 sanctis,

724 3147 813 3210 Nunc,
824 3146 923 3213 inquit,
935 3144 1106 3214 clarificatus
1117 3153 1160 3198 est
1172 3147 1256 3199 Fata

723 3219 846 3270 hominis.
862 3220 1003 3285 Tanquam
1016 3219 1122 3271 diceret
1134 3238 1141 3271 :
1151 3219 1253 3272 Eccein

724 3289 770 3339 illa
783 3305 843 3340 mea
855 3289 1048 3340 clarificatione
1059 3291 1128 3357 quid
1141 3292 1203 3352 erit,
1213 3287 1253 3340 ubi

723 3362 856 3411 malorum
871 3362 962 3412 nullus
976 3361 1043 3424 erit,
1059 3362 1107 3412 ubi
1127 3363 1254 3413 bonorum

723 3431 816 3481 nullus
825 3432 928 3497 peribit
946 3449 954 3482 ι
971 3451 985 3480 n
1002 3431 1061 3482 haec
1077 3433 1253 3498 augustas·

629 3678 767 3731 ORATLO

168 3830 283 3900 Dotnine
303 3851 366 3901 lesu
380 3850 499 3910 Christe,
515 3858 608 3915 pastor
623 3849 702 3911 bone,
719 3849 767 3916 qui
787 3848 954 3914 discipulum
967 3857 1076 3899 tunma
1090 3847 1255 3900 suisermi·

135 3921 186 3974 bus
200 3921 237 3974 ad
250 3923 440 3990 poenitentiam
454 3923 548 3974 multis
561 3922 652 3974 modis
672 3938 794 3974 revocare
815 3922 936 3984 uoluisti,
954 3936 1052 3973 revoca
1065 3937 1111 3973 me
1128 3923 1163 3974 ab
1176 3920 1255 3973 inviis
1306 3982 1308 4001 ἱ
