2632 4320
149 320 185 372 88
458 318 633 370 secum
647 316 773 369 PARTlS
784 315 902 367 CAPUT
912 318 959 367 XI.

145 437 173 503 gi
186 448 325 502 praecepta.
339 437 465 497 Quorum
477 434 596 500 primum
616 444 677 484 est:

147 510 210 559 Non
234 509 342 559 habebis
364 509 428 559 deos
447 507 559 569 alienos,
585 506 613 555 id
637 518 679 556 est

146 597 240 633 rerum
267 582 353 631 Deum
370 581 442 631 coles
463 592 490 629 et
512 592 677 645 supereum

147 652 218 703 nihil
245 652 357 702 amabis.
394 651 472 702 stulti
494 649 568 700 enim
595 648 679 698 hodie

145 734 209 775 sunt
224 722 271 787 qui
285 722 338 772 sibi
359 722 425 771 deos
443 720 544 770 alienos
562 717 678 779 faciunt;

146 811 218 853 nam,
226 795 296 845 sicut
309 795 376 844 dicit
388 793 569 859 Augustinus,
584 791 636 841 hoc
644 790 678 841 ab

146 866 259 917 homine
286 866 398 923 colitur,
420 864 494 930 quoi
507 878 562 928 prae
584 862 679 912 ceteris

144 936 274 1002 diligitur.
295 935 433 1001 Superbus
452 933 537 999 igitur
563 948 611 997 pro
623 931 679 981 Deo

145 1008 226 1058 habet
245 1006 410 1071 superbiam,
425 1003 582 1053 luxuriosus
597 1003 679 1052 luxu-

144 1078 222 1133 riam,
233 1092 329 1127 avarus
343 1076 491 1126 avaritiam.
503 1074 655 1124 Secundum
671 1091 678 1123 ε

144 1151 207 1201 Non
216 1162 337 1198 assumes
344 1161 435 1198 nomen
442 1146 494 1195 Dei
500 1145 540 1195 tui
550 1144 576 1194 in
584 1160 680 1195 vanum

144 1220 171 1271 in
183 1236 215 1273 os
227 1231 315 1273 tuum,
326 1218 353 1267 id
368 1226 409 1266 est
431 1231 486 1265 non
506 1215 678 1280 blasphema·

143 1293 187 1345 bis
200 1308 248 1343 nec
267 1289 369 1353 jurabis
389 1287 508 1337 indebite
524 1286 553 1336 in
568 1287 679 1336 nomine

144 1364 196 1415 sui.
216 1361 291 1412 Talis
306 1359 432 1425 injuriam
443 1358 506 1408 facit
518 1358 585 1417 Deo,
596 1373 678 1424 quern

144 1436 174 1487 in
194 1433 382 1486 testimonium
406 1445 463 1481 suae
490 1429 616 1480 falsitatis
641 1431 679 1479 in-

143 1517 229 1566 uocat,
248 1505 325 1572 quasi
341 1505 413 1553 Deus
428 1502 598 1552 mendacium
612 1501 678 1551 dili-

143 1588 203 1644 gat;
219 1586 245 1626 et
256 1575 319 1638 sibi,
331 1573 378 1640 qui
402 1574 431 1623 in
452 1572 551 1637 judicio
566 1572 614 1623 Dei
626 1589 678 1638 pu-

144 1647 274 1696 niendum
292 1660 321 1694 se
346 1644 456 1709 obligat,
477 1642 501 1692 si
520 1656 575 1693 non
589 1654 629 1693 est
643 1643 679 1693 ita

145 1718 215 1771 sicut
235 1718 318 1782 jurat3
340 1726 366 1766 et
388 1715 521 1782 proximo,
547 1714 613 1780 quia
633 1730 680 1781 per

144 1789 239 1841 falsam
252 1788 412 1853 jurationem
428 1787 516 1852 ipsum
539 1786 640 1852 decipit
653 1796 680 1837 et

143 1860 290 1912 defraudat.
322 1859 444 1910 Tertium
469 1875 476 1909 :
498 1858 633 1908 Memento
652 1864 680 1908 ut

145 1932 215 1983 diem
230 1930 337 1981 sabbati
361 1929 529 1995 sanantem,
551 1939 582 1978 ut
601 1928 679 1978 ineo

146 2003 284 2053 moraliter
298 2017 353 2050 non
369 2015 469 2066 pecces,
484 2010 510 2049 et
520 2000 590 2049 mala
601 1999 678 2050 vites.

149 2078 250 2128 Contra
263 2076 336 2126 istud
352 2084 515 2140 praeceptum
526 2083 617 2139 peccat
632 2074 679 2140 qui

144 2163 224 2197 causa
251 2145 405 2210 cupiditatis
426 2144 454 2193 in
480 2144 590 2193 sabbato
611 2159 679 2207 opus

144 2216 238 2267 servile
251 2213 324 2274 facit,
346 2214 389 2263 vel
411 2213 519 2278 aliquod
541 2224 678 2278 peccatum

143 2288 298 2348 committit,
327 2287 369 2337 vel
391 2301 470 2351 opera
489 2284 679 2335 misericordia

143 2356 268 2420 dimittit,
285 2357 349 2423 quia
363 2355 468 2406 abonis
482 2354 609 2420 operibus
623 2371 677 2405 non

144 2437 185 2479 est
206 2427 363 2477 vacandum.
390 2425 523 2484 Quartum
540 2425 678 2475 :Honora

141 2506 249 2567 patrem
264 2504 337 2549 tuum
353 2503 381 2548 et
393 2503 504 2547 matrem
522 2502 606 2558 tuum,
622 2497 678 2547 sci-

143 2572 205 2623 licet
233 2570 271 2622 eis
297 2569 459 2628 obediendo,
488 2568 677 2633 obsequendo,

143 2640 338 2700 subveniendo,
369 2650 394 2690 et
419 2638 561 2689 animabus
584 2653 678 2689 eorum

144 2713 311 2775 miserendo;
338 2712 366 2762 in
390 2712 441 2762 hoc
464 2711 545 2761 etiam
560 2711 680 2776 praecipi-

143 2793 187 2835 tur
218 2784 307 2833 honor
341 2790 447 2847 patrum
478 2779 678 2844 spiritualium,

144 2854 244 2905 scilicet
292 2853 472 2918 praelatorum.
518 2850 677 2910 Quintum:

144 2928 207 2978 Non
231 2926 345 2988 occides,
370 2939 459 2990 opere,
488 2923 579 2987 verbo,
598 2923 679 2988 negli-

144 2998 241 3063 gentia,
254 2996 425 3064 cogitatione,
438 2995 548 3055 auxilio,
563 3010 677 3045 consen-

144 3084 185 3129 su,
200 3071 271 3119 malo
292 3067 423 3133 exemplo,
438 3067 479 3117 vel
496 3066 586 3132 aliqua
601 3083 677 3119 occa-

144 3140 229 3191 sione.
239 3138 426 3189 Homicidium
438 3137 519 3188 etiam
531 3137 677 3204 aliquando

143 3212 173 3263 rit
192 3212 271 3265 corde
292 3226 340 3276 per
355 3209 459 3271 odium,
473 3209 619 3275 aliquando
632 3226 677 3261 ore

142 3298 190 3349 per
201 3282 313 3335 verbum
324 3279 523 3338 detractorium,
532 3279 676 3345 aliquando

142 3370 222 3420 opere
237 3369 282 3421 per
295 3352 405 3403 factum.
414 3351 447 3401 Et
457 3350 528 3400 istud
546 3351 676 3402 ultimum

142 3438 182 3477 est
197 3426 313 3493 triplex:
329 3423 440 3489 quidam
463 3422 538 3471 enim
550 3421 677 3472 occidunt

143 3512 240 3563 corpus
268 3504 388 3556 tantum;
421 3493 531 3559 quidam
557 3492 676 3542 animam

141 3578 255 3628 tantum,
284 3566 392 3635 quando
415 3566 516 3616 scilicet
537 3581 596 3616 eam
621 3575 676 3616 tra-

142 3639 212 3691 hunt
224 3642 257 3691 ad
271 3649 425 3709 peccatum
442 3637 552 3703 quidam
567 3647 676 3688 utrum-

142 3726 203 3787 que,
222 3713 331 3779 quando
346 3710 445 3761 scilicet
466 3709 566 3776 aliquis
592 3709 676 3760 inter-

142 3781 199 3833 ltcit
212 3782 341 3847 seipsum,
363 3781 405 3831 vel
425 3780 509 3831 alium
524 3780 552 3829 in
569 3789 676 3845 peccato

143 3854 250 3904 mortali
273 3855 442 3906 existentem.
457 3854 568 3904 Sextum
589 3852 675 3902 :Non

142 3923 324 3987 ntoeeltaberis,
348 3924 495 3992 operando,
516 3922 674 3990 cogitando,

729 431 876 497 loquendo,
896 432 939 482 rel
961 432 991 480 in
1012 429 1199 494 jurisdictione
1220 439 1264 481 tua

730 506 937 556 fornicationem
955 504 1124 554 sustinendo.
1149 504 1202 553 Per
1214 503 1264 555 hoc

729 587 820 627 autem
845 577 919 642 quod
943 576 1040 625 dixit:
1063 576 1128 625 Non
1145 575 1260 625 moeeha-

731 648 811 708 beris,
840 647 1001 712 prohibetur
1034 645 1126 694 omnis
1152 646 1263 696 earnalis

729 718 864 784 appetitus
887 728 914 767 et
928 717 1074 782 corruptio,
1095 726 1264 780 praeteream

730 805 792 856 quae
815 801 856 840 est
885 787 1062 840 matrimonii.
1085 787 1264 854 Septimum:

730 862 795 911 Non
807 861 919 926 furtum
933 859 1035 925 facies,
1059 858 1266 923 alienaquomo-

730 934 832 983 dolibet
855 934 906 983 tibi
942 932 1125 990 attrahendo,
1164 930 1206 981 vel
1238 946 1265 982 re

730 1005 824 1063 aliena,
840 1004 926 1054 inrito
948 1003 1074 1061 Domino,
1088 1000 1200 1052 utendo.
1215 1002 1264 1052 Per

730 1076 832 1126 furtum
863 1076 1026 1141 intelligitur
1051 1090 1133 1124 omne
1163 1074 1265 1124 malum

730 1148 869 1198 ablatum:
884 1148 941 1197 sire
967 1147 1071 1197 occulte
1090 1146 1214 1196 faciendo
1236 1145 1264 1195 in

730 1220 855 1284 acceptis,
864 1220 921 1269 sire
940 1218 1062 1268 fraudem
1074 1217 1222 1268 exercendo
1236 1216 1263 1266 in

731 1291 950 1349 mercationibus,
964 1291 1021 1340 sire
1035 1289 1186 1339 mercedem
1208 1303 1263 1338 non

730 1363 859 1412 solvendo
873 1361 1012 1426 operariis.
1028 1361 1160 1410 Octavum
1175 1375 1183 1409 ε
1198 1359 1261 1409 Non

731 1432 848 1498 loqueris
856 1438 949 1482 contra
956 1431 1113 1496 proximum
1125 1435 1199 1479 tuum
1206 1428 1266 1494 sal-

731 1518 788 1554 sum
821 1503 1016 1562 testimonium,
1042 1515 1123 1550 omne
1149 1498 1264 1551 menda-

730 1576 813 1635 cium,
835 1576 936 1633 dolum,
950 1574 1150 1632 detractionem,
1171 1573 1265 1623 adula-

730 1649 844 1710 tionem,
867 1648 1039 1707 calumniam,
1062 1658 1089 1697 et
1114 1645 1265 1696 doctrinam

731 1736 871 1772 erroneam
884 1721 1037 1771 devitando.
1057 1721 1165 1770 Nonum
1179 1732 1187 1769 t
1202 1718 1265 1768 Non

732 1795 903 1861 concupisces
914 1794 1029 1855 domum,
1049 1794 1092 1843 rel
1105 1806 1211 1857 agrum,
1224 1790 1266 1839 vel

731 1864 810 1914 aliam
826 1880 883 1914 rem
898 1865 1024 1929 proximi
1046 1863 1100 1925 tui,
1113 1861 1160 1912 tali
1176 1859 1266 1912 videli-

731 1945 772 1986 cet
783 1946 881 1998 mente,
896 1937 968 2001 quod
983 1936 1064 1985 velles
1076 1933 1125 1984 tibi
1138 1948 1201 1982 cum
1216 1947 1265 1982 suo

731 2007 831 2056 damno
852 2007 986 2071 adaptare.
1012 2006 1154 2055 Decimum
1178 2019 1186 2053 t
1207 2004 1266 2053 Nec

731 2076 898 2125 desiderabis
914 2090 1036 2134 uxorem,
1053 2088 1167 2137 servum,
1177 2071 1265 2124 aneil-

731 2145 785 2194 lam
814 2146 940 2212 proximi
966 2146 1020 2209 tui,
1043 2145 1122 2195 corde
1145 2158 1262 2194 consen-

731 2217 831 2280 tiendo,
845 2234 891 2268 ore
903 2218 1082 2273 sollicitando,
1095 2232 1176 2283 opere
1197 2232 1264 2267 con-

731 2290 923 2356 cupiscentiam
946 2290 1116 2355 perficiendo.
1137 2291 1202 2340 Haec
1216 2287 1264 2355 qui

731 2360 870 2426 perfecerit
883 2362 978 2411 salvari
993 2361 1100 2428 poterit.

760 2434 937 2498 4Consrn1un
957 2450 1098 2484 enumera
1113 2448 1262 2485 aiuncurt·

730 2522 780 2556 rrs.
793 2535 824 2543 —
837 2507 908 2556 Cum
925 2517 1015 2557 autem
1041 2507 1086 2557 ille
1109 2506 1264 2559 adolescens

731 2578 787 2629 haec
805 2579 898 2628 omnia
914 2595 928 2629 a
943 2580 1080 2643 juventute
1096 2593 1145 2629 sua
1161 2593 1190 2628 se
1206 2594 1264 2629 ser-

729 2665 805 2701 vasse
823 2652 1009 2716 responderet;
1036 2652 1108 2717 quod
1126 2661 1217 2701 tamen
1237 2649 1264 2700 in

730 2722 824 2772 multis
849 2721 984 2787 religiosis
1005 2722 1050 2772 vix
1076 2721 1176 2788 aliquis
1210 2721 1263 2772 ho·

730 2791 773 2841 die
800 2792 936 2856 reperiret,
955 2794 1037 2843 Jesus
1059 2793 1173 2843 intuitus
1197 2806 1264 2855 eum,

730 2861 829 2911 dilexit
853 2876 925 2923 eum,
954 2874 1061 2929 propter
1084 2864 1185 2915 bonam
1206 2879 1265 2913 con-

729 2932 908 2982 versationem
937 2949 1014 2985 suam
1035 2934 1216 3001 praeteritam,
1240 2943 1266 2984 et

730 3002 848 3053 ostendit
869 3002 921 3052 sibi
947 3006 1053 3054 vultum
1078 3004 1263 3067 amicabilem3

729 3073 923 3138 instruensque
947 3089 1010 3124 eum
1030 3074 1063 3124 de
1088 3073 1263 3139 perfectione,

729 3144 769 3194 ait
799 3143 972 3194 illirAdltuc
1004 3159 1082 3194 unum
1110 3144 1159 3195 tibi
1180 3145 1263 3205 deest,

729 3218 818 3279 quoad
842 3223 941 3263 statum
962 3214 1144 3279 perfectionis,
1164 3214 1266 3265 scilicet

730 3283 834 3332 bonum
851 3283 1022 3348 paupertatis.
1037 3283 1109 3342 Quia
1121 3283 1171 3333 etsi
1184 3299 1265 3333 man-

729 3355 852 3404 datorum
869 3354 1019 3404 observatio
1033 3353 1133 3404 sufficit
1150 3354 1182 3404 ad
1192 3355 1267 3405 salu·

728 3436 798 3486 tem,
828 3441 882 3475 non
911 3436 1001 3476 tamen
1027 3426 1059 3476 ad
1084 3425 1265 3492 evangelicam

729 3494 936 3561 perfectionem3
962 3495 1008 3546 sed
1034 3496 1067 3546 ad
1097 3496 1167 3546 hanc
1185 3497 1265 3546 etiam

728 3564 875 3631 requiritur
900 3564 1052 3615 observatio
1077 3565 1265 3624 consiliorum,

729 3634 757 3685 in
777 3650 832 3701 qua
853 3635 971 3700 primum
996 3644 1036 3686 est
1064 3635 1265 3686 abrenuntiatio

727 3709 926 3774 temporalium,
943 3718 969 3759 et
992 3709 1052 3759 ideo
1076 3710 1110 3760 de
1130 3709 1182 3759 hac
1203 3720 1265 3760 tan-

727 3790 785 3830 tum
802 3779 847 3831 hic
863 3779 927 3831 facit
948 3781 1120 3831 mentionem.
1136 3779 1190 3832 Ubi
1206 3780 1266 3830 Ori·

727 3865 810 3918 genes
825 3866 833 3902 .·
846 3868 860 3898 a
874 3852 936 3901 Non
951 3862 1040 3902 tamen
1054 3852 1263 3918 intelligendum

727 3922 855 3988 estquod
873 3922 900 3972 in
924 3922 983 3989 ipso
998 3931 1122 3991 ternpore
1141 3938 1198 3991 quo
1219 3922 1265 3974 bo-
