2632 4320
292 273 340 324 DE
355 270 534 324 GLORIOSA
550 266 677 318 DOMINI
693 266 943 318 SUSCEPTIONE.

61 391 134 454 bunt,
150 399 176 441 et
198 391 284 440 Deum
299 390 379 441 bonis
392 388 519 455 operibus
531 388 591 436 lau-

60 461 180 525 dabunt;
209 460 281 528 quod
305 461 385 512 etiam
410 457 532 526 quotidie
563 457 593 506 in

61 532 198 599 plerisque
214 532 338 583 videmus
353 529 469 597 impleri.

92 605 277 673 9Moa1r1rns
308 619 412 653 runem.
430 600 528 650 —Sed
553 598 592 649 illi

61 675 111 742 qui
130 675 271 726 Christum
287 690 348 725 cum
363 682 438 724 tanto
453 670 594 736 triumpho

62 757 248 813 susceperunt,
272 762 326 796 non
350 745 395 796 diu
412 753 472 810 post
486 750 594 792 contra-

62 817 102 868 ria
130 817 159 867 in
185 832 217 868 eo
239 816 367 868 fecerunt.
398 815 490 865 Turba
520 812 594 863 enim

62 890 173 941 mobilis
202 901 251 951 est,
279 902 305 941 et
321 905 396 940 more
417 888 548 938 fluctuum
569 897 596 937 et

62 972 204 1012 ventorum
234 971 373 1025 movetur3
409 974 491 1027 quem
512 957 594 1008 modo

61 1043 211 1096 veneratur,
240 1043 334 1082 contra
353 1048 416 1082 eum
439 1040 531 1097 postea
544 1029 594 1079 cla·

63 1113 118 1155 mat
137 1114 163 1154 et
177 1103 302 1170 insurgit.
320 1103 397 1154 Unde
409 1100 569 1152 Ber-nardus
583 1113 593 1148 .·

63 1175 130 1226 «Ab
147 1175 242 1225 eodem
258 1175 366 1240 populo,
392 1173 420 1222 in
437 1173 531 1222 eodem
550 1171 593 1220 lo-

61 1259 101 1305 co,
118 1254 145 1294 et
166 1244 225 1310 ipso
244 1254 374 1310 tempore,
389 1242 482 1311 paucis
498 1241 593 1291 diebus

60 1315 237 1380 interpositis,
249 1315 335 1381 primo
344 1331 405 1365 cum
415 1323 488 1364 tanto
500 1313 594 1362 trium·

60 1388 116 1454 pho
142 1397 301 1452 susceptus,
333 1395 423 1452 postea
452 1383 594 1435 crucifixus

60 1467 109 1509 est.
131 1457 155 1508 O
177 1472 260 1523 quam
276 1456 409 1508 dissimile
422 1466 482 1506 cst:
502 1454 589 1517 Tolle,

61 1531 133 1595 tolle,
145 1531 278 1597 crucifige
292 1545 365 1595 eum;
375 1540 402 1580 et
412 1545 418 1577 :
430 1528 593 1580 Benedictus

60 1603 106 1669 qui
122 1603 195 1653 vertit
212 1603 238 1652 in
250 1601 354 1652 nomine
363 1599 482 1662 Domini,
498 1599 593 1651 hosan-

61 1673 147 1725 na·ia
168 1673 308 1724 excelsis!
328 1672 415 1731 Quam
436 1671 592 1721 dissimile:

61 1745 126 1796 Rex
148 1744 238 1795 Israel
244 1761 254 1806 ,·
268 1754 294 1793 et
308 1760 314 1793 :
329 1744 392 1794 Non
404 1743 530 1793 habemus
545 1756 592 1792 re-

60 1832 130 1885 gem,
145 1817 201 1868 nisi
213 1817 365 1868 Caesarem!
376 1816 464 1875 Quam
479 1814 594 1865 dissimi-

60 1892 93 1954 le,
108 1890 178 1941 rami
199 1890 317 1940 visentes
333 1899 359 1940 et
382 1905 455 1949 crux,
472 1887 551 1938 flores
567 1896 593 1938 et

60 1964 160 2030 spinael
177 1964 228 2014 Cui
251 1964 327 2030 prius
341 1963 501 2014 vestimenta
527 1976 593 2026 pro-

59 2036 251 2088 sternebantur
266 2036 362 2096 aliena,
376 2049 434 2085 ecce
444 2032 502 2084 suis
516 2031 589 2083 exui·

59 2117 111 2168 tur,
133 2117 160 2158 et
178 2122 237 2156 sors
260 2106 376 2156 mittitur
390 2120 472 2171 super
489 2118 528 2155 ea.
544 2104 592 2154 Vae

57 2178 106 2229 tibi
121 2177 274 2229 amaritudo
294 2186 460 2242 peccatorum
481 2185 590 2225 nostro-

57 2268 129 2314 rum,
156 2261 266 2318 propter
289 2267 349 2318 quae
365 2250 491 2301 diluenda
518 2258 591 2300 tanta

55 2323 208 2375 amaritudo
235 2322 383 2372 necessaria
408 2320 463 2372 est!
491 2341 504 2369 n
533 2320 591 2371 haec

56 2395 227 2447 Bernartius.

90 2480 123 2517 to
137 2466 198 2516 Cun
207 2480 284 2515 sasvr
296 2480 450 2516 uonrrunus
466 2479 592 2515 annonast

57 2550 218 2587 suscaaaarr
231 2535 383 2586 Cumsrus?
397 2562 427 2572 -
442 2535 475 2584 Et
494 2549 592 2600 quam-

56 2610 97 2659 vis
109 2608 238 2661 Christus
251 2623 322 2673 saepe
334 2608 480 2658 Jerusalem
496 2622 591 2657 ascen-

57 2681 136 2745 derit,
150 2695 292 2747 nunquam
305 2691 395 2730 tamen
412 2680 530 2747 aliquem
546 2679 592 2747 ho-

58 2765 155 2802 norem
190 2750 243 2800 sibi
269 2750 390 2801 exhiberi
414 2749 510 2813 voluit,
538 2749 591 2800 nisi

58 2822 140 2872 modo
157 2821 269 2871 eumad
292 2821 445 2872 Passionem
472 2820 533 2884 ivit;
562 2829 592 2870 ut

58 2909 89 2945 ex
98 2894 152 2944 hoc
164 2894 243 2944 detur
252 2893 365 2959 intelligi
379 2893 451 2959 quod
462 2893 491 2943 in
505 2903 592 2944 morte

56 2964 219 3015 &actorum
236 2979 290 3014 non
316 2973 356 3014 est
375 2963 530 3025 dolendum,
545 2964 592 3014 sed

57 3035 150 3101 potius
179 3036 367 3102 gaudendum,
394 3046 420 3087 et
444 3036 517 3103 quod
544 3051 592 3087 sua

58 3107 151 3159 Passio
172 3116 227 3157 erat
250 3107 303 3157 sibi
323 3107 352 3157 in
366 3107 505 3174 gaudium,
518 3118 544 3158 et
562 3107 591 3158 in

56 3190 189 3244 magmm
211 3175 319 3227 festum.
336 3177 368 3227 Et
392 3177 591 3243 persecutiones

56 3259 168 3316 propter
182 3250 324 3301 Christum
335 3250 465 3301 debemus
476 3252 592 3317 gauden-

55 3330 96 3371 ter
113 3331 251 3386 appetere,
268 3320 421 3372 mundanos
434 3332 524 3372 autem
536 3322 590 3372 ho-

55 3406 138 3443 nores
159 3391 258 3455 vitare;
285 3391 354 3442 sicut
375 3391 437 3443 fecit
466 3393 523 3459 ipse
543 3393 590 3460 qui

54 3461 163 3528 regium
178 3462 310 3512 honorem
327 3461 407 3528 fugit,
417 3473 443 3514 et
453 3464 486 3513 ad
500 3465 590 3514 locum

56 3532 195 3584 Passionis
221 3533 367 3598 gaudenter
388 3533 507 3584 accessit.
539 3535 591 3585 Sed

54 3616 104 3654 cur
128 3601 258 3654 Christus
280 3603 380 3653 vadens
407 3604 440 3654 ad
466 3613 591 3669 mortem,

53 3682 162 3725 tantum
193 3674 326 3725 honorem
358 3676 474 3743 recipere
497 3677 591 3738 voluit,

54 3759 120 3796 cum
134 3743 202 3796 alias
217 3745 348 3795 honorem
359 3746 465 3811 regium
478 3761 592 3811 respue-

1123 264 1172 315 213

646 381 703 432 ret?
716 382 757 432 Ad
776 382 848 448 quod
865 380 1019 441 dicendum,
1038 381 1111 447 quod
1125 382 1176 432 hoc

646 453 706 503 ideo
727 452 788 505 lecit
804 464 834 505 ut
849 469 877 505 se
894 469 949 503 non
967 452 1094 503 meritum
1120 453 1174 520 pati

646 524 854 589 demonstraret;
880 537 905 577 et
916 532 947 573 ut
964 523 1010 574 ille
1026 525 1073 589 qui
1088 535 1128 576 est
1146 525 1175 576 in

647 596 752 662 magnis
764 597 913 650 honoribus
937 602 978 652 vel
993 599 1094 651 divitiis
1108 613 1175 649 con-

646 667 766 732 stitutus,
784 683 890 736 semper
903 673 1061 724 memoriam
1082 668 1176 721 mortis

646 740 755 804 habeam
770 742 834 807 quia
856 745 930 795 vadit
949 747 981 796 ad
1008 752 1174 804 mortemer

646 811 715 861 nihil
734 812 796 863 hinc
812 825 907 879 praeter
930 831 1036 866 saccum
1060 813 1176 882 portabit

647 900 749 948 secum;
768 895 794 935 et
813 886 860 952 qui
884 899 955 940 tenet
979 905 1076 954 corpus
1095 903 1176 938 suum
1237 933 1240 941 .

647 954 674 1004 in
688 955 791 1006 deliciis
804 968 831 1008 et
844 959 991 1021 ornatibus,
1001 960 1098 1026 cogitet
1113 957 1178 1024 quia

646 1027 719 1077 vadit
735 1029 767 1077 ad
782 1040 906 1091 mortem,
925 1031 972 1082 ubi
988 1045 1091 1082 vermes
1113 1044 1176 1080 cor·

648 1116 699 1165 pus
712 1103 853 1153 comedent
867 1113 893 1154 et
913 1105 1076 1155 lacerabunt.
1100 1103 1175 1160 ltem,

647 1182 677 1222 ut
699 1172 806 1224 doceret
824 1176 896 1240 quod
912 1192 1024 1243 regnum
1048 1190 1128 1225 suum
1143 1175 1176 1222 de

647 1245 699 1294 hoc
709 1246 812 1297 mundo
826 1263 879 1297 non
894 1259 972 1310 esset,
985 1249 1017 1299 ad
1032 1247 1104 1313 quod
1121 1261 1176 1312 per-

645 1315 713 1366 fecto
734 1318 873 1384 triumpho
891 1320 1027 1370 Passionis
1052 1329 1077 1369 et
1091 1317 1176 1384 gloria

647 1391 850 1442 resurrectionis
869 1393 997 1458 pervenit.
1019 1393 1098 1444 Unde
1120 1391 1176 1441 Be-

646 1463 683 1512 da
700 1481 708 1515 .·
723 1464 878 1530 «Legimus
893 1464 921 1514 in
935 1464 1079 1532 Evangelio
1092 1465 1176 1514 Joan-

646 1533 697 1594 nis,
712 1534 776 1599 quia
790 1533 893 1585 refectae
910 1535 941 1585 de
962 1536 1083 1602 quinque
1098 1533 1176 1600 pani-

646 1606 698 1654 bus
729 1615 755 1655 et
788 1606 894 1655 duobus
930 1606 1051 1671 piscibus
1078 1606 1172 1667 turbae,

645 1680 789 1729 voluerunt
812 1694 903 1745 rapere
916 1680 1017 1740 iesum,
1035 1689 1062 1730 et
1075 1679 1176 1729 consti-

646 1762 720 1803 tuere
734 1767 797 1802 eum
811 1752 928 1818 Regem;
942 1753 987 1802 sed
1003 1768 1036 1802 ne
1047 1753 1098 1802 hoc
1113 1767 1175 1817 per-

646 1822 723 1880 ficere
737 1835 857 1889 possent,
873 1823 931 1889 ipse
945 1824 977 1873 in·
995 1833 1116 1873 montem
1130 1823 1175 1872 fu-

646 1897 744 1963 giendo
760 1896 921 1962 praedicavit.
938 1897 1015 1946 Nunc
1025 1905 1114 1946 autem
1128 1894 1175 1944 ubi

647 1982 773 2033 passurus
794 1967 988 2033 ierosolymam
1010 1967 1093 2027 venit,
1121 1982 1175 2015 non

646 2038 743 2105 refugit
767 2039 876 2106 eosqui
899 2055 927 2090 se
942 2040 1042 2105 Regem
1064 2038 1175 2098 faciunt,

645 2110 693 2176 qui
723 2110 828 2177 agmine
851 2111 990 2177 glorifico,
1013 2120 1039 2162 et
1066 2108 1176 2177 hymnis

645 2180 694 2230 Dei
709 2180 779 2230 Filio
794 2196 823 2230 ac
839 2182 911 2248 Rege
925 2181 1025 2246 dignis,
1041 2180 1073 2230 ad
1086 2179 1175 2230 civita-

645 2260 699 2300 tem
723 2251 824 2316 regiam
841 2252 958 2315 ducunt;
975 2267 1028 2301 non
1053 2248 1176 2316 reprimit

644 2339 722 2375 voces
735 2339 838 2384 eorum,
854 2324 902 2389 qui
925 2340 1037 2390 regnum
1047 2349 1050 2358 ·
1060 2322 1177 2372 Patriac-

645 2397 702 2446 chae
716 2395 800 2446 David
817 2395 845 2445 in
872 2412 903 2446 eo
919 2395 1133 2457 restaurandum,
1149 2403 1175 2444 et

645 2470 738 2540 priscae
760 2469 954 2520 benedictionis
971 2468 1042 2519 dona
1063 2482 1176 2533 recupe-

645 2540 727 2591 randa
740 2539 895 2591 concinunt.
912 2538 1014 2604 thuid
1024 2553 1087 2603 ergo
1101 2536 1174 2602 quod

645 2611 720 2677 prius
731 2608 859 2676 fugiendo
874 2607 1027 2670 declinavit,
1044 2607 1126 2656 modo
1140 2605 1175 2656 li-

645 2682 710 2731 bens
727 2680 905 2746 amplectitur,
921 2692 1089 2744 regnumque
1102 2677 1175 2742 quod

645 2753 732 2804 adhuc
745 2752 864 2804 victurus
884 2752 912 2802 in
925 2752 1027 2801 mundo
1039 2749 1176 2814 suscipere

646 2823 741 2884 noluit,
757 2824 809 2889 jam
823 2822 944 2874 exiturus
959 2837 1005 2888 per
1020 2820 1172 2886 passionem

645 2894 731 2946 crucis
745 2895 777 2944 de
794 2895 904 2957 mundo,
923 2909 976 2942 non
993 2891 1099 2958 negavit
1113 2905 1176 2941 sus-

645 2967 750 3032 cipere?
779 2966 837 3018 Nisi
875 2975 906 3016 ut
934 2975 1032 3032 aperte¹
1054 2965 1175 3023 doceret,

645 3041 708 3108 quia
733 3055 787 3089 non
803 3039 960 3105 temporalis
984 3050 1010 3090 et
1026 3037 1126 3090 terreni
1147 3036 1175 3087 in

645 3111 733 3170 terris,
747 3112 793 3161 sed
806 3109 897 3161 aeterni
909 3109 938 3161 in
950 3110 1025 3160 coelis
1035 3110 1091 3160 Rex
1107 3116 1176 3158 esset

645 3180 762 3247 imperii,
783 3181 815 3230 ad
834 3180 907 3246 quod
929 3180 1047 3247 profecto
1064 3191 1177 3244 regnum

644 3267 691 3318 per
701 3259 884 3317 contemptum
899 3251 1004 3312 mortis,
1019 3259 1045 3301 et
1063 3246 1176 3315 gloriam

644 3322 856 3388 resurrectionis,
884 3335 910 3375 et
935 3322 1105 3388 triumphum
1130 3333 1175 3368 as-

645 3394 781 3445 censionis
791 3395 940 3460 perveniret
954 3412 960 3444 :
974 3394 1039 3444 hinc
1051 3400 1091 3442 est
1101 3388 1174 3440 enim

644 3466 717 3533 quod
748 3476 810 3532 post
839 3465 1059 3516 resurrectionem
1088 3473 1173 3526 appa-

645 3553 705 3589 rens
730 3537 879 3602 discipulis,
892 3537 947 3586 ait:
963 3536 1037 3585 Data
1055 3536 1095 3583 est
1119 3529 1174 3580 mi·

645 3607 673 3658 lt
685 3607 772 3657 omnis
782 3613 904 3672 potestas
919 3606 946 3656 in
960 3603 1026 3655 coelo
1037 3609 1063 3654 ei
1073 3603 1099 3652 in
1115 3607 1171 3651 ter-

644 3692 686 3740 ra,
698 3687 751 3728 etc.
766 3693 772 3726 :
787 3695 801 3724 n
816 3677 874 3727 haec
884 3675 969 3726 Beda.
