<?xml version="1.0" encoding="UTF-8"?>
<!DOCTYPE html PUBLIC "-//W3C//DTD XHTML 1.0 Transitional//EN"
    "http://www.w3.org/TR/xhtml1/DTD/xhtml1-transitional.dtd">
<html xmlns="http://www.w3.org/1999/xhtml" xml:lang="en" lang="en">
 <head>
  <title>
</title>
<meta http-equiv="Content-Type" content="text/html;charset=utf-8" />
  <meta name='ocr-system' content='tesseract 3.04.00' />
  <meta name='ocr-capabilities' content='ocr_page ocr_carea ocr_par ocr_line ocrx_word'/>
</head>
<body>
  <div class='ocr_page' id='page_1' title='image "./vitajesuchristi01rigogoog_0178.png"; bbox 0 0 2632 4320; ppageno 0'>
   <div class='ocr_carea' id='block_1_1' title="bbox 313 119 939 172">
    <p class='ocr_par' dir='ltr' id='par_1_1' title="bbox 313 119 939 172">
     <span class='ocr_line' id='line_1_1' title="bbox 313 119 939 172; baseline -0.002 -2"><span class='ocrx_word' id='word_1_1' title='bbox 313 121 360 171; x_wconf 82' lang='lat' dir='ltr'>DE</span> <span class='ocrx_word' id='word_1_2' title='bbox 376 120 568 172; x_wconf 78' lang='grc' dir='ltr'><strong>ΡΕἙιΤιΟΝΕ</strong></span> <span class='ocrx_word' id='word_1_3' title='bbox 582 121 605 170; x_wconf 86' lang='lat' dir='ltr'>F</span> <span class='ocrx_word' id='word_1_4' title='bbox 606 119 755 171; x_wconf 80' lang='lat' dir='ltr'>lLlORUM</span> <span class='ocrx_word' id='word_1_5' title='bbox 768 120 939 171; x_wconf 84' lang='lat' dir='ltr'><strong>ZEBEDAEI.</strong></span> 
     </span>
    </p>
   </div>
   <div class='ocr_carea' id='block_1_2' title="bbox 10 233 593 3608">
    <p class='ocr_par' dir='ltr' id='par_1_2' title="bbox 53 233 593 730">
     <span class='ocr_line' id='line_1_2' title="bbox 62 233 592 301; baseline -0.002 -15"><span class='ocrx_word' id='word_1_6' title='bbox 62 235 123 286; x_wconf 72' lang='lat' dir='ltr'>blec.</span> <span class='ocrx_word' id='word_1_7' title='bbox 145 233 284 294; x_wconf 84' lang='lat' dir='ltr'>Quoniam</span> <span class='ocrx_word' id='word_1_8' title='bbox 303 235 353 301; x_wconf 89' lang='lat' dir='ltr'>qni</span> <span class='ocrx_word' id='word_1_9' title='bbox 375 234 511 301; x_wconf 82' lang='lat' dir='ltr'>principes</span> <span class='ocrx_word' id='word_1_10' title='bbox 526 245 592 285; x_wconf 87' lang='lat' dir='ltr'>sunt</span> 
     </span>
     <span class='ocr_line' id='line_1_3' title="bbox 58 305 593 373; baseline 0.002 -18"><span class='ocrx_word' id='word_1_11' title='bbox 58 305 230 373; x_wconf 65' lang='lat' dir='ltr'>spirituales,</span> <span class='ocrx_word' id='word_1_12' title='bbox 251 305 419 371; x_wconf 75' lang='lat' dir='ltr'>principatus</span> <span class='ocrx_word' id='word_1_13' title='bbox 443 321 539 356; x_wconf 86' lang='lat' dir='ltr'>eorum</span> <span class='ocrx_word' id='word_1_14' title='bbox 562 306 593 356; x_wconf 91' lang='lat' dir='ltr'>in</span> 
     </span>
     <span class='ocr_line' id='line_1_4' title="bbox 57 374 592 427; baseline 0.004 -2"><span class='ocrx_word' id='word_1_15' title='bbox 57 374 203 427; x_wconf 77' lang='lat' dir='ltr'><strong>dilectione</strong></span> <span class='ocrx_word' id='word_1_16' title='bbox 230 376 402 426; x_wconf 83' lang='lat' dir='ltr'>subditorum</span> <span class='ocrx_word' id='word_1_17' title='bbox 428 377 508 427; x_wconf 87' lang='lat' dir='ltr'>debet</span> <span class='ocrx_word' id='word_1_18' title='bbox 534 392 592 427; x_wconf 85' lang='lat' dir='ltr'>esse</span> 
     </span>
     <span class='ocr_line' id='line_1_5' title="bbox 57 447 590 514; baseline -0.008 -16"><span class='ocrx_word' id='word_1_19' title='bbox 57 447 171 512; x_wconf 82' lang='lat' dir='ltr'>positus,</span> <span class='ocrx_word' id='word_1_20' title='bbox 187 463 242 497; x_wconf 90' lang='lat' dir='ltr'>non</span> <span class='ocrx_word' id='word_1_21' title='bbox 257 447 284 497; x_wconf 91' lang='lat' dir='ltr'>in</span> <span class='ocrx_word' id='word_1_22' title='bbox 302 448 400 498; x_wconf 85' lang='lat' dir='ltr'>timore</span> <span class='ocrx_word' id='word_1_23' title='bbox 412 448 556 514; x_wconf 84' lang='lat' dir='ltr'>corporali.</span> <span class='ocrx_word' id='word_1_24' title='bbox 575 466 590 494; x_wconf 83' lang='grc' dir='ltr'>ιι</span> 
     </span>
     <span class='ocr_line' id='line_1_6' title="bbox 59 519 591 586; baseline 0.002 -16"><span class='ocrx_word' id='word_1_25' title='bbox 59 519 132 570; x_wconf 85' lang='lat' dir='ltr'>Unde</span> <span class='ocrx_word' id='word_1_26' title='bbox 149 519 245 570; x_wconf 81' lang='lat' dir='ltr'><strong>subdit</strong></span> <span class='ocrx_word' id='word_1_27' title='bbox 270 520 430 570; x_wconf 86' lang='lat' dir='ltr'>Dominus:</span> <span class='ocrx_word' id='word_1_28' title='bbox 452 520 509 570; x_wconf 83' lang='lat' dir='ltr'>Sed</span> <span class='ocrx_word' id='word_1_29' title='bbox 527 520 591 586; x_wconf 79' lang='lat' dir='ltr'>qui-</span> 
     </span>
     <span class='ocr_line' id='line_1_7' title="bbox 56 591 589 658; baseline 0 -18"><span class='ocrx_word' id='word_1_30' title='bbox 56 605 165 658; x_wconf 73' lang='lat' dir='ltr'>cunque,</span> <span class='ocrx_word' id='word_1_31' title='bbox 185 591 244 641; x_wconf 81' lang='lat' dir='ltr'>sive</span> <span class='ocrx_word' id='word_1_32' title='bbox 257 591 367 650; x_wconf 87' lang='lat' dir='ltr'>nobilis,</span> <span class='ocrx_word' id='word_1_33' title='bbox 381 591 437 641; x_wconf 87' lang='lat' dir='ltr'>sive</span> <span class='ocrx_word' id='word_1_34' title='bbox 451 591 589 656; x_wconf 83' lang='lat' dir='ltr'>igrmbilis,</span> 
     </span>
     <span class='ocr_line' id='line_1_8' title="bbox 53 661 589 730; baseline -0.004 -16"><span class='ocrx_word' id='word_1_35' title='bbox 53 662 172 714; x_wconf 73' lang='lat' dir='ltr'>nlroerit</span> <span class='ocrx_word' id='word_1_36' title='bbox 185 665 256 712; x_wconf 79' lang='lat' dir='ltr'>inter</span> <span class='ocrx_word' id='word_1_37' title='bbox 269 676 317 713; x_wconf 81' lang='lat' dir='ltr'>vos</span> <span class='ocrx_word' id='word_1_38' title='bbox 330 661 509 730; x_wconf 74' lang='lat' dir='ltr'>majorfieri;</span> <span class='ocrx_word' id='word_1_39' title='bbox 523 677 589 713; x_wconf 87' lang='lat' dir='ltr'>san-</span> 
     </span>
    </p>

    <p class='ocr_par' dir='ltr' id='par_1_3' title="bbox 55 737 587 817">
     <span class='ocr_line' id='line_1_9' title="bbox 55 737 587 817; baseline 0 -28"><span class='ocrx_word' id='word_1_40' title='bbox 55 738 145 789; x_wconf 86' lang='lat' dir='ltr'>ctitate</span> <span class='ocrx_word' id='word_1_41' title='bbox 166 747 195 789; x_wconf 88' lang='lat' dir='ltr'>et</span> <span class='ocrx_word' id='word_1_42' title='bbox 210 737 349 817; x_wconf 83' lang='lat' dir='ltr'>dignitate,</span> <span class='ocrx_word' id='word_1_43' title='bbox 366 741 404 788; x_wconf 83' lang='lat' dir='ltr'>sit</span> <span class='ocrx_word' id='word_1_44' title='bbox 426 745 513 789; x_wconf 77' lang='lat' dir='ltr'>vester·</span> <span class='ocrx_word' id='word_1_45' title='bbox 535 739 587 789; x_wconf 86' lang='lat' dir='ltr'>mi·</span> 
     </span>
    </p>

    <p class='ocr_par' dir='ltr' id='par_1_4' title="bbox 54 807 589 872">
     <span class='ocr_line' id='line_1_10' title="bbox 54 807 589 872; baseline 0.002 -16"><span class='ocrx_word' id='word_1_46' title='bbox 54 807 151 871; x_wconf 64' lang='lat' dir='ltr'>aista,</span> <span class='ocrx_word' id='word_1_47' title='bbox 177 823 233 857; x_wconf 91' lang='lat' dir='ltr'>non</span> <span class='ocrx_word' id='word_1_48' title='bbox 256 807 403 872; x_wconf 82' lang='lat' dir='ltr'>primatum</span> <span class='ocrx_word' id='word_1_49' title='bbox 427 807 589 867; x_wconf 80' lang='lat' dir='ltr'>ambienda,</span> 
     </span>
    </p>

    <p class='ocr_par' dir='ltr' id='par_1_5' title="bbox 54 878 589 1804">
     <span class='ocr_line' id='line_1_11' title="bbox 54 878 587 939; baseline 0.002 -11"><span class='ocrx_word' id='word_1_50' title='bbox 54 878 98 928; x_wconf 78' lang='lat' dir='ltr'>sed</span> <span class='ocrx_word' id='word_1_51' title='bbox 113 878 259 928; x_wconf 79' lang='lat' dir='ltr'>humiliter</span> <span class='ocrx_word' id='word_1_52' title='bbox 274 879 461 939; x_wconf 87' lang='lat' dir='ltr'>ministrando,</span> <span class='ocrx_word' id='word_1_53' title='bbox 475 890 501 929; x_wconf 87' lang='lat' dir='ltr'>et</span> <span class='ocrx_word' id='word_1_54' title='bbox 515 894 544 929; x_wconf 88' lang='lat' dir='ltr'>se</span> <span class='ocrx_word' id='word_1_55' title='bbox 558 878 587 929; x_wconf 92' lang='lat' dir='ltr'>in</span> 
     </span>
     <span class='ocr_line' id='line_1_12' title="bbox 54 948 589 1014; baseline 0.002 -15"><span class='ocrx_word' id='word_1_56' title='bbox 54 948 196 1014; x_wconf 76' lang='lat' dir='ltr'>obsequiis</span> <span class='ocrx_word' id='word_1_57' title='bbox 206 949 371 999; x_wconf 79' lang='lat' dir='ltr'>humilitatis</span> <span class='ocrx_word' id='word_1_58' title='bbox 385 950 547 1012; x_wconf 85' lang='lat' dir='ltr'>exercendo;</span> <span class='ocrx_word' id='word_1_59' title='bbox 562 955 589 999; x_wconf 81' lang='lat' dir='ltr'>et</span> 
     </span>
     <span class='ocr_line' id='line_1_13' title="bbox 55 1019 587 1086; baseline 0 -16"><span class='ocrx_word' id='word_1_60' title='bbox 55 1019 98 1083; x_wconf 74' lang='lat' dir='ltr'>qu·</span> <span class='ocrx_word' id='word_1_61' title='bbox 111 1020 231 1070; x_wconf 68' lang='lat' dir='ltr'>voluerit</span> <span class='ocrx_word' id='word_1_62' title='bbox 248 1020 319 1070; x_wconf 86' lang='lat' dir='ltr'>iuter</span> <span class='ocrx_word' id='word_1_63' title='bbox 336 1034 385 1070; x_wconf 79' lang='lat' dir='ltr'>vos</span> <span class='ocrx_word' id='word_1_64' title='bbox 397 1021 503 1086; x_wconf 82' lang='lat' dir='ltr'>primus</span> <span class='ocrx_word' id='word_1_65' title='bbox 518 1035 587 1081; x_wconf 84' lang='lat' dir='ltr'>esse,</span> 
     </span>
     <span class='ocr_line' id='line_1_14' title="bbox 56 1090 589 1159; baseline 0.006 -19"><span class='ocrx_word' id='word_1_66' title='bbox 56 1090 79 1141; x_wconf 87' lang='lat' dir='ltr'>id</span> <span class='ocrx_word' id='word_1_67' title='bbox 92 1102 136 1143; x_wconf 82' lang='lat' dir='ltr'>ost</span> <span class='ocrx_word' id='word_1_68' title='bbox 149 1093 298 1159; x_wconf 84' lang='lat' dir='ltr'>primatum</span> <span class='ocrx_word' id='word_1_69' title='bbox 316 1093 423 1153; x_wconf 87' lang='lat' dir='ltr'>habere,</span> <span class='ocrx_word' id='word_1_70' title='bbox 436 1095 488 1143; x_wconf 84' lang='lat' dir='ltr'>erit</span> <span class='ocrx_word' id='word_1_71' title='bbox 500 1099 589 1144; x_wconf 72' lang='lat' dir='ltr'>vester</span> 
     </span>
     <span class='ocr_line' id='line_1_15' title="bbox 56 1166 588 1228; baseline 0.006 -15"><span class='ocrx_word' id='word_1_72' title='bbox 56 1177 157 1228; x_wconf 71' lang='lat' dir='ltr'>smus,</span> <span class='ocrx_word' id='word_1_73' title='bbox 166 1175 197 1214; x_wconf 89' lang='lat' dir='ltr'>et</span> <span class='ocrx_word' id='word_1_74' title='bbox 206 1166 333 1215; x_wconf 83' lang='lat' dir='ltr'>omnium</span> <span class='ocrx_word' id='word_1_75' title='bbox 347 1167 522 1226; x_wconf 82' lang='lat' dir='ltr'>novissimus,</span> <span class='ocrx_word' id='word_1_76' title='bbox 533 1182 588 1215; x_wconf 87' lang='lat' dir='ltr'>non</span> 
     </span>
     <span class='ocr_line' id='line_1_16' title="bbox 56 1238 588 1299; baseline 0 -11"><span class='ocrx_word' id='word_1_77' title='bbox 56 1253 85 1288; x_wconf 81' lang='lat' dir='ltr'>ex</span> <span class='ocrx_word' id='word_1_78' title='bbox 105 1238 272 1297; x_wconf 83' lang='lat' dir='ltr'>conditione,</span> <span class='ocrx_word' id='word_1_79' title='bbox 286 1240 333 1289; x_wconf 88' lang='lat' dir='ltr'>sed</span> <span class='ocrx_word' id='word_1_80' title='bbox 347 1254 380 1289; x_wconf 84' lang='lat' dir='ltr'>ex</span> <span class='ocrx_word' id='word_1_81' title='bbox 400 1239 516 1299; x_wconf 87' lang='lat' dir='ltr'>caritate,</span> <span class='ocrx_word' id='word_1_82' title='bbox 535 1255 588 1288; x_wconf 91' lang='lat' dir='ltr'>non</span> 
     </span>
     <span class='ocr_line' id='line_1_17' title="bbox 56 1307 589 1374; baseline 0.004 -17"><span class='ocrx_word' id='word_1_83' title='bbox 56 1322 84 1357; x_wconf 83' lang='lat' dir='ltr'>ex</span> <span class='ocrx_word' id='word_1_84' title='bbox 104 1307 340 1374; x_wconf 75' lang='lat' dir='ltr'>pusillanimitate,</span> <span class='ocrx_word' id='word_1_85' title='bbox 360 1311 407 1360; x_wconf 88' lang='lat' dir='ltr'>sed</span> <span class='ocrx_word' id='word_1_86' title='bbox 426 1326 459 1361; x_wconf 84' lang='lat' dir='ltr'>ex</span> <span class='ocrx_word' id='word_1_87' title='bbox 474 1309 589 1360; x_wconf 87' lang='lat' dir='ltr'>humili-</span> 
     </span>
     <span class='ocr_line' id='line_1_18' title="bbox 56 1379 588 1447; baseline 0.006 -19"><span class='ocrx_word' id='word_1_88' title='bbox 56 1387 114 1429; x_wconf 81' lang='lat' dir='ltr'>tate.</span> <span class='ocrx_word' id='word_1_89' title='bbox 130 1379 211 1430; x_wconf 83' lang='lat' dir='ltr'>Unde</span> <span class='ocrx_word' id='word_1_90' title='bbox 230 1381 305 1430; x_wconf 86' lang='lat' dir='ltr'>Beda</span> <span class='ocrx_word' id='word_1_91' title='bbox 322 1398 331 1431; x_wconf 89' lang='lat'>.·</span> <span class='ocrx_word' id='word_1_92' title='bbox 351 1398 366 1426; x_wconf 89' lang='grc' dir='ltr'>ι</span> <span class='ocrx_word' id='word_1_93' title='bbox 386 1381 416 1430; x_wconf 86' lang='lat' dir='ltr'>ln</span> <span class='ocrx_word' id='word_1_94' title='bbox 435 1397 491 1447; x_wconf 92' lang='lat' dir='ltr'>quo</span> <span class='ocrx_word' id='word_1_95' title='bbox 511 1381 588 1431; x_wconf 89' lang='lat' dir='ltr'>docet</span> 
     </span>
     <span class='ocr_line' id='line_1_19' title="bbox 56 1453 588 1520; baseline 0.008 -19"><span class='ocrx_word' id='word_1_96' title='bbox 56 1467 116 1502; x_wconf 85' lang='lat' dir='ltr'>enm</span> <span class='ocrx_word' id='word_1_97' title='bbox 137 1453 269 1517; x_wconf 82' lang='lat' dir='ltr'>majorem</span> <span class='ocrx_word' id='word_1_98' title='bbox 284 1469 342 1504; x_wconf 85' lang='lat' dir='ltr'>esse</span> <span class='ocrx_word' id='word_1_99' title='bbox 358 1454 405 1520; x_wconf 90' lang='lat' dir='ltr'>qui</span> <span class='ocrx_word' id='word_1_100' title='bbox 426 1455 515 1505; x_wconf 90' lang='lat' dir='ltr'>minor</span> <span class='ocrx_word' id='word_1_101' title='bbox 526 1455 588 1506; x_wconf 87' lang='lat' dir='ltr'>fue-</span> 
     </span>
     <span class='ocr_line' id='line_1_20' title="bbox 58 1523 587 1592; baseline 0.006 -19"><span class='ocrx_word' id='word_1_102' title='bbox 58 1523 103 1583; x_wconf 88' lang='lat' dir='ltr'>rit,</span> <span class='ocrx_word' id='word_1_103' title='bbox 127 1533 158 1574; x_wconf 82' lang='lat' dir='ltr'>et</span> <span class='ocrx_word' id='word_1_104' title='bbox 183 1524 261 1574; x_wconf 88' lang='lat' dir='ltr'>illurn</span> <span class='ocrx_word' id='word_1_105' title='bbox 286 1526 431 1576; x_wconf 90' lang='lat' dir='ltr'>dominum</span> <span class='ocrx_word' id='word_1_106' title='bbox 455 1525 512 1576; x_wconf 87' lang='lat' dir='ltr'>fieri</span> <span class='ocrx_word' id='word_1_107' title='bbox 539 1526 587 1592; x_wconf 91' lang='lat' dir='ltr'>qui</span> 
     </span>
     <span class='ocr_line' id='line_1_21' title="bbox 59 1593 588 1662; baseline 0.008 -19"><span class='ocrx_word' id='word_1_108' title='bbox 59 1593 181 1644; x_wconf 89' lang='lat' dir='ltr'>omnium</span> <span class='ocrx_word' id='word_1_109' title='bbox 196 1610 289 1646; x_wconf 83' lang='lat' dir='ltr'>servus</span> <span class='ocrx_word' id='word_1_110' title='bbox 308 1596 355 1646; x_wconf 89' lang='lat' dir='ltr'>sit</span> <span class='ocrx_word' id='word_1_111' title='bbox 376 1598 486 1647; x_wconf 83' lang='lat' dir='ltr'>Frustra</span> <span class='ocrx_word' id='word_1_112' title='bbox 506 1596 588 1662; x_wconf 82' lang='lat' dir='ltr'>igimr</span> 
     </span>
     <span class='ocr_line' id='line_1_22' title="bbox 59 1664 588 1749; baseline 0.008 -35"><span class='ocrx_word' id='word_1_113' title='bbox 59 1673 99 1714; x_wconf 83' lang='lat' dir='ltr'>aut</span> <span class='ocrx_word' id='word_1_114' title='bbox 109 1664 150 1715; x_wconf 90' lang='lat' dir='ltr'>illi</span> <span class='ocrx_word' id='word_1_115' title='bbox 165 1665 342 1717; x_wconf 85' lang='lat' dir='ltr'>immoderata</span> <span class='ocrx_word' id='word_1_116' title='bbox 354 1667 527 1749; x_wconf 67' lang='lat' dir='ltr'>quaesierant,</span> <span class='ocrx_word' id='word_1_117' title='bbox 541 1678 588 1718; x_wconf 87' lang='lat' dir='ltr'>aut</span> 
     </span>
     <span class='ocr_line' id='line_1_23' title="bbox 60 1733 588 1822; baseline 0.012 -38"><span class='ocrx_word' id='word_1_118' title='bbox 60 1733 100 1785; x_wconf 83' lang='lat' dir='ltr'>isti</span> <span class='ocrx_word' id='word_1_119' title='bbox 122 1735 216 1786; x_wconf 85' lang='lat' dir='ltr'>dolent</span> <span class='ocrx_word' id='word_1_120' title='bbox 237 1753 318 1802; x_wconf 84' lang='lat' dir='ltr'>super</span> <span class='ocrx_word' id='word_1_121' title='bbox 335 1740 467 1822; x_wconf 81' lang='lat' dir='ltr'>maiorum</span> <span class='ocrx_word' id='word_1_122' title='bbox 481 1739 588 1790; x_wconf 84' lang='lat' dir='ltr'>deside·</span> 
     </span>
    </p>

    <p class='ocr_par' dir='ltr' id='par_1_6' title="bbox 60 1805 587 1944">
     <span class='ocr_line' id='line_1_24' title="bbox 60 1805 587 1868; baseline 0.013 -12"><span class='ocrx_word' id='word_1_123' title='bbox 60 1805 106 1868; x_wconf 89' lang='lat' dir='ltr'>rio,</span> <span class='ocrx_word' id='word_1_124' title='bbox 118 1822 181 1858; x_wconf 86' lang='lat' dir='ltr'>curn</span> <span class='ocrx_word' id='word_1_125' title='bbox 204 1810 237 1859; x_wconf 92' lang='lat' dir='ltr'>ad</span> <span class='ocrx_word' id='word_1_126' title='bbox 257 1811 441 1861; x_wconf 80' lang='lat' dir='ltr'>summitatem</span> <span class='ocrx_word' id='word_1_127' title='bbox 454 1812 587 1863; x_wconf 84' lang='lat' dir='ltr'>virtutum</span> 
     </span>
     <span class='ocr_line' id='line_1_25' title="bbox 63 1882 587 1944; baseline 0.014 -15"><span class='ocrx_word' id='word_1_128' title='bbox 63 1893 112 1930; x_wconf 80' lang='lat' dir='ltr'>non</span> <span class='ocrx_word' id='word_1_129' title='bbox 123 1882 254 1944; x_wconf 82' lang='lat' dir='ltr'>potentia,</span> <span class='ocrx_word' id='word_1_130' title='bbox 264 1883 314 1933; x_wconf 90' lang='lat' dir='ltr'>sed</span> <span class='ocrx_word' id='word_1_131' title='bbox 329 1884 481 1936; x_wconf 86' lang='lat' dir='ltr'>humilitate</span> <span class='ocrx_word' id='word_1_132' title='bbox 492 1886 587 1937; x_wconf 81' lang='lat' dir='ltr'>renia-</span> 
     </span>
    </p>

    <p class='ocr_par' dir='ltr' id='par_1_7' title="bbox 63 1953 587 2038">
     <span class='ocr_line' id='line_1_26' title="bbox 63 1953 587 2038; baseline 0.012 -37"><span class='ocrx_word' id='word_1_133' title='bbox 63 1959 108 2001; x_wconf 87' lang='lat' dir='ltr'>tur.</span> <span class='ocrx_word' id='word_1_134' title='bbox 126 1970 143 1999; x_wconf 72' lang='lat' dir='ltr'>s</span> <span class='ocrx_word' id='word_1_135' title='bbox 165 1953 220 2003; x_wconf 89' lang='lat' dir='ltr'>Ubi</span> <span class='ocrx_word' id='word_1_136' title='bbox 240 1953 321 2003; x_wconf 85' lang='lat' dir='ltr'>etiam</span> <span class='ocrx_word' id='word_1_137' title='bbox 342 1956 587 2038; x_wconf 71' lang='lat' dir='ltr'>Chrysostqmus·</span> 
     </span>
    </p>

    <p class='ocr_par' dir='ltr' id='par_1_8' title="bbox 64 2021 587 2106">
     <span class='ocr_line' id='line_1_27' title="bbox 64 2021 587 2106; baseline 0.016 -37"><span class='ocrx_word' id='word_1_138' title='bbox 64 2021 213 2073; x_wconf 74' lang='lat' dir='ltr'>«Fructum</span> <span class='ocrx_word' id='word_1_139' title='bbox 235 2023 399 2076; x_wconf 87' lang='lat' dir='ltr'>humilitatis</span> <span class='ocrx_word' id='word_1_140' title='bbox 419 2027 512 2106; x_wconf 84' lang='lat' dir='ltr'>posuit</span> <span class='ocrx_word' id='word_1_141' title='bbox 528 2027 587 2093; x_wconf 89' lang='lat' dir='ltr'>pri-</span> 
     </span>
    </p>

    <p class='ocr_par' dir='ltr' id='par_1_9' title="bbox 66 2093 588 2378">
     <span class='ocr_line' id='line_1_28' title="bbox 66 2093 588 2161; baseline 0.016 -20"><span class='ocrx_word' id='word_1_142' title='bbox 66 2100 158 2142; x_wconf 82' lang='lat' dir='ltr'>matum</span> <span class='ocrx_word' id='word_1_143' title='bbox 168 2093 316 2154; x_wconf 86' lang='lat' dir='ltr'>coelestem,</span> <span class='ocrx_word' id='word_1_144' title='bbox 327 2105 353 2144; x_wconf 89' lang='lat' dir='ltr'>et</span> <span class='ocrx_word' id='word_1_145' title='bbox 363 2095 392 2145; x_wconf 90' lang='lat' dir='ltr'>in</span> <span class='ocrx_word' id='word_1_146' title='bbox 407 2096 525 2161; x_wconf 88' lang='lat' dir='ltr'>primatu</span> <span class='ocrx_word' id='word_1_147' title='bbox 535 2108 588 2148; x_wconf 90' lang='lat' dir='ltr'>ter-</span> 
     </span>
     <span class='ocr_line' id='line_1_29' title="bbox 66 2165 586 2232; baseline 0.013 -18"><span class='ocrx_word' id='word_1_148' title='bbox 66 2165 132 2215; x_wconf 74' lang='lat' dir='ltr'>remi</span> <span class='ocrx_word' id='word_1_149' title='bbox 149 2166 269 2217; x_wconf 78' lang='lat' dir='ltr'>fructum</span> <span class='ocrx_word' id='word_1_150' title='bbox 286 2168 378 2232; x_wconf 87' lang='lat' dir='ltr'>posuit</span> <span class='ocrx_word' id='word_1_151' title='bbox 399 2169 586 2221; x_wconf 74' lang='lat' dir='ltr'>confusionem</span> 
     </span>
     <span class='ocr_line' id='line_1_30' title="bbox 66 2235 587 2306; baseline 0.013 -21"><span class='ocrx_word' id='word_1_152' title='bbox 66 2235 198 2297; x_wconf 79' lang='lat' dir='ltr'>celestem,</span> <span class='ocrx_word' id='word_1_153' title='bbox 219 2247 249 2287; x_wconf 88' lang='lat' dir='ltr'>ut</span> <span class='ocrx_word' id='word_1_154' title='bbox 275 2240 431 2306; x_wconf 87' lang='lat' dir='ltr'>quicunque</span> <span class='ocrx_word' id='word_1_155' title='bbox 455 2241 587 2293; x_wconf 77' lang='lat' dir='ltr'>desiderat</span> 
     </span>
     <span class='ocr_line' id='line_1_31' title="bbox 68 2307 587 2378; baseline 0.014 -21"><span class='ocrx_word' id='word_1_156' title='bbox 68 2307 199 2369; x_wconf 81' lang='lat' dir='ltr'>primatum</span> <span class='ocrx_word' id='word_1_157' title='bbox 219 2311 354 2360; x_wconf 84' lang='lat' dir='ltr'>coelestem</span> <span class='ocrx_word' id='word_1_158' title='bbox 358 2323 508 2378; x_wconf 87' lang='lat' dir='ltr'>sequatur</span> <span class='ocrx_word' id='word_1_159' title='bbox 532 2314 587 2364; x_wconf 92' lang='lat' dir='ltr'>hu-</span> 
     </span>
    </p>

    <p class='ocr_par' dir='ltr' id='par_1_10' title="bbox 10 2375 589 2520">
     <span class='ocr_line' id='line_1_32' title="bbox 10 2375 589 2450; baseline 0.011 -22"><span class='ocrx_word' id='word_1_160' title='bbox 10 2434 12 2445; x_wconf 51' lang='grc'><strong>,</strong></span> <span class='ocrx_word' id='word_1_161' title='bbox 68 2375 195 2430; x_wconf 74' lang='lat' dir='ltr'>uilitatem</span> <span class='ocrx_word' id='word_1_162' title='bbox 205 2391 372 2446; x_wconf 81' lang='lat' dir='ltr'>terrestrem3</span> <span class='ocrx_word' id='word_1_163' title='bbox 383 2383 589 2466; x_wconf 86' lang='lat' dir='ltr'>quicunqueau·</span> 
     </span>
     <span class='ocr_line' id='line_1_33' title="bbox 10 2452 587 2539; baseline 0.011 -39"><span class='ocrx_word' id='word_1_164' title='bbox 10 2484 12 2489; x_wconf 91' lang='lat'>-</span> <span class='ocrx_word' id='word_1_165' title='bbox 69 2456 112 2500; x_wconf 79' lang='lat' dir='ltr'>tem</span> <span class='ocrx_word' id='word_1_166' title='bbox 123 2452 314 2504; x_wconf 83' lang='lat' dir='ltr'>desideraverit</span> <span class='ocrx_word' id='word_1_167' title='bbox 325 2455 473 2539; x_wconf 84' lang='lat' dir='ltr'>primatum</span> <span class='ocrx_word' id='word_1_168' title='bbox 488 2456 515 2505; x_wconf 94' lang='lat' dir='ltr'>in</span> <span class='ocrx_word' id='word_1_169' title='bbox 530 2466 587 2507; x_wconf 86' lang='lat' dir='ltr'>ter-</span> 
     </span>
    </p>

    <p class='ocr_par' dir='ltr' id='par_1_11' title="bbox 68 2524 588 2878">
     <span class='ocr_line' id='line_1_34' title="bbox 69 2524 586 2589; baseline 0.012 -16"><span class='ocrx_word' id='word_1_170' title='bbox 69 2533 98 2584; x_wconf 73' lang='lat' dir='ltr'>n,</span> <span class='ocrx_word' id='word_1_171' title='bbox 114 2524 230 2576; x_wconf 82' lang='lat' dir='ltr'>inveniet</span> <span class='ocrx_word' id='word_1_172' title='bbox 248 2526 465 2578; x_wconf 85' lang='lat' dir='ltr'>confusionem</span> <span class='ocrx_word' id='word_1_173' title='bbox 458 2544 485 2577; x_wconf 83' lang='lat' dir='ltr'>in</span> <span class='ocrx_word' id='word_1_174' title='bbox 508 2530 586 2589; x_wconf 89' lang='lat' dir='ltr'>coelo,</span> 
     </span>
     <span class='ocr_line' id='line_1_35' title="bbox 69 2593 588 2657; baseline 0.017 -16"><span class='ocrx_word' id='word_1_175' title='bbox 69 2593 148 2657; x_wconf 78' lang='lat' dir='ltr'>utiam</span> <span class='ocrx_word' id='word_1_176' title='bbox 160 2596 238 2646; x_wconf 84' lang='lat' dir='ltr'>inter</span> <span class='ocrx_word' id='word_1_177' title='bbox 257 2612 348 2647; x_wconf 81' lang='lat' dir='ltr'>servos</span> <span class='ocrx_word' id='word_1_178' title='bbox 368 2598 471 2648; x_wconf 85' lang='lat' dir='ltr'>Christi</span> <span class='ocrx_word' id='word_1_179' title='bbox 484 2615 538 2649; x_wconf 91' lang='lat' dir='ltr'>non</span> <span class='ocrx_word' id='word_1_180' title='bbox 553 2601 588 2651; x_wconf 91' lang='lat' dir='ltr'>sit</span> 
     </span>
     <span class='ocr_line' id='line_1_36' title="bbox 69 2660 587 2729; baseline 0.015 -16"><span class='ocrx_word' id='word_1_181' title='bbox 69 2660 94 2711; x_wconf 73' lang='lat' dir='ltr'>bt</span> <span class='ocrx_word' id='word_1_182' title='bbox 107 2664 224 2729; x_wconf 85' lang='lat' dir='ltr'>primatu</span> <span class='ocrx_word' id='word_1_183' title='bbox 246 2680 390 2728; x_wconf 82' lang='lat' dir='ltr'>certamen,</span> <span class='ocrx_word' id='word_1_184' title='bbox 407 2684 455 2718; x_wconf 84' lang='lat' dir='ltr'>nec</span> <span class='ocrx_word' id='word_1_185' title='bbox 478 2669 587 2721; x_wconf 87' lang='lat' dir='ltr'>festinet</span> 
     </span>
     <span class='ocr_line' id='line_1_37' title="bbox 69 2738 587 2819; baseline 0.01 -32"><span class='ocrx_word' id='word_1_186' title='bbox 69 2738 243 2819; x_wconf 63' lang='lat' dir='ltr'>Quisque</span> <span class='ocrx_word' id='word_1_187' title='bbox 258 2754 355 2789; x_wconf 88' lang='lat' dir='ltr'>eorum</span> <span class='ocrx_word' id='word_1_188' title='bbox 369 2741 508 2805; x_wconf 84' lang='lat' dir='ltr'>quomodo</span> <span class='ocrx_word' id='word_1_189' title='bbox 523 2743 587 2792; x_wconf 83' lang='lat' dir='ltr'>aliis</span> 
     </span>
     <span class='ocr_line' id='line_1_38' title="bbox 68 2807 586 2878; baseline 0.014 -21"><span class='ocrx_word' id='word_1_190' title='bbox 68 2807 139 2872; x_wconf 72' lang='lat' dir='ltr'>major</span> <span class='ocrx_word' id='word_1_191' title='bbox 155 2823 289 2876; x_wconf 84' lang='lat' dir='ltr'>apparent,</span> <span class='ocrx_word' id='word_1_192' title='bbox 302 2812 348 2861; x_wconf 87' lang='lat' dir='ltr'>sed</span> <span class='ocrx_word' id='word_1_193' title='bbox 361 2815 499 2878; x_wconf 87' lang='lat' dir='ltr'>quomodo</span> <span class='ocrx_word' id='word_1_194' title='bbox 514 2814 586 2865; x_wconf 86' lang='lat' dir='ltr'>infe-</span> 
     </span>
    </p>

    <p class='ocr_par' dir='ltr' id='par_1_12' title="bbox 67 2875 586 3024">
     <span class='ocr_line' id='line_1_39' title="bbox 68 2875 586 2970; baseline 0.017 -43"><span class='ocrx_word' id='word_1_195' title='bbox 68 2875 114 2928; x_wconf 82' lang='lat' dir='ltr'>rior</span> <span class='ocrx_word' id='word_1_196' title='bbox 134 2880 268 2932; x_wconf 82' lang='lat' dir='ltr'>rideatur.</span> <span class='ocrx_word' id='word_1_197' title='bbox 293 2883 428 2942; x_wconf 86' lang='lat' dir='ltr'>Quoniam</span> <span class='ocrx_word' id='word_1_198' title='bbox 456 2901 512 2934; x_wconf 90' lang='lat' dir='ltr'>non</span> <span class='ocrx_word' id='word_1_199' title='bbox 539 2886 586 2970; x_wconf 88' lang='lat' dir='ltr'>qui</span> 
     </span>
     <span class='ocr_line' id='line_1_40' title="bbox 67 2953 587 3024; baseline 0.016 -23"><span class='ocrx_word' id='word_1_200' title='bbox 67 2963 139 3015; x_wconf 68' lang='lat' dir='ltr'>maror</span> <span class='ocrx_word' id='word_1_201' title='bbox 148 2953 276 3004; x_wconf 76' lang='lat' dir='ltr'>fueritin</span> <span class='ocrx_word' id='word_1_202' title='bbox 292 2955 404 3016; x_wconf 89' lang='lat' dir='ltr'>honore,</span> <span class='ocrx_word' id='word_1_203' title='bbox 419 2957 464 3007; x_wconf 89' lang='lat' dir='ltr'>ille</span> <span class='ocrx_word' id='word_1_204' title='bbox 484 2967 523 3008; x_wconf 86' lang='lat' dir='ltr'>est</span> <span class='ocrx_word' id='word_1_205' title='bbox 542 2959 587 3024; x_wconf 85' lang='lat' dir='ltr'>ju-</span> 
     </span>
    </p>

    <p class='ocr_par' dir='ltr' id='par_1_13' title="bbox 10 3022 588 3593">
     <span class='ocr_line' id='line_1_41' title="bbox 65 3022 588 3093; baseline 0.015 -21"><span class='ocrx_word' id='word_1_206' title='bbox 65 3022 133 3088; x_wconf 86' lang='lat' dir='ltr'>ttior;</span> <span class='ocrx_word' id='word_1_207' title='bbox 144 3028 194 3077; x_wconf 80' lang='lat' dir='ltr'>sed</span> <span class='ocrx_word' id='word_1_208' title='bbox 211 3027 259 3093; x_wconf 92' lang='lat' dir='ltr'>qui</span> <span class='ocrx_word' id='word_1_209' title='bbox 273 3028 371 3092; x_wconf 87' lang='lat' dir='ltr'>justior</span> <span class='ocrx_word' id='word_1_210' title='bbox 380 3029 472 3092; x_wconf 82' lang='lat' dir='ltr'>fuerit,</span> <span class='ocrx_word' id='word_1_211' title='bbox 488 3030 533 3080; x_wconf 87' lang='lat' dir='ltr'>ille</span> <span class='ocrx_word' id='word_1_212' title='bbox 545 3040 588 3080; x_wconf 85' lang='lat' dir='ltr'>est</span> 
     </span>
     <span class='ocr_line' id='line_1_42' title="bbox 65 3095 588 3166; baseline 0.017 -23"><span class='ocrx_word' id='word_1_213' title='bbox 65 3095 149 3160; x_wconf 81' lang='lat' dir='ltr'>major.</span> <span class='ocrx_word' id='word_1_214' title='bbox 164 3098 339 3148; x_wconf 85' lang='lat' dir='ltr'>Conversatio</span> <span class='ocrx_word' id='word_1_215' title='bbox 356 3115 419 3166; x_wconf 81' lang='lat' dir='ltr'>ergo</span> <span class='ocrx_word' id='word_1_216' title='bbox 434 3101 531 3150; x_wconf 89' lang='lat' dir='ltr'>melior</span> <span class='ocrx_word' id='word_1_217' title='bbox 548 3112 588 3152; x_wconf 87' lang='lat' dir='ltr'>est</span> 
     </span>
     <span class='ocr_line' id='line_1_43' title="bbox 10 3162 586 3237; baseline 0.014 -23"><span class='ocrx_word' id='word_1_218' title='bbox 10 3186 13 3227; x_wconf 83' lang='lat'><strong>;</strong></span> <span class='ocrx_word' id='word_1_219' title='bbox 63 3162 238 3227; x_wconf 78' lang='lat' dir='ltr'>desideranda,</span> <span class='ocrx_word' id='word_1_220' title='bbox 264 3184 319 3218; x_wconf 94' lang='lat' dir='ltr'>non</span> <span class='ocrx_word' id='word_1_221' title='bbox 344 3170 453 3236; x_wconf 81' lang='lat' dir='ltr'>dignior</span> <span class='ocrx_word' id='word_1_222' title='bbox 479 3172 586 3237; x_wconf 88' lang='lat' dir='ltr'>gradus</span> 
     </span>
     <span class='ocr_line' id='line_1_44' title="bbox 63 3231 587 3304; baseline 0.019 -20"><span class='ocrx_word' id='word_1_223' title='bbox 63 3231 94 3284; x_wconf 85' lang='lat' dir='ltr'>Et</span> <span class='ocrx_word' id='word_1_224' title='bbox 105 3251 174 3302; x_wconf 88' lang='lat' dir='ltr'>opus</span> <span class='ocrx_word' id='word_1_225' title='bbox 187 3239 299 3304; x_wconf 91' lang='lat' dir='ltr'>quidem</span> <span class='ocrx_word' id='word_1_226' title='bbox 319 3240 469 3292; x_wconf 84' lang='lat' dir='ltr'>desiderare</span> <span class='ocrx_word' id='word_1_227' title='bbox 484 3243 587 3293; x_wconf 90' lang='lat' dir='ltr'>bonum</span> 
     </span>
     <span class='ocr_line' id='line_1_45' title="bbox 60 3310 588 3375; baseline 0.015 -17"><span class='ocrx_word' id='word_1_228' title='bbox 60 3315 104 3367; x_wconf 75' lang='lat' dir='ltr'>at,</span> <span class='ocrx_word' id='word_1_229' title='bbox 123 3310 187 3375; x_wconf 93' lang='lat' dir='ltr'>quia</span> <span class='ocrx_word' id='word_1_230' title='bbox 205 3322 304 3360; x_wconf 74' lang='lat' dir='ltr'>nostrat</span> <span class='ocrx_word' id='word_1_231' title='bbox 320 3313 468 3364; x_wconf 87' lang='lat' dir='ltr'>voluntatis</span> <span class='ocrx_word' id='word_1_232' title='bbox 491 3324 540 3375; x_wconf 90' lang='lat' dir='ltr'>est,</span> <span class='ocrx_word' id='word_1_233' title='bbox 562 3325 588 3366; x_wconf 91' lang='lat' dir='ltr'>et</span> 
     </span>
     <span class='ocr_line' id='line_1_46' title="bbox 60 3384 587 3448; baseline 0.015 -20"><span class='ocrx_word' id='word_1_234' title='bbox 60 3388 145 3431; x_wconf 84' lang='lat' dir='ltr'>nostra</span> <span class='ocrx_word' id='word_1_235' title='bbox 154 3391 195 3431; x_wconf 88' lang='lat' dir='ltr'>est</span> <span class='ocrx_word' id='word_1_236' title='bbox 207 3397 322 3445; x_wconf 72' lang='lat' dir='ltr'>merces,</span> <span class='ocrx_word' id='word_1_237' title='bbox 338 3384 485 3448; x_wconf 83' lang='lat' dir='ltr'>primatum</span> <span class='ocrx_word' id='word_1_238' title='bbox 495 3395 587 3436; x_wconf 89' lang='lat' dir='ltr'>autem</span> 
     </span>
     <span class='ocr_line' id='line_1_47' title="bbox 59 3446 588 3535; baseline 0.015 -36"><span class='ocrx_word' id='word_1_239' title='bbox 59 3446 166 3501; x_wconf 84' lang='lat' dir='ltr'>honoris</span> <span class='ocrx_word' id='word_1_240' title='bbox 185 3453 382 3535; x_wconf 82' lang='lat' dir='ltr'>concupiscere,</span> <span class='ocrx_word' id='word_1_241' title='bbox 402 3455 520 3518; x_wconf 87' lang='lat' dir='ltr'>vanitas;</span> <span class='ocrx_word' id='word_1_242' title='bbox 536 3456 588 3506; x_wconf 90' lang='lat' dir='ltr'>hoc</span> 
     </span>
     <span class='ocr_line' id='line_1_48' title="bbox 55 3520 588 3608; baseline 0.015 -38"><span class='ocrx_word' id='word_1_243' title='bbox 55 3520 265 3589; x_wconf 84' lang='lat' dir='ltr'>enimconsequi</span> <span class='ocrx_word' id='word_1_244' title='bbox 274 3524 405 3605; x_wconf 81' lang='lat' dir='ltr'>judicium</span> <span class='ocrx_word' id='word_1_245' title='bbox 413 3527 461 3576; x_wconf 84' lang='lat' dir='ltr'>Dei</span> <span class='ocrx_word' id='word_1_246' title='bbox 472 3536 511 3577; x_wconf 90' lang='lat' dir='ltr'>est</span> <span class='ocrx_word' id='word_1_247' title='bbox 514 3543 588 3608; x_wconf 82' lang='lat' dir='ltr'>,pro-</span> 
     </span>
    </p>
   </div>
   <div class='ocr_carea' id='block_1_3' title="bbox 1128 119 1180 188">
    <p class='ocr_par' dir='ltr' id='par_1_14' title="bbox 1128 119 1180 188">
     <span class='ocr_line' id='line_1_49' title="bbox 1128 119 1180 188; baseline -0.019 -16"><span class='ocrx_word' id='word_1_248' title='bbox 1128 119 1180 188; x_wconf 76' lang='lat'>169</span> 
     </span>
    </p>
   </div>
   <div class='ocr_carea' id='block_1_4' title="bbox 639 234 1182 3602">
    <p class='ocr_par' dir='ltr' id='par_1_15' title="bbox 639 234 1182 3236">
     <span class='ocr_line' id='line_1_50' title="bbox 650 234 1181 302; baseline -0.006 -16"><span class='ocrx_word' id='word_1_249' title='bbox 650 236 760 286; x_wconf 88' lang='lat' dir='ltr'>habebit</span> <span class='ocrx_word' id='word_1_250' title='bbox 787 237 857 302; x_wconf 86' lang='lat' dir='ltr'>apud</span> <span class='ocrx_word' id='word_1_251' title='bbox 880 237 987 296; x_wconf 86' lang='lat' dir='ltr'>Deum,</span> <span class='ocrx_word' id='word_1_252' title='bbox 1012 234 1086 301; x_wconf 92' lang='lat' dir='ltr'>quod</span> <span class='ocrx_word' id='word_1_253' title='bbox 1110 235 1181 301; x_wconf 78' lang='lat' dir='ltr'>Apo·</span> 
     </span>
     <span class='ocr_line' id='line_1_51' title="bbox 647 308 1178 374; baseline -0.002 -16"><span class='ocrx_word' id='word_1_254' title='bbox 647 309 733 359; x_wconf 85' lang='lat' dir='ltr'>stolus</span> <span class='ocrx_word' id='word_1_255' title='bbox 756 308 822 372; x_wconf 81' lang='lat' dir='ltr'>fuit;</span> <span class='ocrx_word' id='word_1_256' title='bbox 850 311 898 360; x_wconf 87' lang='lat' dir='ltr'>sed</span> <span class='ocrx_word' id='word_1_257' title='bbox 924 308 947 359; x_wconf 86' lang='lat' dir='ltr'>si</span> <span class='ocrx_word' id='word_1_258' title='bbox 970 324 1039 374; x_wconf 90' lang='lat' dir='ltr'>opus</span> <span class='ocrx_word' id='word_1_259' title='bbox 1061 318 1178 372; x_wconf 84' lang='lat' dir='ltr'>aposto-</span> 
     </span>
     <span class='ocr_line' id='line_1_52' title="bbox 646 379 1178 446; baseline 0 -17"><span class='ocrx_word' id='word_1_260' title='bbox 646 380 716 431; x_wconf 88' lang='lat' dir='ltr'>latus</span> <span class='ocrx_word' id='word_1_261' title='bbox 736 380 778 430; x_wconf 88' lang='lat' dir='ltr'>sui</span> <span class='ocrx_word' id='word_1_262' title='bbox 799 381 868 431; x_wconf 89' lang='lat' dir='ltr'>bene</span> <span class='ocrx_word' id='word_1_263' title='bbox 889 380 1019 446; x_wconf 89' lang='lat' dir='ltr'>implevit.</span> <span class='ocrx_word' id='word_1_264' title='bbox 1044 379 1178 430; x_wconf 88' lang='lat' dir='ltr'>Primatus</span> 
     </span>
     <span class='ocr_line' id='line_1_53' title="bbox 644 451 1176 519; baseline -0.008 -16"><span class='ocrx_word' id='word_1_265' title='bbox 644 453 724 503; x_wconf 87' lang='lat' dir='ltr'>etiam</span> <span class='ocrx_word' id='word_1_266' title='bbox 743 453 889 519; x_wconf 80' lang='lat' dir='ltr'>fugientem</span> <span class='ocrx_word' id='word_1_267' title='bbox 907 453 1049 512; x_wconf 84' lang='lat' dir='ltr'>desiderat,</span> <span class='ocrx_word' id='word_1_268' title='bbox 1068 451 1176 501; x_wconf 89' lang='lat' dir='ltr'>deside-</span> 
     </span>
     <span class='ocr_line' id='line_1_54' title="bbox 643 521 1174 589; baseline -0.008 -15"><span class='ocrx_word' id='word_1_269' title='bbox 643 533 749 573; x_wconf 86' lang='lat' dir='ltr'>rantem</span> <span class='ocrx_word' id='word_1_270' title='bbox 757 539 786 574; x_wconf 90' lang='lat' dir='ltr'>se</span> <span class='ocrx_word' id='word_1_271' title='bbox 794 524 896 574; x_wconf 89' lang='lat' dir='ltr'>horret.</span> <span class='ocrx_word' id='word_1_272' title='bbox 904 525 1002 573; x_wconf 89' lang='lat' dir='ltr'>Volens</span> <span class='ocrx_word' id='word_1_273' title='bbox 1012 521 1174 589; x_wconf 79' lang='lat' dir='ltr'>ergoDomi-</span> 
     </span>
     <span class='ocr_line' id='line_1_55' title="bbox 643 593 1176 645; baseline -0.002 -2"><span class='ocrx_word' id='word_1_274' title='bbox 643 609 696 644; x_wconf 89' lang='lat' dir='ltr'>nus</span> <span class='ocrx_word' id='word_1_275' title='bbox 709 604 736 645; x_wconf 84' lang='lat' dir='ltr'>et</span> <span class='ocrx_word' id='word_1_276' title='bbox 748 594 865 644; x_wconf 91' lang='lat' dir='ltr'>duorum</span> <span class='ocrx_word' id='word_1_277' title='bbox 877 594 987 644; x_wconf 90' lang='lat' dir='ltr'>illorum</span> <span class='ocrx_word' id='word_1_278' title='bbox 997 593 1176 644; x_wconf 86' lang='lat' dir='ltr'>ambitionem</span> 
     </span>
     <span class='ocr_line' id='line_1_56' title="bbox 642 664 1177 730; baseline -0.007 -14"><span class='ocrx_word' id='word_1_279' title='bbox 642 665 820 730; x_wconf 80' lang='lat' dir='ltr'>exstinguere,</span> <span class='ocrx_word' id='word_1_280' title='bbox 830 676 858 715; x_wconf 90' lang='lat' dir='ltr'>et</span> <span class='ocrx_word' id='word_1_281' title='bbox 870 665 985 715; x_wconf 90' lang='lat' dir='ltr'>istorum</span> <span class='ocrx_word' id='word_1_282' title='bbox 995 665 1087 714; x_wconf 90' lang='lat' dir='ltr'>decem</span> <span class='ocrx_word' id='word_1_283' title='bbox 1101 664 1177 728; x_wconf 83' lang='lat' dir='ltr'>Apo-</span> 
     </span>
     <span class='ocr_line' id='line_1_57' title="bbox 642 732 1178 796; baseline -0.006 -10"><span class='ocrx_word' id='word_1_284' title='bbox 642 737 774 786; x_wconf 88' lang='lat' dir='ltr'>stolorum</span> <span class='ocrx_word' id='word_1_285' title='bbox 791 736 935 796; x_wconf 86' lang='lat' dir='ltr'>invidiam,</span> <span class='ocrx_word' id='word_1_286' title='bbox 962 734 1107 785; x_wconf 88' lang='lat' dir='ltr'>introducit</span> <span class='ocrx_word' id='word_1_287' title='bbox 1124 732 1178 784; x_wconf 79' lang='lat' dir='ltr'>dif-</span> 
     </span>
     <span class='ocr_line' id='line_1_58' title="bbox 640 804 1182 873; baseline -0.009 -15"><span class='ocrx_word' id='word_1_288' title='bbox 640 807 781 858; x_wconf 82' lang='lat' dir='ltr'>ferentiam</span> <span class='ocrx_word' id='word_1_289' title='bbox 795 807 865 857; x_wconf 89' lang='lat' dir='ltr'>inter</span> <span class='ocrx_word' id='word_1_290' title='bbox 877 806 1009 873; x_wconf 83' lang='lat' dir='ltr'>principes</span> <span class='ocrx_word' id='word_1_291' title='bbox 1026 804 1182 854; x_wconf 81' lang='lat' dir='ltr'>mundiales</span> 
     </span>
     <span class='ocr_line' id='line_1_59' title="bbox 641 879 1176 943; baseline -0.007 -13"><span class='ocrx_word' id='word_1_292' title='bbox 641 890 668 930; x_wconf 93' lang='lat' dir='ltr'>et</span> <span class='ocrx_word' id='word_1_293' title='bbox 695 881 905 939; x_wconf 84' lang='lat' dir='ltr'>ecclesiasticos,</span> <span class='ocrx_word' id='word_1_294' title='bbox 931 879 1076 930; x_wconf 88' lang='lat' dir='ltr'>ostendens</span> <span class='ocrx_word' id='word_1_295' title='bbox 1098 893 1176 943; x_wconf 93' lang='lat' dir='ltr'>quo-</span> 
     </span>
     <span class='ocr_line' id='line_1_60' title="bbox 641 948 1176 1017; baseline -0.006 -16"><span class='ocrx_word' id='word_1_296' title='bbox 641 950 716 1001; x_wconf 89' lang='lat' dir='ltr'>niam</span> <span class='ocrx_word' id='word_1_297' title='bbox 733 952 866 1017; x_wconf 88' lang='lat' dir='ltr'>primatus</span> <span class='ocrx_word' id='word_1_298' title='bbox 887 951 915 1000; x_wconf 90' lang='lat' dir='ltr'>in</span> <span class='ocrx_word' id='word_1_299' title='bbox 936 950 1054 1009; x_wconf 90' lang='lat' dir='ltr'>Christo,</span> <span class='ocrx_word' id='word_1_300' title='bbox 1072 964 1123 998; x_wconf 87' lang='lat' dir='ltr'>nec</span> <span class='ocrx_word' id='word_1_301' title='bbox 1142 948 1176 998; x_wconf 90' lang='lat' dir='ltr'>ab</span> 
     </span>
     <span class='ocr_line' id='line_1_61' title="bbox 640 1021 1176 1089; baseline -0.006 -17"><span class='ocrx_word' id='word_1_302' title='bbox 640 1023 733 1089; x_wconf 89' lang='lat' dir='ltr'>aliquo</span> <span class='ocrx_word' id='word_1_303' title='bbox 751 1024 919 1089; x_wconf 85' lang='lat' dir='ltr'>appetendus</span> <span class='ocrx_word' id='word_1_304' title='bbox 935 1033 976 1074; x_wconf 87' lang='lat' dir='ltr'>est</span> <span class='ocrx_word' id='word_1_305' title='bbox 997 1037 1051 1072; x_wconf 90' lang='lat' dir='ltr'>non</span> <span class='ocrx_word' id='word_1_306' title='bbox 1072 1021 1176 1070; x_wconf 85' lang='lat' dir='ltr'>haben-</span> 
     </span>
     <span class='ocr_line' id='line_1_62' title="bbox 642 1091 1176 1153; baseline -0.007 -9"><span class='ocrx_word' id='word_1_307' title='bbox 642 1104 678 1153; x_wconf 88' lang='lat' dir='ltr'>te,</span> <span class='ocrx_word' id='word_1_308' title='bbox 699 1109 749 1144; x_wconf 88' lang='lat' dir='ltr'>nec</span> <span class='ocrx_word' id='word_1_309' title='bbox 769 1095 847 1144; x_wconf 87' lang='lat' dir='ltr'>alteri</span> <span class='ocrx_word' id='word_1_310' title='bbox 870 1103 909 1144; x_wconf 86' lang='lat' dir='ltr'>est</span> <span class='ocrx_word' id='word_1_311' title='bbox 934 1093 1097 1144; x_wconf 79' lang='lat' dir='ltr'>inridendus</span> <span class='ocrx_word' id='word_1_312' title='bbox 1124 1091 1176 1140; x_wconf 90' lang='lat' dir='ltr'>ha·</span> 
     </span>
     <span class='ocr_line' id='line_1_63' title="bbox 641 1160 1175 1231; baseline -0.009 -17"><span class='ocrx_word' id='word_1_313' title='bbox 641 1165 726 1214; x_wconf 88' lang='lat' dir='ltr'>benti.</span> <span class='ocrx_word' id='word_1_314' title='bbox 751 1165 887 1224; x_wconf 88' lang='lat' dir='ltr'>Quoniam</span> <span class='ocrx_word' id='word_1_315' title='bbox 916 1165 1050 1231; x_wconf 91' lang='lat' dir='ltr'>principes</span> <span class='ocrx_word' id='word_1_316' title='bbox 1080 1160 1175 1212; x_wconf 87' lang='lat' dir='ltr'>mundi</span> 
     </span>
     <span class='ocr_line' id='line_1_64' title="bbox 641 1231 1176 1299; baseline -0.011 -13"><span class='ocrx_word' id='word_1_317' title='bbox 641 1235 703 1286; x_wconf 86' lang='lat' dir='ltr'>ideo</span> <span class='ocrx_word' id='word_1_318' title='bbox 719 1237 799 1299; x_wconf 88' lang='lat' dir='ltr'>fiunt,</span> <span class='ocrx_word' id='word_1_319' title='bbox 818 1248 848 1286; x_wconf 93' lang='lat' dir='ltr'>ut</span> <span class='ocrx_word' id='word_1_320' title='bbox 862 1236 1037 1286; x_wconf 90' lang='lat' dir='ltr'>dominentur</span> <span class='ocrx_word' id='word_1_321' title='bbox 1057 1231 1176 1282; x_wconf 89' lang='lat' dir='ltr'>minori-</span> 
     </span>
     <span class='ocr_line' id='line_1_65' title="bbox 642 1308 1176 1373; baseline -0.006 -15"><span class='ocrx_word' id='word_1_322' title='bbox 642 1308 694 1359; x_wconf 91' lang='lat' dir='ltr'>bus</span> <span class='ocrx_word' id='word_1_323' title='bbox 708 1310 774 1373; x_wconf 91' lang='lat' dir='ltr'>suis,</span> <span class='ocrx_word' id='word_1_324' title='bbox 788 1320 820 1359; x_wconf 91' lang='lat' dir='ltr'>ut</span> <span class='ocrx_word' id='word_1_325' title='bbox 836 1309 987 1359; x_wconf 87' lang='lat' dir='ltr'>servificent</span> <span class='ocrx_word' id='word_1_326' title='bbox 1000 1323 1057 1366; x_wconf 89' lang='lat' dir='ltr'>eos,</span> <span class='ocrx_word' id='word_1_327' title='bbox 1068 1316 1096 1356; x_wconf 90' lang='lat' dir='ltr'>et</span> <span class='ocrx_word' id='word_1_328' title='bbox 1112 1320 1176 1370; x_wconf 89' lang='lat' dir='ltr'>spo-</span> 
     </span>
     <span class='ocr_line' id='line_1_66' title="bbox 641 1379 1176 1442; baseline -0.009 -11"><span class='ocrx_word' id='word_1_329' title='bbox 641 1379 708 1430; x_wconf 84' lang='lat' dir='ltr'>lient</span> <span class='ocrx_word' id='word_1_330' title='bbox 720 1396 775 1441; x_wconf 86' lang='lat' dir='ltr'>eos,</span> <span class='ocrx_word' id='word_1_331' title='bbox 786 1392 813 1430; x_wconf 90' lang='lat' dir='ltr'>et</span> <span class='ocrx_word' id='word_1_332' title='bbox 826 1381 969 1431; x_wconf 86' lang='lat' dir='ltr'>comedant</span> <span class='ocrx_word' id='word_1_333' title='bbox 979 1395 1036 1438; x_wconf 89' lang='lat' dir='ltr'>eos,</span> <span class='ocrx_word' id='word_1_334' title='bbox 1046 1388 1072 1428; x_wconf 88' lang='lat' dir='ltr'>et</span> <span class='ocrx_word' id='word_1_335' title='bbox 1087 1391 1176 1442; x_wconf 88' lang='lat' dir='ltr'>usque</span> 
     </span>
     <span class='ocr_line' id='line_1_67' title="bbox 641 1450 1176 1500; baseline -0.007 0"><span class='ocrx_word' id='word_1_336' title='bbox 641 1450 674 1500; x_wconf 88' lang='lat' dir='ltr'>ad</span> <span class='ocrx_word' id='word_1_337' title='bbox 698 1460 813 1500; x_wconf 89' lang='lat' dir='ltr'>mortem</span> <span class='ocrx_word' id='word_1_338' title='bbox 836 1451 981 1500; x_wconf 88' lang='lat' dir='ltr'>abutantur</span> <span class='ocrx_word' id='word_1_339' title='bbox 1003 1450 1058 1499; x_wconf 86' lang='lat' dir='ltr'>vita</span> <span class='ocrx_word' id='word_1_340' title='bbox 1080 1463 1176 1497; x_wconf 89' lang='lat' dir='ltr'>eorum</span> 
     </span>
     <span class='ocr_line' id='line_1_68' title="bbox 640 1519 1176 1588; baseline -0.011 -14"><span class='ocrx_word' id='word_1_341' title='bbox 640 1525 675 1574; x_wconf 87' lang='lat' dir='ltr'>ad</span> <span class='ocrx_word' id='word_1_342' title='bbox 689 1539 752 1574; x_wconf 82' lang='lat' dir='ltr'>suas</span> <span class='ocrx_word' id='word_1_343' title='bbox 764 1524 893 1574; x_wconf 85' lang='lat' dir='ltr'>utilitates</span> <span class='ocrx_word' id='word_1_344' title='bbox 907 1532 933 1573; x_wconf 90' lang='lat' dir='ltr'>et</span> <span class='ocrx_word' id='word_1_345' title='bbox 948 1521 1057 1588; x_wconf 88' lang='lat' dir='ltr'>glorias.</span> <span class='ocrx_word' id='word_1_346' title='bbox 1071 1519 1176 1570; x_wconf 86' lang='lat' dir='ltr'>Princi-</span> 
     </span>
     <span class='ocr_line' id='line_1_69' title="bbox 641 1594 1175 1678; baseline -0.007 -32"><span class='ocrx_word' id='word_1_347' title='bbox 641 1611 689 1678; x_wconf 87' lang='lat' dir='ltr'>pes</span> <span class='ocrx_word' id='word_1_348' title='bbox 709 1607 799 1646; x_wconf 87' lang='lat' dir='ltr'>autem</span> <span class='ocrx_word' id='word_1_349' title='bbox 824 1595 948 1645; x_wconf 85' lang='lat' dir='ltr'>Ecclesiae</span> <span class='ocrx_word' id='word_1_350' title='bbox 968 1594 1048 1653; x_wconf 82' lang='lat' dir='ltr'>fiunt,</span> <span class='ocrx_word' id='word_1_351' title='bbox 1063 1603 1093 1643; x_wconf 94' lang='lat' dir='ltr'>ut</span> <span class='ocrx_word' id='word_1_352' title='bbox 1116 1607 1175 1642; x_wconf 86' lang='lat' dir='ltr'>ser·</span> 
     </span>
     <span class='ocr_line' id='line_1_70' title="bbox 640 1663 1175 1727; baseline -0.013 -9"><span class='ocrx_word' id='word_1_353' title='bbox 640 1667 716 1718; x_wconf 84' lang='lat' dir='ltr'>viam</span> <span class='ocrx_word' id='word_1_354' title='bbox 728 1665 883 1716; x_wconf 89' lang='lat' dir='ltr'>minoribus</span> <span class='ocrx_word' id='word_1_355' title='bbox 895 1665 963 1727; x_wconf 88' lang='lat' dir='ltr'>suis,</span> <span class='ocrx_word' id='word_1_356' title='bbox 978 1673 1004 1714; x_wconf 88' lang='lat' dir='ltr'>et</span> <span class='ocrx_word' id='word_1_357' title='bbox 1019 1663 1175 1713; x_wconf 85' lang='lat' dir='ltr'>ministrent</span> 
     </span>
     <span class='ocr_line' id='line_1_71' title="bbox 640 1735 1173 1806; baseline -0.013 -15"><span class='ocrx_word' id='word_1_358' title='bbox 640 1740 680 1791; x_wconf 88' lang='lat' dir='ltr'>eis</span> <span class='ocrx_word' id='word_1_359' title='bbox 702 1754 868 1806; x_wconf 73' lang='lat' dir='ltr'>quecunque</span> <span class='ocrx_word' id='word_1_360' title='bbox 886 1746 1047 1804; x_wconf 77' lang='lat' dir='ltr'>acueperunt</span> <span class='ocrx_word' id='word_1_361' title='bbox 1061 1735 1173 1786; x_wconf 73' lang='lat' dir='ltr'>uchri-</span> 
     </span>
     <span class='ocr_line' id='line_1_72' title="bbox 640 1807 1175 1873; baseline -0.013 -12"><span class='ocrx_word' id='word_1_362' title='bbox 640 1821 693 1870; x_wconf 87' lang='lat' dir='ltr'>sto,</span> <span class='ocrx_word' id='word_1_363' title='bbox 708 1819 741 1860; x_wconf 88' lang='grc' dir='ltr'>ιιι</span> <span class='ocrx_word' id='word_1_364' title='bbox 758 1824 820 1859; x_wconf 82' lang='lat' dir='ltr'>suas</span> <span class='ocrx_word' id='word_1_365' title='bbox 837 1809 967 1859; x_wconf 84' lang='lat' dir='ltr'>utilitates</span> <span class='ocrx_word' id='word_1_366' title='bbox 986 1807 1133 1873; x_wconf 82' lang='lat' dir='ltr'>negligant,</span> <span class='ocrx_word' id='word_1_367' title='bbox 1147 1815 1175 1855; x_wconf 86' lang='lat' dir='ltr'>et</span> 
     </span>
     <span class='ocr_line' id='line_1_73' title="bbox 640 1877 1174 1946; baseline -0.013 -13"><span class='ocrx_word' id='word_1_368' title='bbox 640 1884 749 1934; x_wconf 84' lang='lat' dir='ltr'>illorum</span> <span class='ocrx_word' id='word_1_369' title='bbox 759 1890 911 1946; x_wconf 88' lang='lat' dir='ltr'>procurent,</span> <span class='ocrx_word' id='word_1_370' title='bbox 923 1890 959 1940; x_wconf 83' lang='lat' dir='ltr'>et,</span> <span class='ocrx_word' id='word_1_371' title='bbox 964 1879 991 1930; x_wconf 86' lang='lat' dir='ltr'>si</span> <span class='ocrx_word' id='word_1_372' title='bbox 1003 1894 1072 1944; x_wconf 90' lang='lat' dir='ltr'>opus</span> <span class='ocrx_word' id='word_1_373' title='bbox 1082 1877 1174 1940; x_wconf 84' lang='lat' dir='ltr'>fuerit,</span> 
     </span>
     <span class='ocr_line' id='line_1_74' title="bbox 641 1947 1174 2019; baseline -0.015 -15"><span class='ocrx_word' id='word_1_374' title='bbox 641 1968 729 2019; x_wconf 87' lang='lat' dir='ltr'>neque</span> <span class='ocrx_word' id='word_1_375' title='bbox 742 1953 813 2003; x_wconf 92' lang='lat' dir='ltr'>mori</span> <span class='ocrx_word' id='word_1_376' title='bbox 826 1961 950 2002; x_wconf 87' lang='lat' dir='ltr'>recusent</span> <span class='ocrx_word' id='word_1_377' title='bbox 963 1966 1011 2016; x_wconf 88' lang='lat' dir='ltr'>pro</span> <span class='ocrx_word' id='word_1_378' title='bbox 1030 1949 1116 2000; x_wconf 85' lang='lat' dir='ltr'>salute</span> <span class='ocrx_word' id='word_1_379' title='bbox 1131 1947 1174 1996; x_wconf 91' lang='lat' dir='ltr'>in-</span> 
     </span>
     <span class='ocr_line' id='line_1_75' title="bbox 640 2021 1173 2090; baseline -0.013 -13"><span class='ocrx_word' id='word_1_380' title='bbox 640 2026 779 2077; x_wconf 86' lang='lat' dir='ltr'>feriorum.</span> <span class='ocrx_word' id='word_1_381' title='bbox 801 2026 830 2076; x_wconf 88' lang='lat' dir='ltr'>Si</span> <span class='ocrx_word' id='word_1_382' title='bbox 850 2041 915 2090; x_wconf 88' lang='lat' dir='ltr'>ergo</span> <span class='ocrx_word' id='word_1_383' title='bbox 936 2025 993 2074; x_wconf 82' lang='lat' dir='ltr'>haec</span> <span class='ocrx_word' id='word_1_384' title='bbox 1012 2023 1056 2073; x_wconf 86' lang='lat' dir='ltr'>ita.</span> <span class='ocrx_word' id='word_1_385' title='bbox 1069 2037 1098 2072; x_wconf 90' lang='lat' dir='ltr'>se</span> <span class='ocrx_word' id='word_1_386' title='bbox 1120 2021 1173 2070; x_wconf 85' lang='lat' dir='ltr'>ha·</span> 
     </span>
     <span class='ocr_line' id='line_1_76' title="bbox 640 2096 1174 2165; baseline -0.013 -14"><span class='ocrx_word' id='word_1_387' title='bbox 640 2101 714 2160; x_wconf 87' lang='lat' dir='ltr'>bent,</span> <span class='ocrx_word' id='word_1_388' title='bbox 729 2100 875 2150; x_wconf 79' lang='lat' dir='ltr'>secularem</span> <span class='ocrx_word' id='word_1_389' title='bbox 899 2097 1010 2165; x_wconf 90' lang='lat' dir='ltr'>quidem</span> <span class='ocrx_word' id='word_1_390' title='bbox 1024 2096 1174 2162; x_wconf 88' lang='lat' dir='ltr'>primatum</span> 
     </span>
     <span class='ocr_line' id='line_1_77' title="bbox 640 2165 1175 2231; baseline -0.011 -9"><span class='ocrx_word' id='word_1_391' title='bbox 640 2171 800 2231; x_wconf 85' lang='lat' dir='ltr'>desiderare,</span> <span class='ocrx_word' id='word_1_392' title='bbox 817 2171 867 2221; x_wconf 90' lang='lat' dir='ltr'>etsi</span> <span class='ocrx_word' id='word_1_393' title='bbox 889 2169 958 2220; x_wconf 89' lang='lat' dir='ltr'>ratio</span> <span class='ocrx_word' id='word_1_394' title='bbox 979 2185 1034 2218; x_wconf 92' lang='lat' dir='ltr'>non</span> <span class='ocrx_word' id='word_1_395' title='bbox 1059 2179 1109 2228; x_wconf 83' lang='lat' dir='ltr'>est,</span> <span class='ocrx_word' id='word_1_396' title='bbox 1130 2165 1175 2216; x_wconf 81' lang='lat' dir='ltr'>vel</span> 
     </span>
     <span class='ocr_line' id='line_1_78' title="bbox 640 2239 1174 2307; baseline -0.011 -15"><span class='ocrx_word' id='word_1_397' title='bbox 640 2256 719 2292; x_wconf 84' lang='lat' dir='ltr'>causa</span> <span class='ocrx_word' id='word_1_398' title='bbox 736 2251 790 2303; x_wconf 66' lang='grc' dir='ltr'><strong>ιιι,</strong></span> <span class='ocrx_word' id='word_1_399' title='bbox 806 2241 869 2307; x_wconf 87' lang='lat' dir='ltr'>quia</span> <span class='ocrx_word' id='word_1_400' title='bbox 883 2239 909 2289; x_wconf 89' lang='lat' dir='ltr'>si</span> <span class='ocrx_word' id='word_1_401' title='bbox 923 2240 1025 2304; x_wconf 79' lang='lat' dir='ltr'>justum</span> <span class='ocrx_word' id='word_1_402' title='bbox 1045 2253 1103 2288; x_wconf 89' lang='lat' dir='ltr'>non</span> <span class='ocrx_word' id='word_1_403' title='bbox 1123 2245 1174 2300; x_wconf 87' lang='lat' dir='ltr'>est,</span> 
     </span>
     <span class='ocr_line' id='line_1_79' title="bbox 640 2311 1173 2364; baseline -0.011 -1"><span class='ocrx_word' id='word_1_404' title='bbox 640 2314 682 2364; x_wconf 90' lang='lat' dir='ltr'>vel</span> <span class='ocrx_word' id='word_1_405' title='bbox 702 2313 769 2363; x_wconf 89' lang='lat' dir='ltr'>utile</span> <span class='ocrx_word' id='word_1_406' title='bbox 782 2323 832 2363; x_wconf 87' lang='lat' dir='ltr'>est.</span> <span class='ocrx_word' id='word_1_407' title='bbox 851 2311 999 2363; x_wconf 88' lang='lat' dir='ltr'>Primatum</span> <span class='ocrx_word' id='word_1_408' title='bbox 1018 2320 1108 2361; x_wconf 88' lang='lat' dir='ltr'>autem</span> <span class='ocrx_word' id='word_1_409' title='bbox 1127 2323 1173 2358; x_wconf 89' lang='lat' dir='ltr'>ec-</span> 
     </span>
     <span class='ocr_line' id='line_1_80' title="bbox 639 2381 1174 2458; baseline -0.015 -25"><span class='ocrx_word' id='word_1_410' title='bbox 639 2383 817 2433; x_wconf 86' lang='lat' dir='ltr'>clesiasticum</span> <span class='ocrx_word' id='word_1_411' title='bbox 827 2381 1025 2446; x_wconf 88' lang='lat' dir='ltr'>concupiscere</span> <span class='ocrx_word' id='word_1_412' title='bbox 1037 2392 1123 2458; x_wconf 80' lang='lat' dir='ltr'>neque</span> <span class='ocrx_word' id='word_1_413' title='bbox 1136 2391 1174 2426; x_wconf 84' lang='lat' dir='ltr'>ra·</span> 
     </span>
     <span class='ocr_line' id='line_1_81' title="bbox 640 2448 1174 2528; baseline -0.017 -24"><span class='ocrx_word' id='word_1_414' title='bbox 640 2453 679 2505; x_wconf 89' lang='lat' dir='ltr'>tio</span> <span class='ocrx_word' id='word_1_415' title='bbox 701 2462 751 2512; x_wconf 87' lang='lat' dir='ltr'>est,</span> <span class='ocrx_word' id='word_1_416' title='bbox 768 2467 857 2517; x_wconf 86' lang='lat' dir='ltr'>neque</span> <span class='ocrx_word' id='word_1_417' title='bbox 881 2467 974 2514; x_wconf 79' lang='lat' dir='ltr'>causa3</span> <span class='ocrx_word' id='word_1_418' title='bbox 997 2448 1061 2514; x_wconf 89' lang='lat' dir='ltr'>quia</span> <span class='ocrx_word' id='word_1_419' title='bbox 1086 2460 1174 2528; x_wconf 87' lang='lat' dir='ltr'>neque</span> 
     </span>
     <span class='ocr_line' id='line_1_82' title="bbox 639 2518 1173 2591; baseline -0.017 -16"><span class='ocrx_word' id='word_1_420' title='bbox 639 2527 741 2591; x_wconf 76' lang='lat' dir='ltr'>iustum</span> <span class='ocrx_word' id='word_1_421' title='bbox 756 2533 805 2583; x_wconf 86' lang='lat' dir='ltr'>est,</span> <span class='ocrx_word' id='word_1_422' title='bbox 821 2537 909 2588; x_wconf 90' lang='lat' dir='ltr'>neque</span> <span class='ocrx_word' id='word_1_423' title='bbox 922 2522 997 2571; x_wconf 81' lang='lat' dir='ltr'>utile.</span> <span class='ocrx_word' id='word_1_424' title='bbox 1015 2519 1085 2579; x_wconf 85' lang='lat' dir='ltr'>Quis</span> <span class='ocrx_word' id='word_1_425' title='bbox 1098 2518 1173 2568; x_wconf 89' lang='lat' dir='ltr'>enim</span> 
     </span>
     <span class='ocr_line' id='line_1_83' title="bbox 640 2590 1173 2663; baseline -0.019 -13"><span class='ocrx_word' id='word_1_426' title='bbox 640 2598 745 2663; x_wconf 81' lang='lat' dir='ltr'>sapiens</span> <span class='ocrx_word' id='word_1_427' title='bbox 767 2597 840 2648; x_wconf 90' lang='lat' dir='ltr'>ultro</span> <span class='ocrx_word' id='word_1_428' title='bbox 864 2612 892 2646; x_wconf 86' lang='lat' dir='ltr'>se</span> <span class='ocrx_word' id='word_1_429' title='bbox 913 2595 1045 2660; x_wconf 83' lang='lat' dir='ltr'>subjicere</span> <span class='ocrx_word' id='word_1_430' title='bbox 1065 2590 1173 2642; x_wconf 67' lang='lat' dir='ltr'>manat</span> 
     </span>
     <span class='ocr_line' id='line_1_84' title="bbox 639 2664 1171 2732; baseline -0.017 -9"><span class='ocrx_word' id='word_1_431' title='bbox 639 2672 772 2732; x_wconf 85' lang='lat' dir='ltr'>servituti,</span> <span class='ocrx_word' id='word_1_432' title='bbox 795 2671 893 2730; x_wconf 88' lang='lat' dir='ltr'>dolori,</span> <span class='ocrx_word' id='word_1_433' title='bbox 918 2669 1012 2728; x_wconf 87' lang='lat' dir='ltr'>labori,</span> <span class='ocrx_word' id='word_1_434' title='bbox 1039 2677 1075 2725; x_wconf 87' lang='lat' dir='ltr'>et,</span> <span class='ocrx_word' id='word_1_435' title='bbox 1098 2664 1171 2732; x_wconf 89' lang='lat' dir='ltr'>quod</span> 
     </span>
     <span class='ocr_line' id='line_1_85' title="bbox 640 2739 1171 2824; baseline -0.016 -30"><span class='ocrx_word' id='word_1_436' title='bbox 640 2745 727 2824; x_wconf 77' lang='lat' dir='ltr'>maius</span> <span class='ocrx_word' id='word_1_437' title='bbox 743 2753 793 2805; x_wconf 86' lang='lat' dir='ltr'>est,</span> <span class='ocrx_word' id='word_1_438' title='bbox 807 2742 854 2792; x_wconf 87' lang='lat' dir='ltr'>tali</span> <span class='ocrx_word' id='word_1_439' title='bbox 878 2741 996 2821; x_wconf 80' lang='lat' dir='ltr'>periculo</span> <span class='ocrx_word' id='word_1_440' title='bbox 1009 2748 1041 2789; x_wconf 92' lang='lat' dir='ltr'>ut</span> <span class='ocrx_word' id='word_1_441' title='bbox 1060 2739 1105 2788; x_wconf 90' lang='lat' dir='ltr'>det</span> <span class='ocrx_word' id='word_1_442' title='bbox 1126 2751 1171 2786; x_wconf 86' lang='lat' dir='ltr'>ra-</span> 
     </span>
     <span class='ocr_line' id='line_1_86' title="bbox 640 2807 1172 2878; baseline -0.014 -15"><span class='ocrx_word' id='word_1_443' title='bbox 640 2813 743 2863; x_wconf 88' lang='lat' dir='ltr'>tionem</span> <span class='ocrx_word' id='word_1_444' title='bbox 758 2828 807 2878; x_wconf 89' lang='lat' dir='ltr'>pro</span> <span class='ocrx_word' id='word_1_445' title='bbox 820 2827 896 2861; x_wconf 79' lang='lat' dir='ltr'>omni</span> <span class='ocrx_word' id='word_1_446' title='bbox 889 2809 1026 2860; x_wconf 85' lang='lat' dir='ltr'>Ecclesia</span> <span class='ocrx_word' id='word_1_447' title='bbox 1039 2807 1110 2874; x_wconf 90' lang='lat' dir='ltr'>apud</span> <span class='ocrx_word' id='word_1_448' title='bbox 1122 2807 1172 2856; x_wconf 84' lang='lat' dir='ltr'>Ju-</span> 
     </span>
     <span class='ocr_line' id='line_1_87' title="bbox 640 2877 1173 2948; baseline -0.009 -15"><span class='ocrx_word' id='word_1_449' title='bbox 640 2885 727 2934; x_wconf 84' lang='lat' dir='ltr'>dicem</span> <span class='ocrx_word' id='word_1_450' title='bbox 748 2884 864 2948; x_wconf 76' lang='lat' dir='ltr'>iustum,</span> <span class='ocrx_word' id='word_1_451' title='bbox 889 2881 943 2931; x_wconf 89' lang='lat' dir='ltr'>nisi</span> <span class='ocrx_word' id='word_1_452' title='bbox 967 2881 1036 2931; x_wconf 84' lang='lat' dir='ltr'>forte</span> <span class='ocrx_word' id='word_1_453' title='bbox 1056 2877 1103 2946; x_wconf 88' lang='lat' dir='ltr'>qui</span> <span class='ocrx_word' id='word_1_454' title='bbox 1124 2892 1173 2928; x_wconf 89' lang='lat' dir='ltr'>nec</span> 
     </span>
     <span class='ocr_line' id='line_1_88' title="bbox 640 2953 1174 3020; baseline -0.013 -14"><span class='ocrx_word' id='word_1_455' title='bbox 640 2955 723 3006; x_wconf 87' lang='lat' dir='ltr'>credit</span> <span class='ocrx_word' id='word_1_456' title='bbox 742 2955 873 3020; x_wconf 78' lang='lat' dir='ltr'>judicium</span> <span class='ocrx_word' id='word_1_457' title='bbox 894 2954 953 3014; x_wconf 87' lang='lat' dir='ltr'>Dei,</span> <span class='ocrx_word' id='word_1_458' title='bbox 974 2969 1022 3004; x_wconf 87' lang='lat' dir='ltr'>nec</span> <span class='ocrx_word' id='word_1_459' title='bbox 1039 2953 1126 3010; x_wconf 89' lang='lat' dir='ltr'>timet,</span> <span class='ocrx_word' id='word_1_460' title='bbox 1140 2959 1174 3000; x_wconf 91' lang='lat' dir='ltr'>ut</span> 
     </span>
     <span class='ocr_line' id='line_1_89' title="bbox 640 3021 1174 3090; baseline -0.009 -15"><span class='ocrx_word' id='word_1_461' title='bbox 640 3026 754 3076; x_wconf 85' lang='lat' dir='ltr'>abutens</span> <span class='ocrx_word' id='word_1_462' title='bbox 778 3025 895 3090; x_wconf 88' lang='lat' dir='ltr'>primatu</span> <span class='ocrx_word' id='word_1_463' title='bbox 921 3041 971 3075; x_wconf 91' lang='lat' dir='ltr'>suo</span> <span class='ocrx_word' id='word_1_464' title='bbox 993 3021 1174 3073; x_wconf 85' lang='lat' dir='ltr'>ecclesiastico</span> 
     </span>
     <span class='ocr_line' id='line_1_90' title="bbox 641 3096 1172 3159; baseline -0.011 -10"><span class='ocrx_word' id='word_1_465' title='bbox 641 3099 803 3159; x_wconf 81' lang='lat' dir='ltr'>seculariter,</span> <span class='ocrx_word' id='word_1_466' title='bbox 817 3107 953 3148; x_wconf 88' lang='lat' dir='ltr'>convertat</span> <span class='ocrx_word' id='word_1_467' title='bbox 968 3096 1074 3147; x_wconf 88' lang='lat' dir='ltr'>eumin</span> <span class='ocrx_word' id='word_1_468' title='bbox 1094 3108 1172 3145; x_wconf 88' lang='lat' dir='ltr'>secu-</span> 
     </span>
     <span class='ocr_line' id='line_1_91' title="bbox 640 3170 1086 3236; baseline -0.013 -14"><span class='ocrx_word' id='word_1_469' title='bbox 640 3172 740 3222; x_wconf 77' lang='lat' dir='ltr'>larem?</span> <span class='ocrx_word' id='word_1_470' title='bbox 757 3190 770 3216; x_wconf 81' lang='grc' dir='ltr'>ι</span> <span class='ocrx_word' id='word_1_471' title='bbox 789 3171 847 3220; x_wconf 81' lang='lat' dir='ltr'>lraec</span> <span class='ocrx_word' id='word_1_472' title='bbox 863 3170 1086 3236; x_wconf 74' lang='lat' dir='ltr'>Chrysosmmur.</span> 
     </span>
    </p>

    <p class='ocr_par' dir='ltr' id='par_1_16' title="bbox 640 3243 1179 3592">
     <span class='ocr_line' id='line_1_92' title="bbox 676 3243 1172 3301; baseline -0.018 -9"><span class='ocrx_word' id='word_1_473' title='bbox 676 3258 706 3292; x_wconf 77' lang='grc' dir='ltr'>ιι</span> <span class='ocrx_word' id='word_1_474' title='bbox 716 3243 860 3301; x_wconf 83' lang='lat' dir='ltr'>Cnarsrus,</span> <span class='ocrx_word' id='word_1_475' title='bbox 873 3257 900 3291; x_wconf 87' lang='lat' dir='ltr'>m</span> <span class='ocrx_word' id='word_1_476' title='bbox 912 3257 962 3290; x_wconf 85' lang='lat' dir='ltr'>noc</span> <span class='ocrx_word' id='word_1_477' title='bbox 976 3258 994 3289; x_wconf 79' lang='grc' dir='ltr'>ι</span> <span class='ocrx_word' id='word_1_478' title='bbox 1010 3249 1172 3288; x_wconf 76' lang='lat' dir='ltr'>sarunrsrnus</span> 
     </span>
     <span class='ocr_line' id='line_1_93' title="bbox 640 3321 1173 3371; baseline -0.017 -7"><span class='ocrx_word' id='word_1_479' title='bbox 640 3328 819 3364; x_wconf 69' lang='lat' dir='ltr'>aceruatarum</span> <span class='ocrx_word' id='word_1_480' title='bbox 841 3327 993 3371; x_wconf 71' lang='lat' dir='ltr'>turrianus,</span> <span class='ocrx_word' id='word_1_481' title='bbox 1016 3325 1070 3359; x_wconf 80' lang='lat' dir='ltr'>uon</span> <span class='ocrx_word' id='word_1_482' title='bbox 1090 3321 1173 3357; x_wconf 81' lang='grc' dir='ltr'><strong>ιιιιιι·</strong></span> 
     </span>
     <span class='ocr_line' id='line_1_94' title="bbox 641 3379 1174 3445; baseline -0.013 -10"><span class='ocrx_word' id='word_1_483' title='bbox 641 3401 802 3445; x_wconf 75' lang='lat' dir='ltr'>armsraanr,</span> <span class='ocrx_word' id='word_1_484' title='bbox 825 3401 871 3434; x_wconf 80' lang='lat' dir='ltr'>sno</span> <span class='ocrx_word' id='word_1_485' title='bbox 895 3397 1116 3434; x_wconf 50' lang='lat' dir='ltr'>urursrnaann-</span> <span class='ocrx_word' id='word_1_486' title='bbox 1084 3379 1174 3428; x_wconf 91' lang='lat' dir='ltr'>-Et</span> 
     </span>
     <span class='ocr_line' id='line_1_95' title="bbox 641 3453 1176 3522; baseline -0.015 -16"><span class='ocrx_word' id='word_1_487' title='bbox 641 3456 705 3522; x_wconf 88' lang='lat' dir='ltr'>quia</span> <span class='ocrx_word' id='word_1_488' title='bbox 728 3456 758 3507; x_wconf 92' lang='lat' dir='ltr'>in</span> <span class='ocrx_word' id='word_1_489' title='bbox 784 3455 933 3506; x_wconf 87' lang='lat' dir='ltr'>moralibus</span> <span class='ocrx_word' id='word_1_490' title='bbox 955 3453 1043 3518; x_wconf 87' lang='lat' dir='ltr'>magis</span> <span class='ocrx_word' id='word_1_491' title='bbox 1066 3458 1176 3501; x_wconf 89' lang='lat' dir='ltr'>movent</span> 
     </span>
     <span class='ocr_line' id='line_1_96' title="bbox 642 3519 1179 3602; baseline -0.015 -26"><span class='ocrx_word' id='word_1_492' title='bbox 642 3526 710 3576; x_wconf 81' lang='lat' dir='ltr'>facta</span> <span class='ocrx_word' id='word_1_493' title='bbox 731 3542 813 3592; x_wconf 88' lang='lat' dir='ltr'>quam</span> <span class='ocrx_word' id='word_1_494' title='bbox 829 3526 918 3584; x_wconf 87' lang='lat' dir='ltr'>verba,</span> <span class='ocrx_word' id='word_1_495' title='bbox 942 3523 1003 3574; x_wconf 92' lang='lat' dir='ltr'>ideo</span> <span class='ocrx_word' id='word_1_496' title='bbox 1025 3521 1072 3588; x_wconf 91' lang='lat' dir='ltr'>qui</span> <span class='ocrx_word' id='word_1_497' title='bbox 1097 3519 1179 3602; x_wconf 72' lang='lat' dir='ltr'>coepr‘t</span> 
     </span>
    </p>
   </div>
   <div class='ocr_carea' id='block_1_5' title="bbox 56 3592 1176 3674">
    <p class='ocr_par' dir='ltr' id='par_1_17' title="bbox 56 3592 1176 3674">
     <span class='ocr_line' id='line_1_97' title="bbox 56 3592 1176 3674; baseline 0.001 -34"><span class='ocrx_word' id='word_1_498' title='bbox 56 3595 200 3674; x_wconf 79' lang='lat' dir='ltr'>pterquod</span> <span class='ocrx_word' id='word_1_499' title='bbox 212 3609 245 3643; x_wconf 82' lang='lat' dir='ltr'>ex</span> <span class='ocrx_word' id='word_1_500' title='bbox 258 3607 375 3660; x_wconf 79' lang='lat' dir='ltr'>primatu</span> <span class='ocrx_word' id='word_1_501' title='bbox 385 3596 497 3648; x_wconf 79' lang='lat' dir='ltr'>honoris</span> <span class='ocrx_word' id='word_1_502' title='bbox 505 3613 588 3648; x_wconf 84' lang='lat' dir='ltr'>neser</span> <span class='ocrx_word' id='word_1_503' title='bbox 635 3597 733 3662; x_wconf 83' lang='lat' dir='ltr'>facere</span> <span class='ocrx_word' id='word_1_504' title='bbox 751 3603 779 3647; x_wconf 85' lang='lat' dir='ltr'>et</span> <span class='ocrx_word' id='word_1_505' title='bbox 797 3597 901 3657; x_wconf 84' lang='lat' dir='ltr'>docere,</span> <span class='ocrx_word' id='word_1_506' title='bbox 921 3609 953 3645; x_wconf 82' lang='lat' dir='ltr'>ex</span> <span class='ocrx_word' id='word_1_507' title='bbox 974 3593 1018 3643; x_wconf 91' lang='lat' dir='ltr'>his</span> <span class='ocrx_word' id='word_1_508' title='bbox 1040 3607 1099 3658; x_wconf 85' lang='lat' dir='ltr'>quae</span> <span class='ocrx_word' id='word_1_509' title='bbox 1122 3592 1176 3657; x_wconf 84' lang='lat' dir='ltr'>egit</span> 
     </span>
    </p>
   </div>
   <div class='ocr_carea' id='block_1_6' title="bbox 55 3663 588 3804">
    <p class='ocr_par' dir='ltr' id='par_1_18' title="bbox 55 3663 588 3804">
     <span class='ocr_line' id='line_1_98' title="bbox 55 3663 588 3731; baseline 0.012 -19"><span class='ocrx_word' id='word_1_510' title='bbox 55 3677 116 3712; x_wconf 87' lang='lat' dir='ltr'>mus</span> <span class='ocrx_word' id='word_1_511' title='bbox 140 3663 164 3713; x_wconf 90' lang='lat' dir='ltr'>si</span> <span class='ocrx_word' id='word_1_512' title='bbox 191 3666 343 3715; x_wconf 84' lang='lat' dir='ltr'>mercedem</span> <span class='ocrx_word' id='word_1_513' title='bbox 368 3666 477 3731; x_wconf 77' lang='lat' dir='ltr'>justitiae</span> <span class='ocrx_word' id='word_1_514' title='bbox 498 3684 588 3718; x_wconf 84' lang='lat' dir='ltr'>mere-</span> 
     </span>
     <span class='ocr_line' id='line_1_99' title="bbox 55 3734 587 3804; baseline 0.009 -19"><span class='ocrx_word' id='word_1_515' title='bbox 55 3749 127 3786; x_wconf 89' lang='lat' dir='ltr'>mur.</span> <span class='ocrx_word' id='word_1_516' title='bbox 129 3734 230 3803; x_wconf 85' lang='lat' dir='ltr'>&#39;eNequ</span> <span class='ocrx_word' id='word_1_517' title='bbox 240 3737 470 3804; x_wconf 74' lang='lat' dir='ltr'>enimApostolus</span> <span class='ocrx_word' id='word_1_518' title='bbox 480 3741 587 3791; x_wconf 80' lang='lat' dir='ltr'>lauden</span> 
     </span>
    </p>
   </div>
   <div class='ocr_carea' id='block_1_7' title="bbox 640 3664 1174 3734">
    <p class='ocr_par' dir='ltr' id='par_1_19' title="bbox 640 3664 1174 3734">
     <span class='ocr_line' id='line_1_100' title="bbox 640 3664 1174 3734; baseline -0.01 -16"><span class='ocrx_word' id='word_1_519' title='bbox 640 3669 807 3720; x_wconf 88' lang='lat' dir='ltr'>demonstrat</span> <span class='ocrx_word' id='word_1_520' title='bbox 825 3668 897 3734; x_wconf 93' lang='lat' dir='ltr'>quod</span> <span class='ocrx_word' id='word_1_521' title='bbox 913 3665 1013 3724; x_wconf 91' lang='lat' dir='ltr'>docuit,</span> <span class='ocrx_word' id='word_1_522' title='bbox 1035 3675 1066 3715; x_wconf 92' lang='lat' dir='ltr'>ut</span> <span class='ocrx_word' id='word_1_523' title='bbox 1085 3664 1109 3714; x_wconf 85' lang='lat' dir='ltr'>si</span> <span class='ocrx_word' id='word_1_524' title='bbox 1131 3665 1174 3714; x_wconf 92' lang='lat' dir='ltr'>di-</span> 
     </span>
    </p>
   </div>
   <div class='ocr_carea' id='block_1_8' title="bbox 642 3737 1251 3806">
    <p class='ocr_par' dir='ltr' id='par_1_20' title="bbox 642 3737 1251 3806">
     <span class='ocr_line' id='line_1_101' title="bbox 642 3737 1251 3806; baseline -0.01 -15"><span class='ocrx_word' id='word_1_525' title='bbox 642 3750 682 3791; x_wconf 86' lang='lat' dir='ltr'>cta</span> <span class='ocrx_word' id='word_1_526' title='bbox 695 3740 925 3806; x_wconf 86' lang='lat' dir='ltr'>parvipenderent,</span> <span class='ocrx_word' id='word_1_527' title='bbox 939 3737 1128 3789; x_wconf 87' lang='lat' dir='ltr'>erubescerent</span> <span class='ocrx_word' id='word_1_528' title='bbox 1139 3737 1175 3787; x_wconf 87' lang='lat' dir='ltr'>ad</span> <span class='ocrx_word' id='word_1_529' title='bbox 1248 3742 1251 3747; x_wconf 89' lang='lat'>&#39;</span> 
     </span>
    </p>
   </div>
   <div class='ocr_carea' id='block_1_9' title="bbox 0 0 1320 4320">
    <p class='ocr_par' dir='ltr' id='par_1_21' title="bbox 0 0 1320 4320">
     <span class='ocr_line' id='line_1_102' title="bbox 0 0 1320 4320; baseline 0 0"><span class='ocrx_word' id='word_1_530' title='bbox 0 0 1320 4320; x_wconf 95' lang='lat' dir='ltr'> </span> 
     </span>
    </p>
   </div>
  </div>
 </body>
</html>
