2632 4320
200 280 247 332 DE
260 278 456 331 EFFUSIONE
475 277 661 330 UNGUENTI
677 277 791 328 SUPER
807 276 924 327 CAPUT
940 277 1029 328 JESU.
1127 290 1176 343 197

63 406 104 447 tas
120 395 268 446 hominum
281 395 370 458 habet,
385 408 454 444 nova
463 392 554 444 videre
567 402 594 444 et

58 465 154 517 audire
167 464 319 531 cupiebant.
340 464 391 514 Sed
407 464 452 514 illa
476 462 593 513 curiosi·
613 509 616 519 ,

60 546 100 586 tas
113 537 184 587 mala
196 553 249 586 non
268 546 332 596 erat,
344 551 375 586 ex
389 551 443 602 qua
460 535 492 585 ad
512 533 593 584 fidem

60 606 153 658 induci
175 616 308 673 poterant.
335 606 391 656 Nos
416 621 431 656 e
453 613 554 664 contra,
569 605 593 655 si

57 677 249 744 cognoscimus
265 677 357 727 Jesum
368 675 521 726 obedientis
538 674 594 726 ani·

60 766 112 802 mae
138 751 251 800 domum
274 750 376 815 inqua
397 749 529 799 inhabitet
555 747 594 797 in-

58 821 181 881 venisse,
207 818 347 871 veniamus
374 820 438 870 illuc
470 827 593 869 contem-

59 893 192 961 platione3
226 909 280 944 non
315 904 424 959 propter
451 891 591 943 hominem

60 976 176 1027 tantum,
186 980 269 1032 quem
283 965 312 1015 in
327 965 418 1016 anima
432 965 591 1015 suscitatum

59 1036 193 1097 videmus,
205 1036 252 1086 sed
264 1045 294 1086 ut
312 1036 394 1086 vitam
410 1035 509 1086 bonam
525 1035 592 1086 irni-

59 1119 157 1168 temur‚
174 1118 201 1159 et
215 1124 263 1174 per
276 1109 328 1158 hoc
347 1109 381 1158 ad
393 1107 526 1159 visionem
545 1109 591 1159 Je-

60 1196 92 1232 su
107 1181 307 1247 perveniamus.

92 1251 122 1302 13
141 1253 340 1301 Pnnmsmonuu
358 1266 461 1302 sruurn
480 1265 592 1302 coerra-

57 1339 101 1374 rto
126 1337 161 1372 nu
190 1337 391 1371 tnrrnrtcmnuo
416 1321 533 1372 annno.
561 1350 592 1360 -

59 1393 258 1459 cogitaverunt
277 1397 365 1442 autem
383 1392 521 1459 principes
544 1407 593 1442 sa-

59 1466 213 1526 cerdotum,
234 1464 355 1514 dolentes
377 1465 411 1515 de
435 1463 592 1526 manifesta,-

59 1539 133 1590 tione
148 1537 242 1605 gloriae
254 1537 366 1596 Christi,
378 1545 407 1589 ut
420 1544 446 1588 et
455 1540 592 1606 Lazarum

59 1610 254 1678 interficerent,
271 1610 304 1660 ad
326 1611 515 1660 occultandum
536 1611 592 1661 mi-

59 1685 198 1744 raculum,
224 1683 288 1749 quia
316 1682 393 1733 multi
422 1696 460 1733 ex
485 1683 592 1734 Judaeis

54 1761 168 1822 propter
182 1755 258 1806 illum
274 1753 384 1804 abibant
401 1759 429 1805 et
451 1754 593 1805 credebant

57 1823 86 1875 in
107 1823 209 1890 Jesum,
226 1824 342 1875 convicti
367 1823 447 1891 signo
462 1824 591 1885 maximo,

58 1903 84 1945 et
103 1894 207 1946 inducti
230 1895 263 1945 ad
285 1895 458 1946 credendum.
487 1895 591 1961 inquo

647 391 808 443 videbantur
821 389 963 442 manifeste
977 391 1033 441 Deo
1049 389 1156 441 obviare
1168 407 1176 440 :

648 466 706 532 ipse
722 464 797 516 enim
825 464 1001 516 vivificaverat
1028 465 1177 527 Lazarum;

648 548 674 588 et
699 535 743 586 isti
769 534 894 585 volebant
914 535 1033 585 occidere
1053 550 1125 594 eum,
1145 549 1178 585 ex

647 623 702 675 quo
732 614 758 656 et
785 605 903 655 maxima
927 616 999 672 patet
1026 604 1179 671 malignitas

647 695 750 731 eorum.
765 678 845 728 Stulti
857 686 883 728 et
897 677 1008 743 maligni
1020 678 1104 729 Judaei
1115 693 1177 728 eum

647 750 769 802 occidere
781 748 915 809 volebant,
927 764 1009 814 quem
1026 764 1111 814 nuper
1125 749 1177 799 Do

647 823 739 873 minus
763 822 954 880 suscitaverat,
982 834 1012 869 ac
1037 820 1060 869 si
1079 819 1177 870 iterum

647 909 709 943 eum
732 892 889 944 resuscitare
904 907 957 941 non
972 900 1062 956 posset
1099 890 1177 940 Unde

645 967 683 1017 ait
696 966 866 1033 Augustinus
882 983 891 1016 .·
909 983 923 1012 e
943 964 967 1015 O
980 964 1061 1014 stulta
1072 963 1177 1028 eogita-

645 1037 693 1102 tio,
706 1045 732 1088 et
742 1052 809 1088 caeca
824 1035 943 1088 saevitia!
956 1035 1088 1086 Dominus
1101 1034 1178 1085 Chri·

645 1118 712 1172 stus,
725 1107 772 1174 qui
783 1108 912 1158 suscitare
929 1106 1016 1172 potuit
1028 1113 1176 1165 mortuum,

646 1196 701 1230 non
717 1191 807 1246 posset
820 1179 949 1231 suscitare
961 1178 1097 1230 occisum?
1110 1179 1177 1229 Ecce

645 1262 792 1318 utrumque
814 1250 877 1302 fecit
899 1251 1043 1311 Dominus,
1071 1257 1097 1299 et
1121 1248 1178 1299 La-

645 1341 736 1376 zarum
747 1335 895 1387 mortuum,
911 1334 937 1376 et
950 1324 1071 1391 seipsum
1091 1321 1177 1373 susci-

645 1398 712 1449 tavit
734 1399 861 1450 occisum.
881 1397 969 1449 »Ubi
989 1407 1014 1449 et
1037 1396 1178 1463 Chrysus·

647 1475 751 1520 lomus:
765 1487 778 1515 u
791 1468 905 1519 Nullum
916 1477 1005 1517 autem
1016 1465 1178 1516 miraculum

645 1540 746 1592 Christi
764 1557 818 1591 eos·
841 1540 878 1591 ita
905 1538 994 1590 furere
1021 1537 1099 1601 secit;
1126 1536 1177 1587 hoc

645 1613 719 1664 enim
744 1612 896 1662 mirabilius
927 1620 997 1672 erat,
1026 1621 1052 1661 et
1088 1625 1178 1660 coram

646 1685 739 1735 multis
759 1683 859 1735 factum
875 1693 924 1746 est,
938 1693 964 1734 et
978 1693 1033 1733 erat
1048 1682 1178 1747 inopina·

646 1755 699 1806 bile
709 1764 847 1805 mortuum
861 1752 1070 1819 quatriduanum
1087 1752 1178 1803 videre

645 1825 829 1876 ambulantem
849 1834 875 1874 et
888 1824 1053 1889 loquentem.
1068 1842 1082 1869 n

484 2184 489 2193 .
546 2116 683 2167 oanrio

88 2285 207 2337 Domine
228 2287 292 2337 lesu
309 2286 425 2353 Christe,
439 2286 486 2353 qui
504 2303 553 2353 pro
565 2287 641 2337 omni
658 2289 761 2339 mundo
779 2303 908 2355 passurus
921 2288 1014 2339 venire
1035 2299 1061 2339 et
1078 2286 1177 2338 morari

61 2355 87 2406 in
102 2357 243 2418 Bethania,
258 2357 336 2409 idest
348 2358 377 2410 in
391 2359 473 2409 domo
492 2357 663 2418 obedientiae,
678 2368 705 2409 et
720 2358 823 2410 ibidem
836 2375 942 2411 coenare
953 2359 1078 2419 voluisti,
1091 2374 1121 2409 ac
1133 2374 1178 2409 ca-

62 2437 106 2492 put
116 2439 143 2480 et
157 2429 239 2495 pedes
251 2429 301 2480 tibi
318 2431 382 2496 ungi
406 2430 564 2496 permisisti,
586 2430 620 2480 da
634 2429 703 2480 mihi
718 2439 749 2481 ut
767 2431 796 2481 in
811 2446 871 2483 vera
888 2431 1040 2482 obedientia
1061 2445 1179 2496 perseve-

62 2499 152 2560 rando,
163 2516 212 2565 per
226 2502 295 2552 hanc
307 2502 356 2552 tibi
369 2502 542 2553 refectionem
553 2500 638 2551 facere
658 2517 760 2552 merear
778 2501 957 2567 spiritualem,
968 2501 1033 2567 quia
1043 2509 1072 2550 tu
1082 2500 1110 2550 in
1126 2517 1178 2550 no-

61 2577 112 2619 stra
123 2570 275 2632 delectaris,
291 2582 317 2622 et
331 2573 533 2638 quodammodo
548 2571 661 2638 pasceris
676 2572 838 2623 obedientia.
862 2572 914 2622 Fac
925 2572 1006 2622 etiam
1020 2586 1064 2621 me
1077 2569 1178 2620 ibidem

62 2651 136 2719 caput
150 2651 229 2693 tuum
242 2653 268 2693 et
283 2644 364 2709 pedes
378 2658 497 2708 ungere:
512 2652 591 2707 caput
605 2642 724 2708 quidem,
745 2641 845 2692 divinae
867 2642 975 2693 virtutis
1002 2651 1056 2692 tuae
1079 2649 1178 2706 poten-

10 2722 13 2729 ·
63 2717 123 2762 uam
136 2711 220 2779 digna
235 2713 381 2766 reverentia
399 2725 425 2766 et
437 2714 515 2765 laude
534 2712 700 2776 confitend03
713 2712 794 2778 pedes
808 2728 879 2775 vero,
895 2725 1042 2779 assumptae
1057 2712 1180 2767 humani·

64 2783 121 2835 tatis
137 2785 267 2852 mysteria
281 2786 406 2838 similiter
421 2787 502 2852 digne
521 2785 707 2852 suscipiend03
730 2787 772 2837 vel
785 2796 873 2853 caput,
900 2796 926 2837 te
944 2786 1084 2837 Christum
1097 2800 1179 2836 vene-

63 2856 152 2918 rando,
168 2867 196 2908 et
216 2859 305 2924 pedes,
322 2859 377 2910 tuis
397 2858 522 2913 fidelibus
536 2858 720 2924 obsequendo,
749 2867 780 2910 ut
802 2867 877 2909 tuam
898 2858 1009 2924 gratiam
1031 2872 1180 2924 consequar

63 2922 97 2975 tic
107 2927 222 2994 agendo.
237 2931 334 2980 Amen.

539 3388 728 3515 w
