2632 4320
188 276 236 327 DE
251 275 511 328 DIFFlCULTATE
524 276 699 328 INTRANDI
715 276 866 329 DIVITEM
881 277 916 328 IN
929 276 1070 327 COELUM.
1141 292 1191 343 107

68 391 102 443 Et
127 389 157 441 in
187 390 262 441 hunc
285 390 438 458 paradisum
466 407 535 457 saepe
558 391 602 442 in-

67 460 192 527 gredere,
235 462 309 527 quod
343 461 470 528 consequi
503 461 603 527 poteris

66 549 99 585 ex
132 533 224 584 studio
256 534 384 584 orationis
409 544 434 585 et
459 534 602 584 humilita-

66 614 100 655 te.
115 604 190 665 Quid
210 605 293 670 igitur
319 615 359 655 est
379 605 502 665 insanias,
529 607 602 672 quod

64 675 192 725 homines
208 676 307 741 simpla
320 692 369 741 pro
383 675 515 741 centuplis
528 686 555 726 et
566 676 603 726 vi·

64 755 90 795 ta
112 755 215 796 aeterna
251 756 408 796 cunctantur
434 746 600 813 relinquere?

64 814 135 868 Cum
163 817 258 885 itaque
281 819 372 869 Sancti
392 827 495 869 terrena
511 819 602 871 omnia

63 897 93 939 ut
120 904 219 940 aurum
240 901 266 940 et
283 899 424 956 argentum
446 890 600 955 abjecerint,

62 975 110 1010 cur
130 976 229 1011 eorum
255 961 384 1028 reliquias
402 962 502 1028 populo
522 977 601 1013 causa

62 1040 183 1096 quaestus
203 1032 382 1092 ostendendo,
409 1033 530 1099 cogimus
554 1049 601 1085 eos

60 1100 106 1152 illa
120 1103 276 1154 mendicare
293 1119 354 1170 quae
369 1103 413 1154 hic
426 1105 601 1170 spreverunt?

63 1172 146 1232 Unde,
170 1173 220 1223 ubi
243 1189 293 1223 nos
310 1174 443 1225 habemus
462 1176 598 1236 Sanctum,

60 1241 87 1291 in
111 1243 209 1295 Graeco
243 1244 372 1295 habemus
393 1236 503 1321 Ἄγιος,
524 1247 598 1312 quod

61 1323 138 1364 sonat
158 1314 221 1365 sine
237 1325 314 1377 terra,
344 1316 407 1382 quia
426 1318 515 1369 Sancti
543 1334 598 1368 non

58 1386 172 1450 terrenis
189 1387 274 1437 dediti
300 1399 379 1449 sunt,
400 1405 449 1440 nec
474 1391 596 1451 interra,

58 1456 103 1505 sed
121 1456 152 1507 in
187 1458 264 1509 coelis
290 1461 522 1511 conversationem
545 1461 597 1511 ha-

59 1523 128 1576 beut.
143 1526 182 1576 Et
195 1527 256 1578 ideo
266 1528 298 1578 ad
314 1531 393 1595 pedes
403 1532 596 1596 Apostolorum

59 1609 153 1647 aurum
181 1607 209 1648 et
237 1609 378 1664 argentum
402 1601 595 1666 ponebaturex

58 1677 188 1734 precepto
212 1683 332 1732 eorum,
350 1681 381 1721 ut
402 1671 443 1721 sic
466 1671 595 1723 docerent

59 1748 112 1788 erse
136 1741 346 1791 contemnenda.
369 1740 510 1792 lmitemur
530 1757 594 1808 ergo

58 1806 202 1886 discipulos
222 1810 344 1874 Domini,
358 1813 536 1878 relinquendo
546 1815 593 1864 di-

10 1886 12 1899 '
58 1878 130 1933 vitias
156 1896 190 1933 ac
213 1883 337 1948 gloriam,
361 1894 389 1936 et
407 1885 503 1936 omnia
529 1899 593 1951 quse

657 400 720 442 sunt
733 391 839 454 mundi,
855 392 918 459 quia
938 393 977 443 sic
995 392 1046 458 ipsi
1058 392 1191 458 praecipue

656 462 741 512 effecti
768 472 832 512 sunt
872 463 971 529 magni.
996 463 1072 513 Unde
1096 463 1190 531 Chry-

656 540 810 584 sostomus:
826 553 838 578 a
851 533 923 594 Quid
934 543 975 584 est
988 533 1061 599 quod
1077 549 1190 599 magnos

656 604 800 668 Apostolos
833 603 971 654 ostendit?
1012 604 1190 655 Pecuniarum

656 685 835 742 contemptus,
864 675 956 742 gloriae
980 677 1124 742 despectio,
1155 677 1189 728 ab

656 749 840 815 omnibusque
847 749 908 799 vitae
919 749 1000 813 hujus
1009 750 1125 814 negotiis
1135 765 1188 801 ere·

657 819 723 884 ptio‚
738 819 810 880 Quia
825 818 847 868 si
864 834 919 868 non
938 818 996 868 haec
1013 820 1186 880 habuissent,

656 890 702 940 sed
731 890 800 941 servi
824 890 982 956 passionum
1006 901 1109 951 essent,
1138 891 1187 942 etsi

654 961 746 1010 decem
764 960 839 1011 mille
861 971 983 1010 mortuos
998 960 1187 1025 suscitassent,

654 1047 710 1081 non
725 1031 816 1083 solum
840 1031 908 1081 nulli
933 1030 1116 1096 profecissent,
1139 1034 1187 1082 sed

654 1113 679 1152 et
699 1102 853 1153 seductores
873 1102 967 1169 utique
995 1102 1119 1151 aestirnati
1143 1117 1188 1152 es-

653 1182 721 1222 sent.
745 1173 782 1222 lta
800 1171 854 1222 vita
875 1183 914 1222 est
931 1187 991 1237 quae
1016 1171 1117 1237 ubique
1131 1172 1186 1222 ful-

652 1252 705 1307 get,
730 1252 756 1292 et
783 1243 895 1308 spiritus
919 1243 1029 1292 attrahit
1053 1243 1167 1308 gratiam
1175 1258 1183 1306 ;

650 1313 822 1379 signavero,
852 1313 948 1363 sinon
974 1312 1185 1378 vigilaverimus,

651 1387 752 1437 obsunt
775 1386 922 1437 multoties.
944 1387 1008 1436 Haec
1025 1385 1108 1451 igitur
1122 1384 1186 1452 qui-

651 1456 702 1506 bus
733 1457 794 1507 iacti
831 1467 895 1508 sunt
931 1456 1055 1522 Apostoli
1094 1470 1186 1522 magni

649 1531 781 1594 zelemur3
802 1541 828 1581 et
842 1531 876 1582 ab
889 1530 1026 1581 universis
1050 1531 1186 1580 desisten-

649 1611 690 1650 tes
703 1601 764 1651 vitre
779 1601 862 1666 hujus
881 1601 1007 1668 negotiis,
1018 1616 1186 1667 apponamus

649 1672 830 1738 nosmetipsos
852 1673 973 1733 Christo,
988 1681 1019 1721 ut
1041 1673 1186 1737 Apostolo-

649 1758 710 1794 rum
737 1751 876 1793 consortes
897 1741 1076 1794 efficiamur:
1099 1743 1186 1795 »brec

649 1816 870 1884 chrysostomus.

548 2111 686 2163 ORATIO

31 2304 37 2321 ·
84 2276 204 2330 Domine
217 2279 282 2330 Jesu
300 2278 419 2341 Christe,
433 2281 467 2332 da
486 2281 567 2342 mihi,
580 2281 681 2332 misero
699 2291 724 2332 et
741 2280 864 2348 indigno,
887 2280 961 2349 quod
984 2287 1093 2347 propter
1108 2285 1138 2329 te
1153 2287 1182 2328 et

17 2364 20 2371 ·
60 2360 173 2402 amorem
186 2362 279 2416 tuum,
300 2366 330 2403 ac
351 2363 461 2421 propter
475 2370 574 2406 nomen
601 2365 679 2405 tuum
701 2353 914 2422 glorificandum,
932 2352 1049 2417 divitias,
1065 2367 1095 2402 ac
1108 2350 1180 2402 deli-

60 2420 116 2483 cius,
127 2440 161 2475 ac
188 2441 313 2495 pompas,
328 2436 356 2478 et
370 2427 462 2478 omnia
477 2444 538 2495 quae
554 2429 650 2479 mundi
675 2438 748 2487 sunt,
764 2443 812 2478 nec
830 2444 884 2478 non
901 2437 928 2478 et
947 2426 1084 2491 meipsum
1109 2424 1180 2474 inter

59 2493 146 2544 omnia
170 2497 276 2547 valeam
297 2497 463 2565 relinquere,
485 2499 669 2567 omnibusque
692 2499 817 2562 exclusis,
831 2499 883 2549 tibi
907 2497 958 2549 soli
979 2496 1131 2557 adhaerere;
1154 2504 1182 2545 et

10 2562 13 2573 '
58 2578 101 2630 pro
114 2566 232 2618 modulo
250 2585 312 2621 meo
327 2580 353 2621 te
370 2570 446 2635 sequi
462 2573 643 2640 qualicunque
657 2572 809 2623 imitatione
826 2570 946 2631 vivendi,
964 2580 1003 2632 ut,
1024 2578 1051 2618 te
1067 2577 1178 2628 rectore,

58 2637 298 2706 reducelaqueos
317 2650 345 2692 et
361 2641 476 2692 insidias
499 2643 625 2694 omnium
644 2643 819 2693 inimicorum
846 2656 968 2693 meorum
987 2638 1137 2691 visibilium
1154 2645 1182 2688 et

56 2704 234 2759 invisibilium
250 2726 354 2762 merear
372 2712 496 2774 evadere,
518 2728 547 2763 ac
562 2715 682 2780 praemia,
695 2728 758 2780 quae
770 2712 989 2781 relinquentibus
1007 2708 1101 2762 omnia
1113 2717 1140 2760 et
1153 2716 1181 2759 te

56 2778 234 2847 sequentibus
247 2782 409 2849 promisisti,
422 2783 634 2836 misericorditer
650 2784 782 2836 obtinere.
803 2784 898 2837 Amen.

507 3325 703 3452 Q.
