2632 4320
142 262 190 313 DE
208 259 415 312 OBLATIONE
425 258 556 320 VIDUAE,
567 257 614 308 AC
628 254 805 308 PHARISAEI
822 254 868 306 ET
880 252 1012 305 PUBLlC.
1028 254 1138 306 ORAT.
1156 267 1209 320 2²¹9

582 478 717 530 ORATIO

119 649 250 700 Generale
267 648 378 698 terroris
388 646 439 708 tui,
452 645 578 707 Domine,
595 645 704 713 signum
721 642 817 704 fecisti,
832 644 941 710 quando
959 641 1064 708 flagello
1079 641 1112 691 de
1126 640 1204 691 funi-

87 721 156 772 culis
169 722 246 781 facto,
260 736 355 771 omnes
375 721 408 771 de
424 720 525 786 templo
538 718 647 783 ejecisti,
664 717 830 784 praetendens
848 715 877 766 in
892 716 979 767 oculis
995 715 1133 766 flammam
1154 723 1207 764 tuae

86 794 243 858 divinitatis,
261 809 355 860 precor
370 804 396 844 et
412 793 532 855 obsecro,
545 792 671 852 Domine,
686 802 727 856 te;
743 791 776 841 da
793 789 863 840 mihi
877 799 904 840 te
920 788 1069 840 terribilem
1084 801 1206 853 praesen-

85 877 139 918 tem
157 867 300 926 attendere,
313 876 344 917 ut
357 875 449 917 sancto
461 875 487 916 te
504 864 614 914 timeam
629 863 735 914 timore.
753 863 849 928 Magna
864 861 936 912 enim
951 870 1014 911 sunt
1032 859 1131 925 judicia
1151 869 1205 920 tua,

85 937 211 997 Domine,
225 946 251 987 et
266 935 458 996 inscrutabilia,
473 950 534 1002 quae
555 950 618 985 cum
640 932 791 993 considero,
804 931 1016 983 contremiscunt
1037 930 1130 979 omnia
1148 942 1208 979 ossa

85 1024 160 1073 mea;
180 1009 312 1077 quoniam
328 1024 383 1058 non
395 1016 534 1059 securatur
546 1007 630 1056 homo
645 1006 738 1057 vivens
754 1020 835 1071 super
852 1014 959 1064 terram,
977 1003 1023 1053 sed
1036 1002 1063 1052 in
1084 1001 1206 1052 futurum

84 1083 178 1133 omnia
198 1091 368 1133 reservantur
384 1079 493 1140 incerta,
508 1087 539 1129 ut
558 1092 663 1143 semper
680 1075 829 1128 serviamus
849 1075 899 1127 tibi
923 1074 966 1141 pie
987 1084 1014 1124 et
1034 1083 1104 1124 caste
1123 1074 1152 1123 in
1171 1071 1208 1121 ti-

84 1168 168 1213 more,
181 1161 207 1202 et
218 1152 383 1203 exsultemus
394 1149 444 1202 tibi
457 1165 519 1201 cum
531 1159 657 1200 tremore.
671 1148 769 1198 Arnen.

502 1555 670 1626 CAPUT
692 1555 793 1624 XXX

80 1861 134 1928 De
157 1859 293 1929 arcobus
317 1857 464 1928 minatis
485 1858 610 1938 va'duce,
636 1868 671 1927 et
693 1858 736 1927 de
761 1855 941 1927 Pharisaei
959 1865 994 1925 et
1013 1853 1208 1924 Publiceni

563 1975 736 2045 oratione.

291 2223 393 2287 Marci
415 2243 481 2308 cap.
510 2244 547 2288 12
570 2236 601 2288 et
623 2223 719 2288 Lucae
740 2243 807 2308 cap.
836 2226 874 2288 18
895 2235 926 2286 et
948 2245 1000 2288 21.

116 2479 126 2512 1
146 2463 207 2514 Duo
220 2478 322 2512 urvura
333 2478 421 2512 vmuae
434 2477 512 2514 uacus
531 2479 548 2512 Α
558 2463 616 2513 Deo

79 2551 197 2586 accam
220 2550 293 2592 ouau
315 2550 428 2586 nrvrruu
444 2551 615 2586 oamrronas.

80 2635 110 2644 -
128 2606 168 2656 Et
192 2606 286 2656 sedens
308 2605 390 2656 Jesus
413 2612 507 2656 contra
525 2620 616 2673 garo-

75 2676 245 2744 phylact'um,
261 2675 287 2724 id
304 2685 344 2727 est
360 2675 515 2726 divitiarum
535 2692 616 2742 repo-

79 2745 216 2806 sitorium,
235 2746 387 2810 aspiciebat
402 2747 507 2813 eosqui
525 2747 616 2798 mitte-

80 2816 153 2879 bant,
174 2825 201 2866 et
219 2817 356 2881 ponebant
376 2831 488 2866 munera
511 2832 568 2876 sua,
587 2816 616 2866 id

79 2896 119 2938 est
137 2886 288 2938 oblationes
307 2886 334 2936 in
357 2887 433 2937 illud.
450 2888 513 2937 Erat
525 2897 616 2938 autern
641 2876 647 2982 l

79 2957 304 3024 gazophylacium
321 2972 383 3008 arca
400 2957 521 3009 foramen
533 2959 616 3009 desu-

79 3043 128 3094 per
146 3028 259 3089 habens‚
275 3029 349 3093 juxta
368 3028 450 3078 altare
468 3029 500 3078 ad
521 3029 615 3080 dexte-

79 3114 138 3150 ram
163 3097 262 3164 posita,
286 3098 314 3147 in
335 3113 388 3163 qua
411 3098 568 3150 mittebatur
590 3110 617 3151 et

80 3170 237 3222 servabatur
265 3171 378 3236 pecunia
405 3187 453 3237 pro
480 3181 616 3226 sustenta-

79 3242 155 3293 tione
178 3241 354 3293 aedificiorum
378 3244 481 3310 templi,
505 3254 531 3295 et
555 3247 616 3298 aliis

79 3329 141 3382 quae
159 3324 235 3365 erant
248 3315 281 3365 ad
301 3317 433 3383 templum
448 3326 474 3368 et
488 3318 615 3370 ministe-

78 3386 151 3436 rium
167 3386 330 3451 necessaria3
348 3404 397 3439 nec
415 3405 471 3439 non
489 3390 616 3457 pauperi-

78 3457 131 3507 bus
152 3465 180 3507 et
203 3456 293 3508 viduis
316 3458 380 3509 inde
405 3460 566 3525 nutriendis,
586 3477 616 3513 ac

77 3543 127 3595 pro
150 3529 336 3581 sacerdotibus
352 3541 378 3582 et
398 3531 541 3585 ministris.
564 3533 615 3584 Di-

77 3599 146 3650 citur
170 3611 260 3652 autem
285 3602 504 3669 gazophylacium
528 3605 615 3670 porti-

78 3685 136 3734 cus,
160 3671 208 3722 ubi
236 3673 301 3723 tales
321 3688 387 3724 arcae
413 3684 439 3723 et
465 3675 615 3726 oblationes

78 3746 268 3808 servabantur;
285 3746 318 3796 de
335 3762 389 3813 quo
409 3746 489 3797 etiam
505 3748 570 3798 alibi
585 3748 614 3799 in

80 3814 228 3882 Evangelio
242 3815 339 3866 dicitur
353 3833 360 3866 :
375 3817 561 3868 Haeclocutus
575 3825 616 3869 est

79 3884 163 3935 Jesus
183 3884 210 3935 in
233 3886 444 3954 gazophylacio,
470 3888 567 3938 docens
587 3890 614 3939 in

672 2463 776 2528 templo.
787 2462 865 2514 Unde
874 2461 951 2512 Beda
961 2477 971 2511 .·
983 2460 1076 2521 «Quia
1086 2476 1212 2514 sermone

671 2536 766 2584 Graeco
789 2529 901 2607 φυλακὴ
926 2548 1031 2585 servare
1055 2534 1162 2593 dicitur,
1184 2546 1210 2586 ct

671 2620 746 2671 gara
774 2605 866 2670 lingua
898 2604 1002 2654 Persica
1030 2603 1132 2656 divitiae
1158 2622 1208 2656 vo-

671 2685 775 2735 cantur,
788 2675 1019 2743 gazophylacium
1032 2676 1108 2728 locus
1119 2678 1210 2744 appel-

671 2746 719 2797 lari
745 2747 827 2806 solet,
849 2761 904 2812 quo
927 2746 1027 2798 divitiae
1052 2757 1206 2812 servantur3

671 2834 726 2884 quo
748 2818 860 2882 nomine
878 2826 904 2867 et
923 2833 1011 2868 arcam
1035 2817 1064 2867 in
1085 2834 1138 2886 qua
1157 2820 1207 2870 do-

671 2889 745 2940 naria
754 2889 847 2955 populi
858 2890 1088 2956 congregabantur
1097 2891 1129 2940 ad
1142 2905 1207 2941 usus

670 2959 764 3025 templi
788 2960 960 3019 necessarios,
981 2970 1008 3010 et
1032 2962 1150 3027 porticus
1177 2962 1206 3012 in

671 3032 772 3097 quibus
793 3031 965 3082 servabantur
983 3033 1151 3099 appellabant
1170 3049 1205 3082 :n

671 3104 728 3154 haec
752 3104 837 3154 Beda.
861 3104 895 3155 Et
919 3119 980 3155 cum
1006 3107 1084 3157 multi
1111 3107 1207 3157 divites

672 3175 757 3226 multa
782 3175 929 3237 mitterent,
946 3177 1041 3228 videns
1065 3177 1207 3243 quamdam

672 3247 779 3297 viduam
820 3249 1016 3312 pauperculam
1064 3248 1207 3297 mittentem

672 3333 744 3370 aerea
759 3319 936 3382 minutatim,
952 3319 979 3369 id
996 3330 1033 3370 est
1048 3320 1116 3369 duos
1131 3336 1210 3370 num-

672 3405 732 3440 mos
758 3405 856 3454 aereos,
879 3391 997 3440 valentes
1021 3391 1209 3455 quadrantem,

671 3477 719 3512 seu
744 3470 866 3527 quartam
891 3471 994 3527 partem
1016 3462 1083 3525 sicli,
1111 3462 1211 3513 scilicet

671 3532 766 3583 obolos
781 3531 913 3598 quinque,
930 3547 999 3598 quos
1020 3547 1082 3581 cum
1098 3533 1208 3582 sudori-

672 3603 722 3653 bus
738 3602 771 3652 ad
786 3602 945 3652 diuturnum
961 3602 1063 3652 victum
1078 3602 1209 3669 acquisie-

671 3686 720 3738 rat,
736 3675 811 3725 dixit
823 3674 962 3741 discipulis
981 3676 1055 3740 quod
1070 3677 1132 3740 plus
1147 3692 1209 3726 om-

671 3747 752 3796 nibus
779 3745 898 3796 misisset
923 3746 1014 3811 :quia
1042 3746 1152 3797 miserat
1176 3748 1210 3797 de

671 3818 782 3884 penuria
813 3832 878 3877 sua,
915 3826 942 3867 et
973 3817 1025 3868 sibi
1060 3820 1208 3870 necessaria

671 3889 764 3940 omnia
777 3904 838 3955 quae
852 3888 956 3950 habuit,
972 3898 998 3939 et
1015 3896 1097 3942 totum
1109 3893 1207 3944 victum
