2632 4320
131 257 179 306 DE
194 255 337 307 DUOBUS
351 254 458 314 ultus,
476 253 629 314 QUORUM
651 250 745 302 UNUS
759 249 794 300 IN
807 249 942 300 VlNEAM
956 249 1037 309 li'lT,
1048 249 1125 299 ETC.
1151 263 1202 316 249

85 379 180 424 testate
190 372 240 423 hoc
243 371 343 437 sacis?
355 369 494 437 Numquid
504 369 532 418 in
543 369 616 418 Beel-

85 445 171 495 zebub
186 444 305 510 principe
314 442 525 494 daemoniorum?
540 443 616 493 lesus

86 527 174 566 autem
194 516 357 587 oppositioni
374 515 490 566 reddidit
503 514 615 580 opposi-

86 592 196 654 tionem,
215 606 270 641 non
285 591 457 648 solutionem,
473 589 550 655 quasi
569 588 618 638 cla·

86 680 147 713 vum
164 664 239 713 clavo
254 663 413 726 retundens;
430 671 455 713 et
467 661 514 727 qui
529 669 617 726 aperta

86 736 263 802 responsione
278 744 437 786 tentatorum
453 733 616 784 calumniam

86 805 225 856 confutare
237 815 349 870 poterat,
361 806 506 871 prudenter
519 819 566 854 eos
579 803 617 853 in-

86 886 210 941 terrogat,
234 885 263 926 ut
285 876 337 940 ipsi
361 876 402 926 vel
425 891 475 926 suo
499 873 617 932 silentio,

86 947 123 996 vel
151 963 200 996 sua
232 945 407 1011 responsione
431 956 457 996 et
488 945 618 1003 sententia

85 1016 287 1066 convincantur.
298 1017 473 1067 Calumnians
483 1016 556 1066 enim
567 1031 621 1065 me-

86 1087 138 1136 lius
168 1087 385 1153 interrogatione,
409 1102 490 1153 quam
518 1086 618 1137 directa

87 1159 291 1210 ratiocinatione
314 1161 355 1211 vel
378 1160 559 1226 responsione,
586 1159 619 1208 ad

87 1229 282 1280 inconveniens
303 1230 418 1281 ducitur.
438 1230 486 1280 llle
501 1244 619 1296 namque

87 1309 126 1349 est
141 1300 265 1365 optimus
283 1301 379 1351 modus
400 1301 579 1367 respondendi
594 1311 620 1350 et

87 1371 264 1421 concludendi
298 1381 389 1422 contra
424 1372 618 1437 malignantes,

88 1442 197 1506 quando
217 1458 249 1492 ex
266 1443 323 1493 suis
344 1443 460 1509 propriis
480 1442 570 1492 verbis
594 1453 620 1492 et

87 1514 225 1579 responsis
240 1525 398 1580 arguuntur.
413 1515 465 1564 Per
480 1514 531 1564 hoc
548 1529 619 1579 quo-

87 1601 138 1650 que
163 1586 283 1635 ostendit
305 1586 430 1636 Christus
451 1587 524 1651 quod
539 1585 620 1636 mali-

87 1655 233 1720 gnantibus
259 1658 352 1721 quales
380 1656 423 1706 isti
451 1665 535 1716 erant,
565 1672 619 1706 non

87 1735 149 1775 sunt
160 1737 261 1776 secreta
274 1727 321 1777 Dei
339 1727 494 1792 revelanda;
510 1727 555 1776 sed
570 1742 619 1776 eo-

87 1812 145 1846 rum
172 1797 275 1846 malitia
303 1797 448 1863 prudenter
473 1806 514 1847 est
535 1796 621 1847 decli-

88 1867 182 1917 nanda.

118 1937 132 1988 3
147 1939 346 1989 luranaooarro
355 1939 455 1988 Dourm
464 1954 498 1988 ne
509 1938 618 1989 Joauurs

89 2024 225 2059 nsrrrsuo.
245 2037 275 2047 -
292 2009 467 2075 Interrogavit
486 2024 550 2075 ergo
573 2024 619 2059 eos

89 2078 124 2128 sic
136 2095 143 2128 :
157 2079 317 2145 Baptismus
325 2080 448 2143 Joannis,
460 2080 529 2130 unde
537 2079 619 2129 erat?

90 2149 189 2211 ecoelo,
205 2163 241 2198 an
256 2163 294 2200 ex
309 2149 467 2212 hominibus,
489 2149 516 2198 id
531 2159 571 2199 est
586 2164 618 2199 ex

91 2221 134 2271 Dei
149 2232 284 2287 praecepto
296 2232 321 2272 et
336 2221 425 2271 divina
439 2221 618 2281 ordinatione,

91 2307 118 2342 an
139 2310 175 2344 ex
199 2294 343 2344 hominurn
368 2293 567 2358 adinventione,
594 2305 620 2345 et

91 2366 206 2416 humana
221 2367 408 2417 institutione?
425 2367 518 2418 Atilii
532 2377 620 2434 stupe-

90 2436 143 2488 facti
158 2441 192 2489 ad
203 2439 449 2505 interrogationem,
462 2440 620 2506 cogitabant

91 2506 156 2558 intra
183 2523 225 2572 se,
253 2509 325 2559 viam
352 2510 529 2575 respondendi
536 2527 544 2575 ;
573 2512 619 2561 sed

92 2591 138 2628 non
156 2579 303 2638 habebant,
319 2579 440 2630 videntes
455 2594 487 2630 ex
503 2596 619 2647 quacun·

92 2660 136 2710 que
164 2649 341 2714 responsione
374 2664 452 2700 suam
480 2649 619 2701 confusio-

94 2730 156 2768 nem.
176 2719 246 2768 Nam
260 2719 284 2768 si
303 2719 433 2770 dixissent
452 2721 616 2786 baptismum

669 367 696 417 Si
710 375 799 416 autem
814 365 945 416 dixissent
960 365 992 415 de
1006 374 1076 415 terra
1092 374 1119 414 et
1131 364 1206 414 insti-

669 438 774 488 tutione
789 437 916 497 humana,
939 437 1089 502 periculum
1107 437 1203 486 mortis

670 506 846 559 incurrissent
867 506 900 557 ad
924 508 1055 573 populum
1082 516 1112 557 ut
1139 516 1203 556 tan-

670 594 751 645 quam
774 578 923 644 blasphemi
943 588 1032 628 essent
1046 577 1181 642 lapidandi
1196 593 1203 638 ;

671 649 734 715 quia
751 650 876 714 populus,
890 648 938 714 qui
951 664 999 714 pro
1015 647 1108 714 majori
1128 658 1201 713 parte

670 719 778 770 Joannis
793 719 957 784 baptismum
969 728 1128 783 susceperat,
1141 733 1204 768 eum

671 806 704 841 ex
717 790 771 840 vita
785 800 811 840 et
825 790 954 850 doctrina,
970 805 1001 839 ac
1018 789 1120 840 Christi
1132 787 1204 838 testi-

672 861 766 912 monio
789 862 951 927 Prophetam
972 870 1095 911 sanctum
1116 871 1142 910 et
1158 875 1220 910 ver

671 949 732 983 rum
757 949 771 983 a
791 933 848 984 Deo
871 931 984 983 missum
1011 931 1158 997 reputabat,
1179 943 1204 981 et

672 1021 718 1072 per
738 1021 904 1072 consequens
923 1005 1003 1055 verba
1018 1006 1074 1069 ejus
1093 1013 1119 1053 et
1138 1003 1205 1053 iacta

671 1095 686 1128 a
702 1080 758 1129 Deo
773 1095 831 1130 esse
852 1079 993 1130 sentiebat.
1016 1078 1148 1128 Viderunt
1163 1093 1206 1134 er-

672 1163 715 1214 go,
732 1158 763 1198 ut
779 1148 816 1198 ait
838 1148 923 1210 Beda,
949 1144 1088 1214 quodlibet
1106 1146 1203 1195 horum

671 1218 871 1285 respondissent
895 1219 921 1269 in
939 1219 1064 1285 laqueum
1084 1231 1112 1266 se
1126 1231 1205 1266 casu-

672 1305 725 1351 ros,
741 1289 867 1340 timentes
880 1290 981 1340 scilicet
996 1288 1083 1355 plebis
1102 1287 1204 1353 lapida-

672 1361 790 1424 tionem;
819 1361 864 1411 sed
887 1361 973 1427 magis
988 1360 1113 1410 timentes
1133 1358 1205 1408 veri-

672 1431 734 1482 tatis
755 1430 961 1482 confessionem.
986 1432 1021 1481 Et
1045 1428 1206 1479 mendaciter

672 1502 824 1553 dicentibus
836 1503 875 1554 eis
891 1518 919 1554 se
935 1503 1039 1553 nescire
1051 1502 1089 1552 ait
1106 1502 1204 1551 lesus:

672 1576 767 1640 Neque
786 1589 839 1641 ego
862 1575 937 1626 vobis
957 1575 1026 1636 dico,
1044 1575 1137 1639 inqua
1151 1587 1205 1639 po-

672 1655 768 1699 testate
789 1649 847 1700 lraec
860 1649 948 1714 facio.
965 1649 1026 1698 Non
1047 1648 1107 1698 dico
1129 1646 1207 1697 vobis

672 1718 745 1785 quod
767 1719 831 1778 scio,
855 1720 919 1785 quia
946 1734 1001 1768 non
1026 1718 1109 1767 vultis
1129 1717 1204 1767 fateri

672 1791 744 1857 quod
759 1790 842 1842 scitis.
858 1790 930 1852 Quia
950 1805 1014 1855 ergo
1032 1789 1157 1839 dicebant
1176 1804 1205 1838 se
1267 1814 1272 1822 ·

672 1861 774 1911 nescire
795 1861 868 1926 quod
894 1871 984 1911 tamen
1003 1859 1132 1918 sciebant,
1153 1874 1205 1908 no-

672 1934 723 1983 luit
738 1933 777 1983 eis
799 1933 833 1983 de
855 1949 883 1983 se
900 1933 1002 1998 aperire
1016 1931 1155 1982 veritatem
1171 1930 1204 1980 de

672 2007 723 2056 hoc
741 2006 814 2072 quod
828 2007 1003 2074 quaerebant3
1018 2016 1045 2058 et
1058 2004 1205 2071 justissime

672 2077 778 2128 confusi
792 2089 865 2129 sunt.
881 2079 922 2128 Ex
943 2094 990 2128 sua
1004 2079 1077 2130 enim
1094 2077 1205 2127 tacitur-

672 2149 755 2199 nitate
767 2149 899 2215 compuisi
909 2159 973 2199 sunt
986 2164 1001 2198 a
1014 2164 1062 2200 sua
1076 2146 1204 2214 petitione

671 2236 781 2272 cessare.
805 2222 884 2280 Nam,
899 2222 1047 2271 secundum
1063 2221 1204 2286 chrysos-

672 2301 786 2358 tomum,
811 2294 949 2345 mendacia
974 2294 997 2345 si
1026 2310 1080 2344 non
1107 2293 1205 2342 habent

670 2382 752 2432 quem
766 2365 911 2432 decipiant,
926 2367 984 2433 ipsa
998 2366 1050 2416 sibi
1064 2365 1205 2415 mentiun-

671 2450 723 2489 tur.
738 2439 850 2489 Duabus
865 2439 967 2505 quippe
991 2440 1023 2489 de
1042 2438 1138 2496 causis,
1162 2452 1206 2486 se-

671 2509 791 2559 cundum
802 2508 911 2571 Bedam,
927 2509 1075 2559 occultatur
1086 2508 1185 2557 veritas
1197 2523 1203 2553 :

671 2578 734 2644 quia
756 2589 876 2628 auctores
900 2578 993 2628 minus
1015 2591 1121 2642 capaces
1142 2585 1205 2624 sunt

671 2652 704 2700 ad
729 2650 945 2716 intelligendum,
972 2650 1044 2700 unde
1070 2648 1170 2698 dicitur
1198 2664 1204 2696 :

672 2720 763 2771 Multa
776 2721 859 2771 liabeo
874 2721 948 2770 vobis
963 2721 1061 2783 dicere,
1086 2719 1134 2769 sed
1153 2733 1204 2770 non

93 2788 193 2842 loannis
208 2794 242 2841 de
262 2793 339 2851 coelo,
360 2792 443 2842 idest
467 2809 498 2844 ex
517 2795 617 2845 coelesti
668 2791 784 2856 potestis
795 2797 909 2856 portare
929 2791 1024 2853 modo,·
1037 2792 1078 2841 vel
1094 2789 1159 2856 quia
1175 2806 1207 2846 er

95 2863 229 2913 etdivino
251 2862 376 2913 instituto
403 2878 475 2924 esse,
500 2875 621 2930 patenter

96 2933 325 2991 convincebantur,
346 2931 411 2998 quia
426 2948 481 2982 non
498 2934 619 2985 credide-

98 3012 150 3051 runt
172 3002 270 3052 loanni
296 3002 396 3052 dicenti
418 3001 508 3067 ipsum
532 3004 619 3054 Deum

99 3067 123 3117 de
144 3073 211 3122 coelo
234 3071 349 3132 venisse,
374 3081 401 3122 et
420 3072 571 3137 perhibenti
595 3074 619 3123 ei

99 3140 273 3193 testimonium
287 3143 320 3193 de
332 3153 470 3209 potestate.
483 3144 537 3205 Qui
546 3144 619 3195 enim

101 3213 171 3262 credit
182 3215 288 3298 loanni,
303 3216 387 3265 credit
399 3215 492 3282 utique
507 3227 533 3267 et
543 3217 621 3267 Chri·

104 3291 142 3344 sto,
157 3287 220 3351 quia
233 3279 351 3337 ioannes
364 3286 473 3338 Christo
493 3289 620 3339 testimo-

106 3351 166 3405 nium
180 3357 342 3423 perhibuit'
335 3373 426 3423 ipsum
443 3359 620 3423 praedicando,

107 3423 177 3474 ethei
193 3427 294 3478 Filium
305 3443 364 3478 esse
378 3428 538 3480 nuntiando
553 3431 621 3490 Qua·

109 3489 126 3536 ³⁴1
143 3498 217 3548 vellet
240 3500 355 3550 dicere:
374 3501 421 3551 llle
447 3500 516 3550 mihi
541 3502 620 3552 testi·

112 3564 213 3616 nonium
240 3569 378 3634 perhibuit
399 3585 481 3637 quem
506 3570 621 3622 confite-

116 3628 167 3681 mini
177 3635 300 3688 habuisse
312 3640 481 3705 prophetiam
498 3641 532 3690 de
544 3643 619 3702 coelo,

118 3707 137 3744 et
151 3703 178 3752 ab
192 3706 235 3758 illo
249 3710 384 3761 audistis'
378 3727 407 3760 m
426 3725 479 3776 qua
492 3722 621 3776 potestate

120 3762 162 3818 ¹¹⁸⁶
171 3773 238 3836 facio,
249 3779 314 3845 quia
328 3780 372 3830 ille
386 3781 437 3830 hoc
451 3782 621 3834 demonstra-

123 3849 156 3898 ut,
167 3848 340 3903 testimonium
356 3852 426 3903 mihi
441 3854 618 3920 perhibendo.

672 2861 735 2912 odio
763 2871 790 2912 et
822 2872 977 2928 contemptu
1009 2861 1112 2927 indigni
1142 2873 1206 2911 sunt

672 2933 774 2999 quibus
799 2932 947 2998 aperiatur,
978 2934 1050 2983 unde
1075 2932 1175 2982 dicitur
1197 2948 1204 2980 :

673 3003 766 3055 Nolite
784 3009 905 3052 sanctum
932 3003 999 3053 dare
1019 3005 1138 3065 canibus,
1160 3017 1208 3053 ne-

672 3090 723 3142 que
746 3075 861 3125 mittatis
874 3076 1045 3142 margaritas
1065 3082 1127 3126 ante
1138 3090 1208 3141 por-

672 3159 727 3206 cae,
749 3155 775 3194 et
795 3145 840 3194 hic
857 3155 1004 3211 utrumque
1025 3146 1207 3196 concurrebat.

674 3215 707 3265 Et
722 3214 800 3264 tertia
820 3229 898 3266 causa
917 3216 978 3266 addi
996 3226 1093 3282 potest,
1109 3215 1209 3266 scilicet

672 3285 815 3336 assiduitas
827 3286 1000 3352 praedicandi3
1016 3287 1123 3337 assidua
1134 3285 1208 3335 enim

673 3358 826 3424 praedicatio
861 3359 975 3411 vilescit.
1010 3359 1104 3409 Voluit
1144 3372 1206 3422 ergo

674 3431 800 3483 Christus
836 3433 977 3483 ostendere
1013 3432 1046 3481 de
1079 3430 1147 3480 facto
1181 3440 1208 3480 et

673 3486 811 3568 exemplo,
837 3504 910 3571 quod
944 3504 1004 3553 licet
1035 3501 1074 3551 uti
1100 3501 1209 3551 cautelis

673 3584 765 3624 contra
785 3577 901 3625 cautelas
922 3575 1056 3624 malorum
1074 3572 1209 3622 insidian-

674 3645 744 3695 tium
758 3646 846 3696 bonis.
863 3645 941 3696 Unde
955 3645 1021 3694 dicit
1037 3643 1207 3710 Chrysosto·

673 3730 741 3780 mus,
766 3716 840 3783 quod
868 3716 1079 3780 interrogantem
1101 3723 1208 3780 oportet

674 3789 777 3847 docere,
793 3795 943 3838 tentantem
957 3784 1131 3835 confundere.

704 3874 733 3924 4.
755 3861 899 3910 Pansnoun
926 3873 960 3907 os
992 3871 1097 3908 ouoaus
1133 3872 1211 3908 aruns
