2632 4320
174 257 222 308 DE
237 254 405 307 SESSlONE
415 251 543 304 DOMINI
557 249 672 302 SUPER
690 248 835 300 PULLUM
853 248 898 299 ET
915 246 1059 298 ASINAM.
1126 259 1178 295 201

58 385 85 427 et
98 373 213 440 peccatis
226 372 366 423 enodando
377 380 403 423 et
417 369 591 431 extrahendo,

58 456 85 497 et
107 446 211 496 solutos
230 443 406 502 ostendendo,
421 448 448 492 et
468 440 594 492 adducite

58 515 132 579 mihi,
150 515 179 565 in
197 513 250 564 fide
266 522 292 564 et
303 513 426 564 moribus
439 511 593 562 informan-

58 589 103 649 do,
118 597 149 639 ut
161 586 243 638 soluti
258 603 272 636 a
286 587 403 637 vinculis
417 601 461 635 me
475 598 593 650 sequan-

58 670 104 709 tur
126 657 266 708 imitando.
282 656 445 709 sicutenim
461 654 518 704 avis
532 667 592 719 quae

56 739 147 796 portat
162 745 256 780 secum
268 729 418 789 vinculum,
437 743 491 777 non
505 734 594 791 potest

58 800 127 851 bene
147 800 180 850 td
201 800 318 866 praedam
337 814 414 849 suam
432 798 530 857 volare,
545 811 593 846 nec

57 869 138 920 etiam
172 879 234 936 post
258 870 375 935 praedam
400 883 476 919 suam
507 876 594 934 potest

58 959 165 995 currere
192 944 267 994 canis
293 943 460 1006 vinculatus;
484 942 523 992 sic
545 957 594 993 nec

59 1024 179 1080 peccator
194 1024 255 1079 post
265 1014 404 1065 Christum
419 1015 526 1065 vinculo
537 1029 594 1081 pec·

58 1085 108 1136 cati
131 1085 241 1151 ligatus.
262 1085 348 1135 Etsi
370 1086 430 1151 quis
448 1086 523 1137 vobis
538 1085 593 1136 ali-

57 1154 122 1219 quid
145 1154 258 1218 dixert't,
282 1154 411 1221 impedire
426 1171 474 1206 vos
491 1155 593 1214 volens,

57 1226 139 1278 dicite
164 1229 228 1294 quia
251 1228 383 1279 Dominus
397 1230 531 1290 omnium,
548 1229 591 1279 cui

56 1301 151 1350 omnia
163 1299 264 1351 servire
277 1301 385 1364 debent,
402 1301 445 1351 his
460 1316 527 1366 opus
541 1301 592 1351 lta-

58 1373 108 1436 bet,
137 1382 164 1423 et
188 1388 296 1438 operam
321 1389 415 1424 eorum
444 1374 591 1438 desiderat3

57 1457 112 1492 non
139 1452 248 1508 propter
280 1458 356 1493 suam
392 1444 590 1507 necessitatem,

56 1513 103 1563 sed
115 1522 226 1580 propter
235 1524 356 1564 nostram
368 1514 521 1576 utilitatem,
534 1515 591 1566 vult

56 1583 131 1635 enim
150 1593 271 1634 nostram
287 1585 502 1647 conversionem,
525 1600 590 1651 pro-

56 1663 116 1719 pter
140 1663 261 1704 nostram
287 1656 409 1706 salutem.
433 1656 472 1706 Et
496 1655 590 1720 conje-

55 1726 127 1789 stim,
152 1727 181 1777 id
209 1737 250 1777 est
274 1727 334 1778 sine
363 1728 589 1789 contradictione,

56 1796 172 1848 dimittet
193 1812 247 1862 eos,
273 1798 381 1866 cognito
398 1801 524 1852 mandato
541 1815 591 1851 su-

56 1869 179 1936 perieris.

86 1957 105 2006 4
125 1942 287 1992 Mormrran
304 1959 337 1992 na
360 1959 445 1995 conor
461 1959 591 1995 recorro-

57 2025 106 2062 rus.
119 2039 150 2050 -
162 2012 307 2073 Moraliter,
322 2015 459 2066 castellum
472 2013 591 2065 Domino

56 2092 82 2133 et
104 2083 164 2134 suis
189 2085 342 2151 Apostolis,
372 2102 401 2138 ac
423 2103 478 2138 suae
499 2089 590 2154 gratiae

57 2157 216 2223 muneribus
239 2158 412 2220 contrarium,
437 2169 524 2226 potest
538 2159 589 2210 dici

57 2240 101 2276 cor
117 2226 243 2278 hominis
265 2229 421 2293 peccatoris,
438 2230 590 2282 rationibus

56 2306 81 2347 et
102 2297 323 2350 excusationibus
348 2301 426 2366 quasi
456 2301 544 2352 muris
563 2313 590 2353 et

56 2372 264 2437 propugnaculis
286 2382 377 2423 contra
391 2375 478 2424 Deum
495 2374 589 2425 muni-

57 2450 127 2506 tum;
142 2458 173 2494 a:
187 2458 234 2509 per
245 2443 344 2494 turrim
356 2445 489 2509 elationis,
504 2456 529 2497 et
542 2462 589 2512 per

56 2528 166 2564 murum
182 2513 378 2576 obdurationis,
394 2525 420 2565 et
438 2531 484 2581 per
502 2531 589 2567 seram

57 2583 210 2650 pertinaciae
230 2584 375 2637 firmatum.
404 2587 488 2638 Asina
506 2587 534 2637 in
558 2603 589 2639 eo

56 2654 136 2721 ligata
159 2665 200 2706 est
223 2656 314 2709 anima
334 2657 451 2708 vinculis
474 2669 590 2723 peccato-

56 2741 117 2777 rum
133 2727 291 2793 praepedita3
307 2729 398 2793 pullus
415 2727 529 2779 lascivus
550 2739 591 2780 est

56 2796 165 2850 affectus
189 2798 310 2849 lubricus
336 2809 362 2850 et
395 2801 505 2864 malus;
535 2801 589 2851 duo

57 2867 182 2934 discipuli
201 2878 265 2920 sunt
287 2869 369 2920 timor
387 2880 413 2921 et
425 2886 501 2922 amor
514 2872 591 2923 ordi-

58 2948 146 3000 natus,
169 2938 217 3004 qui
241 2939 345 2990 asinam
367 2949 393 2990 et
415 2942 519 3007 pullum
534 2944 591 2993 sol-

56 3019 133 3070 vunt,
147 3009 215 3060 dum
230 3025 246 3060 a
265 3010 378 3075 peccatis
398 3013 550 3078 absolvunt,
564 3023 591 3064 et

55 3077 206 3130 Dominum
221 3080 344 3147 desuper,
362 3082 451 3133 stratis
461 3082 590 3144 vestibus,

57 3151 148 3202 sedere
171 3151 283 3214 iaciunt,
307 3154 371 3204 dum
393 3154 516 3205 eamdem
531 3155 591 3205 aui-

56 3235 130 3272 mam
141 3222 272 3273 omnibus
294 3223 440 3274 virtutibus
463 3234 489 3276 et
502 3225 591 3277 'donis

56 3289 194 3342 imbuunt.
205 3293 258 3343 Ubi
274 3293 485 3361 chrysostomus
499 3311 507 3346 :
523 3313 537 3343 n
549 3296 592 3345 Li·

56 3371 117 3428 gata
134 3373 192 3414 erat
212 3363 296 3426 asina,
314 3365 341 3414 id
356 3375 395 3416 est
407 3365 533 3416 diabolici
547 3382 591 3418 er-

56 3430 128 3482 roris
146 3431 257 3484 vinculo
278 3434 415 3501 impedita,
432 3444 530 3485 utnon
547 3436 592 3486 ha·

56 3501 132 3553 beret
154 3503 307 3555 libertatem
340 3505 379 3556 ire
405 3521 460 3573 quo
490 3508 589 3570 vellet3

55 3593 121 3630 nam
132 3593 231 3630 omnes
242 3579 369 3632 homines
378 3592 522 3648 antequam
534 3598 592 3649 pec-

54 3666 158 3712 cemus,
170 3651 287 3702 liberum
298 3651 429 3704 habemus
440 3653 591 3715 arbitrium,

53 3722 77 3774 si
98 3723 227 3774 volumus
249 3723 325 3790 sequi
346 3724 509 3775 voluntatem
531 3725 592 3775 dia-

53 3792 124 3858 boli,
145 3808 181 3844 an
205 3809 269 3845 non.
292 3794 371 3853 Quod
392 3793 415 3844 si
430 3793 513 3845 semel
528 3810 592 3860 pec-

54 3872 151 3915 cantes
168 3863 377 3928 obligaverimus
393 3879 444 3915 nos
464 3865 592 3930 operibus

646 367 713 432 ejus,
739 366 791 431 jam
819 365 934 416 omnino
965 371 1056 414 nostra
1082 361 1181 412 virtute

646 437 756 488 evadere
779 452 834 486 non
860 449 1024 502 possumus,
1041 434 1087 485 sed
1111 433 1182 484 sicut

645 510 720 560 navis
741 509 824 560 fracto
841 508 1020 575 gubernaculo
1043 507 1105 557 illuc
1127 506 1181 556 du-

645 581 723 645 citur,
745 581 792 631 ubi
818 589 961 646 tempestas
976 578 1123 644 impulerit,
1143 577 1181 627 sic

646 662 672 703 et
687 653 771 703 homo
782 651 881 702 divinae
895 650 987 716 gratiae
1002 649 1104 701 auxilio
1117 663 1181 714 per-

645 722 702 772 dito
718 738 766 788 per
786 731 932 790 peccatum,
958 735 1013 769 non
1036 718 1109 785 quod
1123 719 1182 769 vult

645 795 709 861 agit,
722 796 768 846 sed
782 795 855 861 quod
868 793 992 843 diabolus
1003 792 1070 843 vult.
1082 793 1115 842 Et
1126 791 1180 842 nisi

646 866 719 917 Deus
730 866 817 918 valida
833 881 915 915 manu
928 863 1118 913 misericordiae
1131 862 1182 918 solo

645 937 714 988 verit
725 953 798 998 eum,
810 951 896 1003 usque
911 935 943 985 ad
955 944 1070 984 mortem
1083 933 1112 982 in
1123 947 1182 998 pec·

646 1019 767 1061 catorum
788 1025 899 1061 suorum
912 1006 1027 1060 vinculis
1037 1021 1179 1072 permane-

647 1081 695 1132 bit.
713 1083 783 1148 Ergo
801 1092 892 1133 nostra
914 1079 1024 1147 quidem
1043 1078 1180 1129 voluntate

645 1161 672 1201 et
692 1153 855 1219 negligentia
876 1151 1034 1216 alligamur,
1061 1163 1107 1214 per
1128 1146 1179 1198 Dei

646 1225 858 1277 misericordiam
883 1225 1059 1276 absolvimur.
1088 1222 1121 1272 Et
1141 1220 1181 1272 sic

646 1296 738 1358 homo,
760 1297 921 1363 priusquam
943 1304 1042 1361 peccet,
1061 1292 1179 1342 liberum

644 1370 725 1421 habet
748 1369 891 1421 arbitrium
918 1379 1013 1420 utrum
1038 1366 1102 1418 velit
1129 1366 1180 1416 sub

644 1457 727 1508 regno
756 1457 816 1493 esse
844 1441 967 1504 diaboli;
998 1456 1060 1490 cum
1089 1447 1179 1488 autem

645 1520 777 1581 peccando
809 1515 919 1566 tradidit
953 1529 982 1564 se
1014 1514 1066 1564 sub
1096 1526 1180 1578 regno

643 1585 739 1652 ipsius,
754 1587 808 1651 jam
825 1603 881 1636 non
897 1593 984 1651 potest
1003 1584 1036 1634 de
1051 1592 1181 1651 potestate

642 1658 699 1723 eius
712 1657 793 1717 exire,
810 1659 856 1708 sed
873 1658 960 1723 prima
984 1656 1107 1706 voluntas
1123 1655 1181 1720 ejus

643 1727 671 1776 in
683 1727 866 1778 necessitatem
881 1725 1055 1776 convertitur.
1070 1725 1106 1774 Et
1128 1724 1180 1773 hoc

643 1807 683 1850 est
699 1799 772 1864 quod
789 1798 915 1848 homines
929 1797 1061 1848 seculares
1075 1805 1101 1844 et
1114 1809 1181 1861 pec-

643 1882 743 1924 catores
755 1871 842 1923 dicere
853 1873 941 1922 solent
956 1886 963 1920 :
979 1867 1117 1934 Numquid
1132 1883 1179 1917 no·

643 1944 735 1993 lumus
747 1958 804 1994 esse
816 1941 918 1993 sancti?
932 1942 966 1992 Et
979 1940 1042 2007 quis
1056 1955 1110 1989 non
1122 1938 1181 1990 vult

643 2031 701 2066 esse
721 2015 828 2081 justus?
861 2014 912 2065 Sed
936 2029 992 2064 non
1025 2026 1179 2079 possumus.

642 2087 744 2138 Verum
757 2085 868 2152 quidem
881 2093 921 2135 est
934 2083 1007 2151 quod
1020 2082 1122 2142 dicunt,
1132 2080 1179 2132 sed

643 2174 698 2209 non
712 2159 813 2209 habent
826 2155 1036 2215 excusationem,
1049 2153 1110 2220 quia
1128 2151 1180 2219 pri·

643 2248 720 2282 mum
742 2240 889 2298 potuerunt
904 2246 960 2280 non
976 2244 1033 2281 esse
1053 2228 1105 2278 sub
1127 2242 1180 2293 po-

642 2311 736 2354 testate
754 2301 864 2363 diaboli,
886 2300 1087 2362 sivoluissent;
1104 2307 1180 2364 post·

642 2388 725 2438 quarn
763 2388 827 2424 vero
861 2381 1010 2437 posuerunt
1046 2371 1178 2420 thronum

641 2444 742 2495 diaboli
757 2444 786 2494 in
803 2442 930 2493 cordibus
954 2441 1019 2499 suis,
1046 2440 1099 2504 jam
1122 2452 1178 2487 non

641 2525 728 2580 potest
742 2529 789 2564 eos
803 2513 837 2563 de
855 2521 985 2578 potestate
1000 2510 1099 2559 diaboli
1122 2507 1178 2558 eri-

642 2603 713 2654 pere,
729 2586 781 2637 nisi
795 2586 869 2637 solus
881 2585 952 2635 Deus
966 2601 973 2635 2
989 2603 1003 2631 n
1020 2583 1077 2632 haec
1091 2581 1182 2646 Chry-

642 2664 783 2710 rostomur.
820 2656 899 2707 Unde
926 2664 951 2706 et
984 2653 1144 2704 Bernartius
1169 2667 1178 2701 .·

642 2748 656 2777 u
669 2727 793 2779 Difficilis
816 2741 927 2793 prorsus
950 2740 1001 2786 res,
1023 2734 1049 2775 et
1068 2722 1117 2774 soli
1134 2720 1178 2771 di-

641 2801 712 2852 vinae
734 2800 828 2852 virtuti
854 2799 1003 2867 possibilis,
1022 2806 1177 2862 susceptum

642 2874 725 2925 semel
750 2872 847 2938 peccati
870 2874 964 2938 jugum
990 2886 1006 2921 a
1029 2868 1177 2921 cervicibus

642 2945 698 2995 suis
727 2954 858 3005 excutere,
881 2943 1011 3009 quoniam
1038 2941 1084 3007 qui
1103 2939 1178 3005 facit

640 3023 778 3083 peccatum
803 3029 897 3067 servus
923 3022 964 3066 est
987 3014 1099 3082 peccati.
1124 3013 1177 3063 Nec

642 3086 723 3137 etiam
744 3085 851 3136 liberari
869 3095 957 3151 potest
979 3086 1012 3135 ab
1035 3084 1094 3150 ipso
1114 3083 1178 3148 jugo

643 3156 696 3207 nisi
712 3156 740 3206 in
756 3171 838 3207 manu
860 3155 936 3221 forti;
955 3156 1012 3206 haec
1026 3165 1066 3206 est
1080 3166 1178 3218 magna

643 3228 835 3290 misericordia,
846 3229 952 3295 magnis
962 3226 1110 3279 necessaria
1122 3238 1179 3289 pec-

642 3299 786 3361 catoribus,
802 3300 835 3350 de
846 3314 900 3366 qua
913 3299 1029 3349 dicitur:
1044 3295 1178 3347 Miserere

642 3371 702 3432 mei,
717 3370 801 3432 Deus,
825 3371 968 3422 secundum
983 3381 1109 3433 magnam
1124 3363 1177 3414 mi-

643 3440 820 3492 sericordiam
855 3447 947 3503 tuam5
978 3445 1005 3490 et
1033 3436 1176 3487 secundum

643 3510 836 3561 multitudinem
846 3509 1048 3561 miserationum
1058 3512 1175 3564 tuarum,

644 3582 702 3633 dele
716 3583 881 3648 iniquitatem
893 3596 977 3633 meam
992 3597 1000 3631 ;
1015 3599 1029 3627 »
1044 3578 1101 3628 haec
1111 3577 1179 3628 Ber-

644 3655 755 3706 nardus.
776 3655 886 3706 Studeat
905 3669 969 3719 ergo
989 3652 1074 3726 lesus,
1089 3665 1105 3700 a
1119 3648 1177 3699 dia-

644 3726 716 3789 bolo,
732 3736 762 3778 ut
775 3727 829 3778 cito
842 3729 900 3790 ejus
914 3725 1052 3790 dirumpat
1066 3723 1176 3789 jugum;

643 3797 708 3862 quia
728 3805 802 3848 tanto
827 3796 944 3856 facilius,
971 3803 1073 3861 quanto
1098 3793 1179 3845 citius

643 3868 701 3933 ejus
714 3867 866 3918 dominium
882 3866 1005 3918 evitatur.
