2632 4320
333 278 380 328 DE
396 278 573 330 INVITATIS
588 277 635 328 AD
653 278 812 344 NUPTIAS,
828 280 906 359 ETC,

55 394 172 444 multam
192 393 226 444 ad
242 393 348 444 ludaeos
368 393 498 457 ostendat,
520 409 589 459 quos

55 479 112 530 prae
129 464 225 514 ceteris
240 464 391 525 honoravit
408 474 434 515 et
453 465 542 530 primo
555 464 589 514 ad

55 534 164 600 nuptias
185 533 247 585 Filii
272 535 314 585 sui
334 535 445 595 vocavit,
464 535 507 585 cui
530 550 588 585 car-

53 620 117 656 nem
142 614 282 668 nostram,
308 616 334 656 et
359 605 510 656 Ecclesiam
537 606 589 656 de-

53 676 207 742 sponsavit,
230 685 257 726 et
270 685 301 726 ut
316 675 533 761 reprobationem
547 676 591 727 Ju-

55 751 192 808 daeorum,
219 760 245 799 et
268 750 435 800 vocationem
460 750 589 801 Gentium

57 822 262 872 demonstraret.
278 819 349 880 Quia
365 821 440 870 enim
458 821 542 871 Judaei
557 822 590 872 ad

57 891 140 942 fidem
153 891 239 942 vocati
252 892 343 941 venire
363 891 516 952 noluerunt,
530 907 590 942 me-

57 965 110 1015 rito
124 964 192 1030 ipsis
206 965 364 1030 reprobatis,
378 965 423 1015 alii
444 965 589 1016 introducti

56 1045 136 1100 sunt,
151 1041 177 1086 et
199 1035 315 1101 impletae
332 1042 394 1086 sunt
409 1037 509 1104 nuptiae
530 1038 589 1088 dis-

55 1109 241 1171 cumbentium,
253 1110 319 1176 quia
328 1110 395 1160 fides
403 1110 533 1161 catholica
542 1110 590 1160 dif-

54 1177 116 1230 fusa
131 1190 171 1230 est
186 1194 232 1245 per
245 1181 339 1230 orbem
354 1181 521 1232 universum.

87 1265 104 1300 a
122 1251 236 1300 Nurrrn
249 1251 320 1301 Fnrr
334 1252 384 1301 Dm
399 1267 542 1303 Tarentnas.
558 1280 589 1290 -

54 1319 154 1371 Simile
166 1334 234 1386 ergo
240 1321 348 1386 factum
362 1327 402 1371 est
415 1336 527 1387 regnum
540 1336 589 1372 coe-

55 1389 144 1442 lorum
157 1390 257 1442 homini
270 1392 340 1457 regi,
355 1391 383 1442 id
397 1402 438 1442 est
451 1392 589 1458 negotium

56 1460 199 1528 praesentis
221 1462 353 1523 Ecclesiae,
377 1477 424 1512 seu
444 1462 544 1512 iactum
560 1462 589 1513 in

56 1530 175 1582 Ecclesia
195 1531 328 1583 militante
349 1532 417 1582 circa
440 1533 588 1598 Christum,

56 1601 148 1653 simile
161 1612 201 1652 est
218 1602 335 1668 negotio,
351 1605 424 1669 quod
438 1604 525 1669 potuit
538 1605 588 1656 lie-

55 1674 79 1724 ri
93 1689 143 1740 per
156 1674 296 1724 hominem
312 1691 402 1742 regem
419 1676 449 1726 in
468 1677 589 1727 celebra-

56 1745 131 1795 tione
144 1745 310 1811 nuptiarum.
323 1748 375 1797 lste
388 1748 535 1797 homo-rex
548 1757 589 1798 est

56 1814 128 1866 Deus
146 1815 234 1876 Pater,
251 1816 297 1882 qui
319 1817 418 1868 dicitur
435 1819 508 1880 Rex,
526 1817 590 1884 quia

57 1894 148 1952 regnat
160 1885 190 1935 in
205 1886 271 1936 coelo
281 1901 328 1951 per
339 1888 463 1952 gloriam,
474 1888 501 1937 in
512 1903 589 1937 mun·

57 1961 91 2012 do
110 1976 159 2026 per
176 1961 298 2026 gratiam,
313 1962 342 2011 in
357 1963 463 2013 inferno
484 1979 531 2030 per
545 1963 588 2028 ju-

57 2033 173 2098 stitiam3
203 2044 230 2085 et
254 2035 353 2086 dicitur
379 2036 457 2088 homo
482 2046 590 2103 propter

57 2104 284 2168 conformitatem,
295 2121 355 2171 quae
367 2116 407 2156 est
420 2107 491 2158 inter
501 2109 589 2158 Deum

57 2185 82 2227 et
93 2176 246 2226 hominem.
263 2177 319 2238 Qui
326 2178 396 2243 fecit
409 2179 589 2245 nuptias-filio

58 2263 104 2301 suo
119 2247 241 2314 triplices
260 2266 266 2299 :
288 2251 387 2316 primas
402 2252 543 2302 celebravit
560 2252 590 2302 in

58 2320 181 2386 Virginis
199 2331 285 2382 utero,
306 2321 334 2370 in
355 2323 524 2388 copulatione
545 2325 590 2376 di-

58 2388 126 2440 vinae
141 2399 243 2442 naturae
255 2400 281 2441 et
295 2391 431 2453 humanae,
445 2394 478 2443 de
489 2394 590 2459 quibus

59 2461 124 2512 dicit
147 2461 316 2527 Gregorius,
344 2464 416 2528 quod
434 2465 590 2529 nuptiarum

61 2531 194 2581 thalamus
207 2531 260 2581 fuit
273 2543 366 2583 uterus
377 2533 529 2599 virginalis,
545 2549 590 2585 se·

61 2601 159 2652 tundas
173 2600 238 2652 fecit
257 2602 286 2652 in
306 2604 418 2663 mundo,
434 2604 464 2653 in
479 2605 591 2669 conjun-

60 2671 146 2722 ctione
159 2672 262 2724 Christi
278 2683 305 2724 et
320 2675 455 2737 Ecclesiae,
473 2675 507 2724 de
526 2675 591 2741 qui-

61 2742 109 2793 bus
122 2743 188 2793 dicit
202 2744 348 2809 Apostolus
363 2763 369 2795 :
387 2746 591 2796 Sacramentum

60 2815 105 2866 lm
115 2830 243 2882 magnum
257 2823 305 2880 est,
320 2832 373 2884 ego
385 2819 453 2881 dico,
465 2819 492 2868 t’n
508 2819 590 2870 Chri-

61 2893 107 2948 sto,
125 2893 154 2938 et
169 2890 197 2938 in
214 2888 356 2951 Ecclesia5
373 2890 465 2940 tertias
480 2889 567 2940 fecit
560 2906 590 2941 in

60 2956 128 3009 fideli
147 2959 244 3022 amico,
266 2959 295 3010 in
319 2961 510 3042 conjunctione
528 2977 590 3027 gra-

60 3028 103 3081 tiae
125 3040 152 3081 et
175 3029 263 3080 fidelis
294 3032 407 3101 animae,
431 3033 464 3082 de
488 3033 591 3098 quibus

61 3103 164 3156 Ome.
179 3105 321 3170 Sponsam
344 3112 369 3155 te
389 3105 454 3156 mihi
476 3107 503 3156 in
520 3105 589 3171 fide.

60 3175 125 3228 ana
141 3186 206 3226 sunt
220 3177 322 3241 nuptiae
336 3177 487 3236 coelestess
480 3193 509 3226 m
526 3176 592 3242 qui-

60 3245 109 3298 bus
133 3257 161 3298 et
181 3247 269 3297 multa
293 3247 392 3298 fercula
412 3260 590 3315 apponentur,

60 3319 209 3371 secundum
233 3322 429 3387 Augustinum,
458 3322 591 3373 scilicet·

59 3390 119 3452 vita,
141 3393 224 3452 salus,
248 3401 274 3442 et
293 3393 388 3456 virtus,
412 3403 439 3443 et
459 3395 544 3460 copia,
565 3404 593 3446 et

58 3462 152 3529 gloria,
166 3473 194 3514 et
211 3464 308 3525 honor,
327 3474 353 3515 et
375 3480 436 3531 pax,
455 3475 484 3516 et
502 3465 592 3517 omnia

57 3532 137 3585 bona.

89 3603 103 3655 3
119 3604 253 3665 Quaem
266 3622 364 3658 sauros
382 3623 455 3657 ursin
468 3624 502 3656 aa
521 3623 592 3659 ruvr-

55 3677 196 3728 rarosl-
206 3677 248 3728 Et
255 3679 329 3729 misit
338 3693 431 3730 servos
445 3693 510 3730 suos
522 3694 592 3744 prae-

54 3747 190 3808 cedentes,
205 3747 308 3798 scilicet
323 3748 479 3830 Prophetas,
496 3762 593 3800 vocare

53 3817 187 3872 mitratos
203 3819 241 3870 ad
261 3819 378 3884 nuptias,
402 3835 450 3897 per
468 3819 593 3886 Scriptu-

47 3897 98 3943 ras
113 3889 232 3958 Legis,
225 3906 254 3942 m
271 3905 324 3958 qua
341 3900 383 3944 est
400 3884 546 3958 promissio
558 3890 592 3942 de

1123 282 1175 350 ²59

644 395 826 445 incarnatione
846 395 958 455 Christi,
979 395 1082 446 scilicet
1102 395 1176 462 ipsos
1238 386 1241 397 “

642 465 763 530 ludaeos,
784 466 823 515 ad
843 467 962 530 nuptias,
981 466 1008 515 id
1027 477 1067 516 est
1087 468 1119 516 ad
1140 466 1175 517 fi-

643 537 704 586 dem
724 537 913 586 incarnationis
929 537 1042 597 Christi,
1057 537 1175 602 promis-

642 606 1175 674 saminPatriarchis,figurataminLege,

644 679 812 745 praedicatam
826 679 855 729 in
869 680 1019 745 Prophetis.
1035 680 1175 746 Prophetae

642 765 759 816 namque
781 750 879 800 clarius
899 751 1124 801 denuntiaverunt
1146 768 1176 801 ea

643 823 676 872 de
696 822 815 885 Christo,
840 837 901 889 quae
925 821 1067 872 obscurius
1088 824 1173 888 posit

642 903 719 942 erant
740 893 768 942 in
791 895 871 958 Lege;
899 892 1077 943 hortabantur
1099 895 1175 943 eninr
1216 926 1223 939 ,

643 966 774 1030 populum
783 964 924 1015 ludaicurn
938 973 1090 1030 exspectare
1099 965 1177 1015 Chri·

643 1036 676 1087 sti
690 1038 843 1097 adventurn,
856 1054 885 1089 ac
899 1053 946 1103 per
961 1037 1042 1088 fidem
1056 1046 1083 1088 et
1093 1052 1174 1102 opera

643 1109 750 1159 tendere
764 1109 797 1158 ad
819 1110 924 1174 ipsum,
942 1119 968 1158 et
986 1109 1112 1159 nolebant
1127 1123 1175 1159 ve-

643 1181 711 1244 nire,
725 1184 856 1233 credendo
870 1182 1015 1248 Scripturis
1030 1181 1173 1232 invitanti-

643 1255 703 1315 bus,
722 1255 873 1305 obediendo
896 1254 979 1304 servis
1007 1254 1174 1315 vocantibus,

643 1325 835 1391 congaudendo
850 1324 952 1390 nuptiis
965 1324 1109 1390 regalibus.
1125 1324 1175 1374 Ite-

641 1411 701 1446 rum
722 1395 795 1446 misit
813 1396 885 1447 alios
908 1410 1001 1447 servos
1024 1405 1176 1462 sequentes,

642 1468 745 1519 scilicet
757 1468 886 1518 loannem
900 1467 1056 1532 Baptistarn,
1071 1476 1097 1517 et
1107 1467 1178 1533 Apo

642 1540 736 1599 stolbs,
751 1537 843 1589 dicens
855 1556 863 1588 .·
877 1539 967 1589 Dicite
979 1538 1110 1600 invitatis,
1120 1539 1175 1590 sci-

642 1609 703 1659 licet
712 1608 812 1659 Judaeis
824 1608 923 1658 vocatis
933 1623 948 1657 a
957 1616 1078 1672 tempore
1092 1608 1176 1658 Abra-

642 1682 706 1733 hae:
722 1682 794 1732 Ecce
805 1680 952 1747 prandium
967 1695 1052 1730 meum
1062 1682 1174 1745 paravi,

642 1753 670 1802 id
685 1761 725 1804 est
739 1751 899 1818 mysterium
913 1750 1105 1801 incarnationis
1120 1750 1176 1800 im-

642 1823 721 1889 plevi,
731 1838 761 1874 ac
775 1831 939 1872 sacramenta
948 1821 1075 1873 Ecclesiae
1088 1829 1114 1871 et
1123 1821 1175 1870 do-

642 1893 757 1944 ctrinam
781 1892 966 1946 Christianam
992 1891 1092 1957 quibus
1112 1890 1176 1941 refi-

642 1964 727 2014 ciatur
743 1963 844 2023 anima,
866 1962 1005 2029 disposui,
1025 1961 1099 2013 tauri
1114 1961 1175 2023 mei,

641 2034 743 2085 scilicet
763 2043 850 2100 patres
871 2033 977 2084 Veteris
999 2031 1176 2090 Testamenti,

642 2107 689 2174 qui
713 2107 764 2157 sub
784 2108 847 2173 jugo
863 2106 943 2172 Legis
969 2107 1136 2166 laborabant,
1151 2114 1177 2155 et
1214 2153 1216 2159 .

642 2177 769 2229 inimicos
780 2177 907 2228 comibus
918 2177 1090 2240 ventilabant,
1101 2182 1127 2226 et
1138 2176 1177 2226 al-

643 2250 711 2312 tilia,
725 2251 802 2316 quasi
819 2249 923 2309 alitilia,
938 2249 971 2298 ab
986 2249 1081 2298 alendo
1096 2248 1176 2306 dicta,

642 2320 743 2370 scilicet
753 2331 840 2385 patres
853 2319 921 2368 Novi
933 2317 1100 2368 Testamenti
1111 2317 1176 2382 pin-

642 2391 758 2456 guedine
780 2390 898 2440 caritatis
923 2388 1055 2453 saginati,
1080 2387 1177 2452 pennis

642 2463 774 2514 virtutum
795 2461 873 2522 alati,
895 2459 927 2509 ad
952 2473 1064 2523 superna
1087 2469 1177 2507 ttrite

644 2533 733 2592 erecti,
748 2533 839 2583 occisa
854 2536 923 2591 sunt,
943 2529 1007 2593 quia
1020 2529 1109 2578 Sancti
1128 2543 1176 2574 s:-

643 2605 771 2655 ciduntur
780 2619 829 2667 pro
840 2602 924 2651 salute
935 2599 1041 2665 populi;
1052 2604 1079 2649 et
1087 2598 1177 2648 omnia

638 2679 741 2740 parata
760 2679 835 2736 sunt,
860 2671 925 2737 quia
948 2669 1082 2737 quidquid
1103 2682 1179 2734 qure-

641 2746 711 2796 ritur
728 2745 761 2794 ad
779 2744 902 2802 salutem,
925 2743 978 2807 jam
1001 2739 1178 2820 adimpletum

643 2826 683 2866 est
700 2816 728 2865 in
748 2813 907 2880 scripturis,
931 2814 983 2872 vel,
1004 2809 1099 2861 omnia
1118 2823 1179 2875 quae

642 2888 777 2954 pertinent
786 2887 819 2936 ad
827 2884 987 2952 mysterium
999 2893 1099 2934 nostrae
1112 2881 1179 2932 Red-

643 2959 797 3026 emptionis,
811 2959 863 3018 vel,
882 2957 1012 3007 introitus
1034 2955 1120 3022 regni,
1140 2963 1181 3004 est

643 3047 691 3098 per
708 3031 789 3082 fidem
803 3044 868 3080 meae
888 3028 1088 3079 incarnationis
1101 3042 1181 3093 aper-

644 3113 698 3162 tus,
713 3100 759 3166 qui
778 3109 839 3150 ante
853 3099 940 3149 fuerat
959 3099 1079 3160 clausus3
1096 3097 1181 3148 venite

644 3174 682 3225 ad
690 3173 799 3238 nuptias
810 3173 951 3234 credendo,
961 3136 1112 3236 diligendo,
1123 3181 1183 3232 ope·

644 3245 736 3295 tando
751 3243 798 3293 illi
811 3250 898 3294 autem
910 3243 1103 3308 neglexerunt,
1118 3236 1182 3302 quia

644 3314 728 3367 ludaei
740 3313 958 3380 pradicationem
966 3309 1072 3362 Christi
1080 3308 1183 3372 stilpo-

645 3389 775 3440 stolorum
790 3394 1026 3450 contempserunt,
1042 3396 1105 3430 nam
1119 3393 1183 3444 pau·

644 3460 677 3520 ci,
701 3458 887 3524 comparative,
911 3457 945 3506 de
968 3453 1069 3505 Judaeis
1095 3449 1184 3501 credi-

645 3531 750 3581 derunt.
767 3530 963 3608 Neglexerunt
984 3524 1106 3590 quidem,
1119 3519 1184 3601 quia

645 3597 795 3651 Dominum
807 3616 862 3649 non
873 3599 1036 3647 timuerunt:
1046 3593 1098 3654 Qui
1107 3591 1182 3641 enim

645 3675 730 3724 Deum
749 3673 822 3723 timet
840 3668 906 3720 nihil
925 3666 1057 3732 negligit,
1067 3699 1134 3715 .....
1156 3669 1183 3714 et

648 3745 771 3796 abierunt
782 3741 876 3793 alius'
866 3754 893 3790 tn
905 3738 997 3788 uillam
1009 3750 1095 3798 suam,
1110 3734 1182 3785 alius

649 3831 712 3868 vero
730 3815 768 3867 ad
784 3811 992 3879 negotiationem
1011 3822 1100 3869 suam,
1122 3821 1184 3856 am-

647 3889 752 3942 bitione
778 3884 861 3938 seculi
884 3893 1013 3951 tanquam
1032 3879 1105 3931 rillae
1125 3879 1182 3943 Do·
