2632 4320
183 309 230 360 DE
253 313 429 365 ADVENTU
447 315 493 365 ET
510 315 790 370 PERSECUTIONE
805 320 1051 376 ANTlCHRlSTl.
1141 328 1191 381 io.

1180 386 1187 414 l

649 433 683 483 sti
701 434 731 484 in
756 451 864 488 caraman
889 439 971 491 luerit
994 443 1124 503 occultus,
1145 455 1189 495 ta-

649 519 712 554 men
740 507 873 559 adventus
909 512 967 575 eius
994 513 1027 562 ad
1058 513 1188 577 ¹pudiciuru

648 573 698 623 erit
714 575 753 626 ita
766 577 934 639 manifestos,
949 583 1023 647 quod
1038 599 1094 633 non
1107 595 1188 650 pote·

58 425 190 486 serviant,
204 437 231 478 et
246 430 278 478 ad
291 430 459 482 rectitudinis
474 431 538 495 ejus
550 447 595 482 re-

54 497 148 562 gulam
176 498 337 565 dirigantur.
360 501 404 552 Sic
428 503 503 552 enim
534 518 595 553 vere

54 583 175 633 regnum
201 571 258 635 ejus
287 571 407 632 erimus,
433 584 460 624 et
488 574 544 639 ipse
566 574 595 624 in

56 637 141 688 nobis
159 641 289 700 manebit,
311 652 337 692 et
350 659 399 693 nos
421 643 450 693 in
472 643 519 693 illo
532 659 594 695 ma-

57 719 154 760 nentes
180 711 245 761 bene
265 712 387 763 vivemus
411 731 418 764 :
444 715 498 765 Vos
519 715 593 776 estis,

57 782 96 833 ait
109 783 269 848 apostotos,
299 801 398 850 corpus
422 787 544 850 Christi,
568 795 595 840 et

55 855 175 905 munbi-a
198 857 232 907 de
255 860 380 910 menum.
408 861 488 911 Serva
511 861 596 927 igitur

56 941 155 991 corpus
167 942 197 976 ea
209 928 339 993 dignitate
357 946 410 995 qua
426 932 509 982 decet.
524 933 597 982 Ocu-

55 995 130 1047 litui
152 996 255 1048 Christi
268 1010 342 1061 sunt,
361 1017 418 1050 non
436 1002 520 1067 igitur
531 1003 595 1052 licet

18 1120 21 1125 ,
56 1067 108 1118 tihi
127 1070 220 1120 oculos
244 1070 344 1121 Christi
364 1073 399 1121 ad
419 1072 523 1138 aliquas
545 1089 595 1124 va-

56 1139 155 1192 nitates
173 1143 379 1208 conspiciendas
407 1145 531 1212 dirigere.
553 1147 594 1196 Os

56 1220 136 1263 tntum
147 1203 180 1264 its
207 1213 309 1265 Christi
324 1225 372 1276 est,
385 1233 441 1266 non
456 1232 518 1282 ergo
533 1217 596 1267 licet

56 1281 108 1332 tibi
129 1299 161 1334 os
177 1284 290 1345 Christi,
304 1302 363 1336 non
382 1288 442 1337 dico
457 1289 490 1338 ad
504 1289 595 1338 detra-

57 1354 169 1416 ctiones,
200 1371 257 1405 non
288 1357 349 1407 dico
378 1360 410 1407 ad
439 1358 594 1417 mendacia,

58 1427 104 1476 sed
137 1443 226 1493 neque
256 1429 289 1477 ad
319 1431 423 1480 otiosos
456 1445 594 1480 sermones

24 1526 33 1546 .
57 1497 171 1562 aperire,
189 1499 266 1564 quod
283 1499 317 1548 ad
334 1501 405 1550 solas
422 1501 514 1550 laudes
532 1501 592 1562 Dei,

26 1562 29 1566 “
57 1568 91 1618 ad
109 1567 317 1619 aedificationem
328 1571 443 1636 proximi
455 1571 539 1621 debes
547 1586 595 1636 pa-

57 1647 145 1690 namn
159 1639 267 1691 habere.
278 1641 322 1690 Sic
333 1643 367 1691 de
379 1641 478 1692 ceteris
489 1640 592 1692 Christi

57 1710 191 1761 membris
207 1720 261 1760 tuae
280 1713 410 1763 custodiae
439 1713 595 1765 commissis

58 1780 177 1848 intellige
198 1799 204 1831 :
228 1802 242 1830 n
264 1783 321 1833 haec
335 1785 490 1835 Auselmut.

88 1853 310 1920 9Dtrrnnnume
334 1872 412 1906 turea
436 1873 536 1906 saturni
559 1873 594 1907 ar

58 1938 197 1974 sutertona
231 1925 344 1975 Cnatsrr
378 1938 528 1977 tunsurus.
562 1937 592 1966 -'-

57 1996 162 2048 Deinde
181 1997 323 2064 subjungit
341 2016 348 2049 :
363 2001 395 2050 Si
417 2015 488 2065 ergo
509 2000 592 2050 dixe-

59 2068 115 2119 rint
127 2068 214 2130 uobis,
230 2083 290 2119 ecce
300 2070 328 2120 in
342 2071 448 2122 deserto
462 2079 503 2123 eu
516 2072 594 2122 Chri-

57 2149 124 2200 stus,
149 2139 251 2192 scilicet
274 2153 405 2208 tanquam
420 2144 504 2195 homo
526 2145 590 2195 reli-

56 2212 150 2278 giosus
171 2213 212 2262 in'
224 2215 283 2264 loco
304 2215 417 2274 deserto,
442 2218 520 2282 quasi
540 2219 593 2268 sub

56 2284 145 2349 specie
166 2285 319 2334 sanctitatis
335 2302 384 2336 uos
400 2287 523 2352 decipere
542 2304 593 2338 uo-

56 2356 152 2416 lentes,
185 2357 269 2407 aolite
289 2359 368 2408 exire
387 2374 404 2408 a
420 2369 510 2410 restro
533 2360 592 2410 loco

57 2438 82 2478 et
111 2428 253 2494 proposito
279 2429 313 2478 ad
341 2430 488 2481 videndum
511 2448 592 2490 eum,

56 2500 96 2550 vel
117 2500 153 2550 ad
167 2501 335 2565 sequendum
357 2517 404 2566 per
421 2502 511 2566 operis
536 2503 594 2553 itni-

59 2571 208 2634 tationem3
233 2581 259 2620 et
281 2572 303 2621 si
327 2572 462 2622 dixerint:
478 2574 551 2624 Ecce
566 2576 592 2624 in

55 2640 257 2706 penetralibus,
282 2652 308 2691 et
333 2642 362 2690 in
393 2642 459 2692 locis
481 2645 593 2695 occultis

59 2722 107 2772 est,
139 2712 192 2762 sub
217 2712 304 2777 specie
333 2713 496 2778 cognitionis
523 2715 594 2765 divi-

59 2799 158 2835 notum
181 2799 360 2846 arcanorum,
383 2785 515 2835 malitiam
535 2788 593 2852 ejus

58 2857 207 2921 palliantes,
230 2865 255 2906 ct
266 2873 313 2907 vos
325 2858 446 2924 decipere
461 2859 592 2920 volentes

58 2927 140 2977 nolite
152 2926 270 2977 credere.
285 2928 343 2987 Vel,
358 2929 507 2979 secundum
521 2931 592 2980 Hie-

59 3012 213 3065 ronymum,
235 2997 258 3046 si
272 2997 334 3063 quis
349 2999 504 3062 promiserit
515 3001 593 3050 vobis

59 3066 132 3134 quod
145 3066 173 3117 in
189 3067 295 3116 deserto
310 3068 471 3132 Gentilium,
486 3079 513 3118 et
526 3069 593 3136 phi-

58 3137 236 3204 losophorum
251 3138 375 3204 dogmate
391 3139 516 3191 Christus
530 3156 592 3190 mo-

58 3219 141 3270 retur,
170 3220 218 3259 ant
246 3210 272 3260 in
300 3209 487 3260 haereticorum
507 3225 593 3277 pene*

60 3279 185 3340 natibus,
214 3288 240 3329 et
267 3280 378 3329 occultis
406 3296 453 3331 seu
470 3281 593 3331 obscuris

59 3350 263 3411 conventiculis,
287 3365 347 3415 quae
363 3351 411 3400 Dei
432 3352 593 3416 pollicentur

59 3439 162 3487 arcana,
187 3423 269 3475 nolite
292 3424 409 3474 credere.
436 3425 496 3474 Non
520 3425 593 3475 enirn

59 3496 130 3548 Deus
159 3497 189 3547 in
213 3495 329 3545 secundo
352 3497 467 3545 adventu
494 3497 521 3548 in
545 3499 594 3548 dc-

59 3575 131 3621 serto
140 3567 291 3634 vagabitur,
302 3584 350 3618 nec
365 3569 391 3618 in
400 3570 592 3634 penetralibus

59 3648 103 3691 aut
117 3640 148 3690 in
167 3639 259 3705 aliquo
279 3639 378 3705 angulo
401 3649 486 3700 terrae,
509 3640 550 3690 vel
567 3639 595 3689 in

60 3711 165 3761 occulto
190 3709 257 3768 loco,
274 3724 321 3759 seu
336 3709 363 3758 in
382 3709 519 3774 aliquibus
544 3711 596 3759 ob-

59 3782 145 3834 scuris
168 3781 303 3844 latitabit3
335 3782 382 3831 sed
411 3782 443 3832 de
460 3783 525 3832 coelo
547 3799 597 3832 ve-

60 3853 138 3905 niens
171 3851 316 3904 manifeste
341 3851 469 3902 omnibus
495 3853 598 3918 ubique

59 3922 212 3992 apparebit,
226 3923 291 3990 quia
305 3922 367 3974 licet
380 3923 508 3975 adventus
522 3922 598 3974 Chri-

648 644 687 695 rit
701 646 820 712 aliquem
838 651 920 700 latete
941 661 1072 718 tanquam
1087 653 1188 721 incog-

648 715 734 766 nitus.
751 719 778 766 ln
793 719 882 782 primo
896 721 971 771 enim
983 724 1099 774 adventu
1114 725 1188 777 uenit

648 787 677 836 in
702 789 868 853 humilitate,
895 804 920 844 et
944 796 1036 860 paucis
1051 798 1187 862 cognitus,

648 867 697 908 eta
709 861 806 911 multis
818 864 958 928 despectus
970 875 998 915 ct
1011 868 1184 932 reprobatus,

648 929 693 978 sed
708 929 736 980 in
754 934 876 984 secundo
887 935 1004 986 adventu
1016 937 1109 987 veniet
1124 954 1185 989 ma-

648 998 767 1050 nifestus
788 1013 816 1052 et
842 1004 987 1069 gloriosus,
1009 1007 1040 1056 in
1055 1017 1185 1072 potestate

647 1071 741 1122 orbem
755 1074 931 1138 judicaturus.
946 1077 1023 1137 Nam,
1037 1087 1068 1127 ut
1081 1078 1119 1128 ait
1130 1080 1186 1129 Aa·

647 1142 784 1207 guttinus,
808 1147 945 1196 occultum
969 1148 1106 1213 oportebat
1120 1164 1183 1199 euin

647 1213 737 1263 venire
760 1226 791 1264 ut
818 1216 996 1282 judicaretur,
1026 1218 1184 1270 manifestus

647 1295 737 1334 autern
752 1287 843 1337 veniet
856 1299 887 1338 ut
908 1290 1016 1354 judicet.
1032 1291 1115 1350 Quasi
1140 1290 1183 1340 di·

647 1364 718 1408 ceret
731 1372 739 1408 ε
754 1356 850 1408 Nolite
862 1359 901 1410 eis
915 1362 1034 1429 credere,
1048 1361 1113 1427 quia
1124 1362 1184 1413 dies

647 1429 779 1480 adventus
804 1430 858 1480 mei
884 1431 921 1481 ita
942 1433 1012 1482 clara
1032 1434 1094 1494 erit,
1108 1434 1183 1499 quod

648 1499 740 1549 nullus
766 1499 799 1548 de
820 1516 860 1550 ea·
875 1501 998 1553 dubitare
1017 1503 1126 1567 poterit.
1141 1503 1183 1553 Ad

647 1573 720 1637 quod
736 1573 946 1624 similitudinem
968 1574 1082 1640 fulgoris
1096 1575 1183 1626 intro·

647 1640 742 1690 ducit:
756 1641 835 1692 Sicut
848 1643 916 1692 euim
929 1643 1033 1708 fulgur
1047 1654 1074 1692 et
1087 1645 1184 1708 splen-

646 1710 695 1759 dor
708 1711 783 1772 solis,
798 1713 858 1763 exit
871 1715 906 1762 ab
919 1714 1037 1776 Oriente,
1053 1724 1079 1763 et
1090 1716 1183 1765 subito

641 1787 724 1847 paret
737 1782 844 1847 ubique
859 1797 941 1848 usque
958 1784 984 1833 in
1000 1784 1181 1850 Occidentem,

646 1850 732 1901 oculis
752 1852 856 1902 scilicet
869 1853 995 1903 omnium
1007 1854 1180 1918 manifestus,

646 1932 673 1972 et
685 1939 738 1972 non
753 1923 781 1973 in
795 1939 851 1974 una
870 1935 945 1989 parte
962 1924 1068 1975 uidetur
1082 1936 1108 1975 et
1122 1924 1180 1975 lul-

645 2002 697 2058 get,
722 1994 768 2044 aed
791 1994 821 2043 in
844 1995 982 2055 omnibus,
1009 2010 1180 2045 necannun-

645 2065 728 2116 tiante
750 2067 792 2117 vel
814 2083 937 2132 precone
959 2067 1073 2134 indiget,
1088 2069 1178 2118 sedin

645 2138 755 2189 instanti
778 2149 916 2189 momento
937 2141 1067 2205 temporis
1088 2140 1116 2191 in
1131 2156 1179 2191 or-

646 2211 707 2260 bem
730 2221 863 2261 terrarum
878 2211 1037 2262 universum
1052 2221 1180 2279 appeten

645 2281 684 2330 ita
706 2283 758 2333 erit
780 2289 806 2332 et
826 2283 956 2333 adrentus
972 2283 1041 2333 Filii
1055 2283 1178 2345 nomime,

645 2351 677 2401 ad
691 2351 823 2416 judicium
836 2353 960 2418 generale
974 2369 982 2402 z
997 2353 1048 2403 erit
1061 2353 1178 2414 subitus,

644 2434 671 2472 et
693 2438 831 2482 coruscus,
854 2433 881 2473 et
904 2423 1062 2473 manifestus
1087 2425 1178 2475 omni-

646 2496 705 2554 bus,
729 2505 755 2544 et
779 2495 815 2544 ita
830 2505 921 2560 patens
946 2506 972 2544 et
992 2495 1077 2544 clarus
1103 2497 1178 2560 quod

646 2567 737 2615 nullus
762 2565 884 2615 dubitare
897 2565 1004 2629 poterit,
1020 2575 1046 2614 et
1061 2580 1116 2614 non
1132 2565 1176 2615 hic

645 2636 686 2685 vel
707 2636 771 2695 illic,
789 2636 835 2685 sed
850 2635 932 2684 simul
948 2634 1050 2700 ubique
1067 2644 1178 2700 propter

646 2706 805 2756 effusionem
832 2718 857 2756 et
885 2705 1056 2770 splendorem
1084 2705 1177 2770 gloriae

645 2777 791 2843 apparebit.
813 2777 932 2826 Stultum
958 2785 998 2825 est
1023 2791 1086 2842 ergo
1114 2791 1178 2826 eum

645 2850 715 2900 credi
741 2865 808 2914 esse,
835 2849 876 2900 vel
903 2863 1021 2915 quaerere
1044 2849 1071 2897 in
1093 2864 1176 2914 parvo

644 2923 702 2973 loco
717 2932 743 2973 et
768 2923 798 2973 in
827 2921 993 2981 abscondito,
1021 2922 1068 2987 qui
1096 2922 1180 2972 totius

645 2997 739 3046 mundi
749 2997 839 3046 lumen
851 3005 901 3046 est.
912 2995 990 3045 Unde
1003 2995 1179 3046 Ambrosius:

646 3066 799 3118 «Christus
824 3065 894 3115 sicut
918 3063 1010 3130 fulgur
1037 3079 1181 3115 coruscans

643 3153 690 3203 per
701 3137 857 3187 universum
869 3135 1126 3185 mundumluminis
1138 3133 1180 3184 sui

645 3210 740 3276 globos
754 3207 866 3274 spargit.
884 3207 919 3257 Et
938 3207 999 3256 ideo
1014 3222 1064 3257 nec
1085 3206 1113 3255 in
1128 3205 1179 3254 de-

644 3281 723 3330 sertis
748 3287 867 3344 vagatur,
891 3293 941 3327 nec
963 3275 1100 3341 aliquibus
1113 3275 1179 3324 locis

645 3353 787 3412 clauditur,
816 3352 879 3417 quia
909 3351 1002 3401 coelum
1029 3355 1054 3398 et
1077 3354 1178 3398 terrum

646 3440 698 3491 ego
727 3424 840 3489 impleo,
869 3423 934 3474 dicit
962 3421 1101 3470 Dominus.
1127 3419 1178 3468 Sed

647 3497 706 3546 luce
720 3494 832 3561 fulgoris
847 3493 941 3558 fulget,
956 3491 1029 3541 utin
1044 3488 1089 3539 illa
1104 3497 1180 3538 nocte

647 3567 848 3619 resurrectionis
872 3564 986 3629 gloriam
1009 3563 1099 3612 videre
1114 3575 1179 3625 pos-

647 3642 742 3692 simus.
757 3659 770 3687 n
782 3640 825 3702 Et,
837 3647 867 3688 ut
878 3637 944 3685 dicit
957 3635 1178 3701 chrysostomus,

648 3711 719 3762 sicut
735 3710 838 3774 fulgur
861 3706 1007 3756 secundum
1022 3703 1179 3771 qualitatem

648 3780 762 3846 fulgoris
788 3778 829 3829 sui
854 3793 907 3826 non
931 3775 1012 3841 digne
1032 3772 1178 3839 aspicitur;

649 3852 687 3902 sic
706 3861 733 3902 et
746 3851 811 3900 dum
827 3846 931 3898 venerit
943 3845 1068 3898 Christus
1081 3858 1180 3894 secun-

649 3923 716 3973 dum
743 3934 897 3971 mensuram
923 3916 1015 3982 glorie
1037 3915 1103 3980 ejus,
1126 3929 1181 3964 non

976 4010 989 4036 ἱ
