2632 4320
181 240 229 292 DE
243 242 409 293 sessioni-2
423 243 553 294 DOMlNl
567 245 681 296 SUPER
697 246 842 300 PULLUM
859 250 907 301 ET
927 252 1069 304 usluau.
1141 271 1191 323 199

74 357 236 409 bantcultui
254 357 345 408 divino
358 357 387 408 in
401 360 557 411 Jerusalem.
576 361 607 411 ln

72 428 126 478 hoc
141 428 217 493 quod
242 427 376 479 Dominus
389 429 463 480 venit
482 428 512 480 in
526 445 606 480 mon-

72 509 127 550 tem
155 498 267 563 Oliveti,
288 498 452 564 significatur
471 501 545 566 quod
559 517 606 567 per

70 571 159 623 solam
173 571 300 636 pietatem
315 573 439 623 veniebat
454 573 489 622 ad
505 573 606 624 Passio

69 657 143 704 uem,
160 652 186 693 et
206 658 261 693 non
281 658 329 709 per
350 644 545 695 necessitatem.
560 646 605 697 Se·

68 713 193 764 cundum
216 713 423 779 Hieronymum,
449 714 500 765 iste
525 731 605 767 mons

69 796 181 837 vocsmr
209 801 289 836 mons
311 787 374 846 olei,
400 785 556 838 chrismatis
577 798 604 838 et

68 859 185 912 luminis
200 875 207 910 ι
223 859 317 925 inquo
328 858 494 926 significatur
506 859 603 926 triplex

66 928 180 980 &setus
202 929 352 980 Dominicis
379 928 514 981 Passionis
538 947 544 981 :
574 930 602 981 in

67 1000 141 1051 oum
162 999 243 1051 venia
268 1000 453 1065 indulgentiae,
480 1001 510 1051 io
526 1000 603 1052 chri-

67 1079 156 1122 smate
182 1071 276 1122 unctio
301 1072 409 1137 gratiae,
438 1072 467 1121 in
496 1071 602 1122 lumine

65 1144 195 1210 splendor
207 1145 309 1210 gloriae.

95 1231 112 1266 2
128 1216 205 1266 Duos
213 1231 469 1268 urrrirmscmuaos
479 1234 513 1267 au
529 1232 601 1275 Quu-

62 1302 174 1338 muas
190 1303 286 1338 samus
305 1303 418 1346 muscus
438 1304 554 1340 suiuus.
568 1318 600 1328 -

60 1358 104 1409 lbi
116 1373 182 1424 ergo
197 1358 332 1408 Dominus
345 1360 513 1424 exspectans,
526 1361 600 1411 misit

62 1429 129 1481 inde
161 1431 230 1481 duos
257 1431 414 1498 discipulos.
442 1433 599 1483 Secundum

64 1500 288 1567 Cirraoalomum
302 1513 329 1553 et
343 1503 479 1565 Glossam,
492 1503 522 1554 hi
536 1502 598 1554 fue·

63 1581 129 1623 rint
143 1571 287 1638 Philippus
307 1583 333 1623 et
352 1574 466 1623 Petrus:
480 1589 597 1639 quorum

63 1640 170 1708 primus
192 1643 354 1704 Samariam,
379 1644 457 1710 quasi
484 1644 597 1710 asinam,

62 1714 200 1765 secundus
221 1713 389 1775 Cornelium,
415 1715 491 1781 quasi
514 1715 597 1767 asinae

61 1785 169 1852 pullum
183 1785 310 1849 adduxit;
325 1787 390 1837 tales
409 1787 483 1838 enim
499 1788 598 1839 debent

61 1858 134 1911 niul
149 1859 183 1909 ad
198 1859 408 1924 praedicandum,
431 1861 533 1912 scilicet
549 1861 597 1927 qui

62 1933 162 1985 labem
193 1931 359 1999 agnitionem
386 1934 523 1998 veritatis,
550 1950 598 1986 seu

62 2003 206 2056 sdsntiam
244 2005 277 2056 ad
313 2006 538 2072 intelligendum,
571 2017 598 2058 et

62 2075 236 2142 splendorem
248 2074 406 2136 honestatis,
423 2093 471 2127 seu
485 2077 597 2142 gratiam

61 2148 93 2199 sd
106 2147 273 2199 docendum.
296 2148 392 2200 Petrus
415 2150 486 2200 enim
511 2149 598 2200 inter-

61 2228 181 2285 pretatur
194 2233 355 2285 wwscens,
369 2220 514 2286 Philippus
524 2236 597 2281 vero,

62 2304 93 2343 us
105 2290 253 2358 latipudia.
271 2290 354 2341 Misit
368 2303 458 2342 autem
476 2292 598 2360 discipu·

62 2361 110 2425 los,
135 2360 226 2428 -quasi
261 2361 461 2426 disciplinatos,
489 2373 598 2429 propter

46 2432 268 2486 affiliationem
292 2434 426 2500 exempli3
448 2437 495 2486 sed
519 2437 596 2498 daos,

62 2515 170 2572 psopter
192 2503 348 2555 firmitatem
364 2505 439 2555 verbi
461 2523 468 2555 ε
491 2505 557 2572 quia
570 2506 597 2556 in

63 2592 106 2631 ors
132 2577 248 2629 &mum
271 2577 313 2628 vel
333 2579 425 2641 trium,
447 2584 504 2628 stat
520 2593 598 2630 omae

63 2649 187 2710 velum
206 2657 233 2698 et
248 2647 374 2714 pluribus
390 2648 451 2698 aliis
465 2648 598 2699 decausis

63 2720 205 2773 minavit
227 2720 301 2771 hunc
319 2736 473 2784 numerum,
488 2721 560 2772 sicut
572 2731 599 2772 et

64 2794 138 2846 bos
150 2794 227 2845 misit
239 2794 273 2844 ad
287 2795 498 2859 praedicandum.
520 2795 597 2846 Unde

63 2862 250 2932 trinonymm
259 2882 269 2915 .-
279 2883 293 2911 u
302 2865 383 2915 Misit
392 2865 460 2916 duos
471 2882 479 2915 :
490 2875 598 2932 propter

63 2938 226 3001 satietatem,
252 2949 362 3004 propter
384 2939 520 3005 duplicem
541 2939 597 2990 hu-

61 3008 204 3061 militatem
233 3011 322 3061 cordis
352 3021 378 3061 et
407 3010 541 3075 corporis,
571 3021 598 3061 et

63 3090 172 3147 propter
189 3080 325 3146 duplicem
345 3081 482 3147 geminam
498 3079 597 3131 carita-

61 3162 127 3217 tem,
140 3153 193 3204 Dei
211 3163 239 3205 et
257 3154 385 3220 proximi.
398 3173 411 3201 n
427 3155 462 3205 Et
475 3154 575 3205 iterum
588 3170 595 3204 :

61 3242 76 3272 a
89 3224 155 3276 Sive
168 3235 280 3290 propter
295 3225 444 3276 theoricam
461 3235 487 3275 et
503 3225 598 3291 practi-

60 3308 132 3356 cam,
155 3294 185 3346 id
206 3305 247 3347 est
272 3297 412 3348 scientiam
436 3306 565 3362 etopera.
582 3315 597 3344 u

62 3367 141 3419 Unde
153 3378 180 3420 et
192 3368 295 3419 Beda:
313 3387 326 3416 a
342 3370 423 3420 Recte
436 3379 527 3419 autem
542 3368 597 3418 duo

60 3437 219 3500 mittuntur,
243 3439 301 3490 sive
323 3450 432 3506 propter
457 3439 597 3490 scientiam

59 3509 194 3571 veritatis,
209 3520 237 3562 et
255 3512 420 3562 munditiam
435 3510 536 3578 operis,
551 3526 598 3562 seu

60 3592 171 3650 propter
184 3584 301 3651 geminae
313 3585 474 3644 dilectionis,
490 3583 539 3634 Dei
555 3583 598 3634 vi·

58 3653 157 3705 edicet
180 3665 207 3705 et
233 3654 361 3720 proximi,
390 3664 597 3718 sacramentum,

60 3732 119 3775 tuto
146 3725 215 3776 orbe
239 3725 451 3790 praedicandum.
480 3743 494 3772 s
520 3724 599 3775 Unde

57 3796 142 3848 etiam
165 3796 384 3864 Citrysoatomur
398 3815 406 3848 :
422 3815 436 3844 a
452 3795 527 3846 Duos
548 3811 599 3847 au-

59 3878 118 3921 tem
131 3867 210 3920 misit
228 3869 383 3934 Apostolos,
401 3868 465 3934 quia
485 3883 532 3934 per
545 3868 600 3918 duo

659 364 795 428 generalia
808 368 934 418 mandata
944 384 1026 419 omne
1039 384 1126 434 genus
1140 371 1191 421 ho·

659 435 767 487 minum
781 439 814 489 de
828 452 933 505 peccato
949 441 1106 494 absolvitur.
1121 444 1193 505 Qua·

657 506 711 558 lia?
724 509 835 576 Diliges
851 511 994 563 Dominam
1008 513 1094 564 Deum
1118 521 1190 566 tuum

657 594 697 631 ex
717 585 869 635 totocorde
888 592 941 651 tuo,
959 597 1024 649 etc.;
1046 593 1073 637 et
1088 590 1191 654 proxi·

657 667 728 703 maun
747 659 823 704 tuum
848 655 917 706 sicut
942 657 1065 721 teipsum.
1088 658 1119 708 ln
1145 658 1190 710 his

656 725 764 777 duobus
784 742 865 778 omne
881 740 1016 794 peccatum
1037 731 1189 797 expellitur,

657 807 683 848 et
695 798 787 849 omnis
797 799 901 862 justitia
909 812 1124 853 consummatur.
1136 804 1190 854 Aut

655 880 728 922 certe
745 872 793 922 illa
812 873 888 924 duo:
905 873 983 934 Quod
1007 876 1055 926 libi
1078 891 1131 927 nos
1147 877 1190 927 uis

655 943 726 1008 fieri,
748 946 830 996 alleri
843 961 876 997 ne
890 947 994 1011 seceris
1002 964 1013 1010 ,·
1026 958 1053 998 et
1068 965 1075 998 ε
1091 948 1190 1000 Omnia
1220 1006 1224 1017 .

655 1029 817 1082 qaaecunque
838 1018 921 1068 vultis
945 1024 975 1067 at
991 1018 1103 1083 saciant
1115 1020 1190 1070 vobis

655 1086 774 1138 homines
790 1096 816 1139 et
831 1104 880 1140 vos
896 1089 986 1154 facite
999 1091 1064 1141 illis.
1081 1109 1095 1138 n
1111 1092 1190 1142 Unde

654 1167 681 1207 et
694 1158 857 1225 Remigius:
870 1179 885 1208 a
899 1161 977 1212 Duos
989 1162 1091 1227 quippe
1103 1162 1186 1223 misit,

655 1239 765 1295 propter
780 1231 850 1281 duos
862 1232 972 1283 ordines
986 1233 1190 1298 predicatorum

654 1300 755 1351 missos
777 1302 880 1352 ludaeis
904 1304 935 1353 et'
954 1304 1104 1365 Gentibus,
1132 1303 1189 1354 sive

654 1372 719 1439 quis
738 1373 792 1424 duo
818 1385 883 1425 sunt
903 1386 1032 1442 praecepta
1052 1376 1188 1440 caritatis3

653 1444 711 1494 sive
731 1455 840 1509 propter
851 1446 906 1495 duo
919 1445 1108 1510 Testamenta3
1131 1446 1189 1497 sive

653 1523 765 1580 propter
787 1515 905 1565 litteram
922 1527 949 1566 et
967 1517 1104 1582 spiritum.
1122 1536 1136 1564 n
1149 1517 1189 1568 Et

652 1589 726 1639 dixit
742 1587 802 1638 eis:
818 1589 859 1638 Ite
873 1589 900 1639 in
914 1592 1063 1654 castellum,
1086 1591 1190 1642 scilicet

652 1660 681 1709 in
695 1660 855 1718 Jerusalem,
874 1662 945 1725 quod
966 1670 1060 1713 costra
1077 1678 1126 1714 vos
1137 1669 1186 1726 est,

650 1730 678 1780 id
692 1744 733 1781 est
745 1746 837 1781 coram
851 1731 929 1782 vobis
945 1744 998 1795 est;
1014 1743 1041 1784 et
1061 1734 1140 1784 vobis
1153 1749 1187 1785 ex

650 1801 774 1868 opposito
797 1803 918 1868 positum
931 1804 963 1853 ad
983 1804 1102 1854 radicem
1121 1805 1187 1855 alte·

650 1874 708 1925 rius
718 1874 829 1935 montis,
843 1875 943 1925 scilicet
951 1874 1026 1925 Sion.
1037 1876 1094 1925 Hoc
1103 1874 1187 1925 etiam

650 1944 724 2005 dicit,
749 1946 823 2010 quod
846 1945 1085 1996 contradictionem
1108 1944 1188 1995 futu-

650 2031 709 2066 ram
723 2015 752 2066 in
766 2017 916 2068 lemsuem
931 2028 1024 2067 contra
1041 2017 1185 2082 Apostolos

651 2087 822 2152 praevidebat,
839 2089 871 2138 Et
883 2087 950 2137 dicit
961 2088 1109 2150 castellum,
1123 2086 1187 2154 quis

651 2173 716 2209 usus
728 2173 810 2209 sacrae
822 2158 970 2224 Scripturae
982 2167 1023 2208 est
1040 2158 1186 2224 aliquando

650 2232 791 2282 castellum
805 2246 855 2296 pro
867 2231 983 2295 civitate,
1004 2239 1032 2280 et
1048 2229 1187 2280 civitatem

651 2317 699 2367 pro
723 2303 841 2363 castello,
857 2317 968 2368 ponere.
991 2301 1059 2361 Vel,
1088 2301 1187 2352 dicitur

650 2374 804 2437 rastellum,
831 2384 941 2440 propter
971 2373 1024 2424 loci
1051 2373 1136 2424 situm
1160 2383 1186 2424 et

649 2442 846 2505 fortitudinem,
875 2443 941 2508 quia
967 2442 1067 2508 triplici
1095 2459 1184 2507 muro,

649 2529 680 2565 ac
702 2515 912 2579 propugnaculis
934 2523 962 2562 et
981 2512 1128 2578 fortalitiis,
1149 2515 1182 2565 ad

650 2585 763 2635 modum
784 2583 872 2643 castri,
890 2584 979 2633 clausa
998 2593 1054 2635 erat
1075 2584 1184 2635 Jerusa-

650 2657 713 2705 lem.
727 2655 785 2714 Vel‚
800 2663 878 2705 vocat
889 2669 949 2704 eam
967 2654 1004 2704 sic
1016 2654 1181 2720 despective;

649 2726 703 2791 jam
717 2725 792 2775 enim
807 2741 906 2775 nomen
919 2725 1035 2776 civitatis
1047 2726 1182 2786 amiserat,

649 2795 714 2862 quia
727 2811 761 2846 ex
775 2795 897 2845 libertate
912 2795 1055 2861 temporali
1074 2796 1104 2846 in
1124 2811 1182 2847 ser-

649 2866 763 2916 vitutem
785 2865 915 2915 Gentium
941 2866 1053 2926 redacta,
1076 2877 1103 2917 et
1124 2868 1182 2917 Ro-

650 2935 739 2986 manis
761 2935 881 2999 subiecta
902 2946 970 2998 erat;
986 2936 1061 2996 item,
1085 2936 1122 2988 de
1145 2936 1182 2987 li-

650 3006 752 3055 bertate
779 3006 915 3070 spirituali
944 3007 1047 3057 redacta
1075 3018 1131 3059 erat
1153 3007 1182 3057 in

649 3077 805 3129 servitutem
834 3089 1016 3145 peccatorum;
1039 3090 1066 3131 et
1079 3081 1115 3132 de
1129 3081 1184 3132 fre·

649 3148 760 3215 quentia
779 3151 943 3215 populorum
968 3150 995 3200 in
1023 3151 1183 3216 paucitatem

649 3219 844 3280 habitatorum,
864 3233 889 3271 et
903 3221 964 3271 ideo
979 3221 1078 3271 dicitur
1099 3219 1184 3270 dimi-

650 3291 742 3344 nutive
765 3294 914 3345 castellum.
935 3295 1011 3358 Item,
1036 3310 1090 3344 non
1112 3300 1188 3342 vocat

649 3367 797 3417 Jerusalem
817 3367 963 3428 civitatem,
980 3366 1043 3433 quia
1060 3381 1115 3414 non
1128 3373 1186 3414 erat

650 3439 689 3490 ibi
711 3439 812 3491 civium
837 3441 942 3498 unitas,
972 3441 1020 3491 sed
1043 3437 1186 3502 multiplex

650 3511 785 3563 discordia
799 3513 870 3562 inter
886 3527 949 3575 eos;
966 3511 1013 3562 sed
1036 3517 1114 3560 vocat
1126 3522 1186 3557 eam

651 3585 799 3646 castellum,
823 3583 887 3651 quia
910 3584 1016 3633 munita
1036 3589 1091 3630 erat
1104 3577 1187 3629 armis

652 3654 758 3705 militiae
770 3665 863 3704 contra
874 3652 1022 3703 Christum.
1033 3649 1072 3699 Et
1084 3647 1185 3709 statim,

653 3725 754 3776 scilicet
778 3734 839 3774 ante
863 3733 967 3786 portam
989 3729 1016 3771 et
1044 3718 1187 3769 introitum

654 3794 777 3854 civitatis,
803 3793 942 3844 invenietis
959 3791 1065 3842 asinam
1082 3795 1109 3841 et
1120 3789 1188 3856 pal-

653 3867 710 3918 lum
734 3881 794 3917 cum
818 3880 868 3927 ea,
896 3879 975 3930 quam
1000 3877 1075 3914 nemo
1099 3862 1187 3914 adhuc
