2632 4320
126 280 162 332 86
293 323 299 333 .
424 276 600 329 SECUNDAE
617 274 743 325 PARTIS
763 274 880 325 CAPUT
894 274 938 324 xt.

125 396 224 464 quibus
240 406 313 447 tanta
330 392 520 445 familiaritatis
531 402 557 443 et
570 392 654 442 bene·
713 399 784 440 tutes
807 405 902 440 eorum
922 389 1030 450 habere,
1042 398 1073 439 ut
1085 387 1173 439 valeas
1184 404 1246 439 cum

123 470 249 521 velentiae
262 469 340 534 signa
363 466 490 528 ostendit,
507 475 534 516 et
548 464 657 515 studeas
714 463 781 529 ipsis
794 479 909 529 regnum
922 464 1052 513 eoelorum
1067 460 1215 527 possidere.

122 556 172 606 pro
193 554 273 606 posse
295 538 420 603 parvulos
436 536 585 597 imitarier
598 534 657 585 vir-

618 718 754 808 ortarro

157 929 271 980 Domine
293 929 357 979 lesu
379 927 495 987 Christe,
511 926 558 993 qui
578 941 628 976 nos
644 927 677 976 ad
697 925 892 976 continentiam
914 941 942 976 es
962 925 1092 989 hortatus,
1121 926 1155 976 da
1178 929 1251 992 quod

127 998 253 1059 hortaris,
269 1009 295 1048 et
306 999 396 1048 tribue
411 997 480 1047 mihi
498 996 587 1063 fragili
600 997 748 1047 castitatem
766 995 865 1046 mentis
884 1006 911 1046 et
925 996 1064 1062 corporis;
1081 1005 1108 1046 et
1125 997 1174 1062 qui
1187 1013 1253 1064 par-

127 1071 205 1120 vulos
223 1069 314 1147 venire
335 1069 367 1119 ad
388 1080 414 1118 te
427 1068 546 1128 voluisti,
565 1077 591 1118 et
607 1066 646 1118 eis
666 1082 763 1118 manus
788 1066 934 1131 imponens
958 1067 1130 1128 benedixisti,
1152 1079 1252 1133 praesta

127 1140 206 1202 mihi,
221 1141 330 1202 misero,
338 1151 369 1189 ut
378 1139 430 1190 sim
439 1139 566 1204 parvulus
576 1139 606 1189 in
620 1139 707 1189 oculis
718 1136 795 1196 meis,
806 1147 939 1202 quatenus
951 1139 1063 1204 gratiam
1072 1139 1210 1190 inveniam
1224 1140 1254 1190 in

127 1212 211 1262 oculis
223 1222 277 1263 tuae
292 1210 451 1277 maiestatis3
470 1221 496 1260 et
511 1211 583 1276 quod
600 1210 704 1277 parvuli
724 1208 862 1275 possident
874 1224 921 1273 per
934 1220 1066 1270 naturam,
1081 1227 1133 1277 ego
1156 1226 1253 1261 cottae·

126 1300 192 1351 quar
205 1284 414 1335 misericorditer
429 1299 477 1350 per
489 1284 602 1349 gratiam
612 1293 697 1343 tuam,
722 1291 752 1332 ut
768 1281 873 1332 meritis
894 1283 1019 1333 omnium
1035 1285 1212 1350 paruulorum
1227 1294 1254 1335 et

125 1355 272 1407 humilium
299 1355 348 1405 tibi
370 1355 543 1420 placentium,
560 1371 619 1421 ego,
644 1354 759 1404 ultimus
790 1353 926 1416 omnium,
953 1364 980 1404 te
1003 1366 1114 1415 rectore,
1134 1365 1162 1406 te
1176 1357 1253 1417 duce,

127 1443 230 1480 merear
239 1428 272 1479 ad
286 1438 312 1478 te
324 1428 471 1494 pervenire,
485 1436 510 1478 et
523 1443 539 1477 a
550 1436 576 1477 te
589 1426 777 1477 benedictione
789 1425 818 1475 in
828 1426 980 1477 coelestibus
991 1427 1139 1478 munerari.
1153 1428 1252 1479 Amen.

564 1808 733 1879 CAPUT
754 1806 806 1876 XI

423 2086 475 2153 De
492 2084 710 2186 perfectione
725 2084 964 2177 paupertatis.

343 2357 490 2420 Matthaei
508 2377 575 2440 cap.
598 2360 636 2421 18
661 2370 691 2420 et
712 2380 760 2441 19,
774 2357 876 2421 Mar'ci
898 2361 965 2442 capss
996 2381 1044 2422 ro.

160 2613 169 2645 1
188 2597 265 2647 Narro
277 2612 369 2656 sortus,
377 2612 429 2646 urst
441 2597 524 2646 Deus.
539 2624 568 2633 -
578 2594 658 2646 Habi-

127 2676 154 2716 to
191 2667 224 2716 de
257 2667 420 2732 perfectione
450 2667 601 2726 castitatis,
632 2676 658 2716 et

126 2738 286 2788 obedientiae
309 2755 357 2789 seu
382 2738 565 2799 humilitatis,
591 2755 658 2788 con-

125 2818 268 2874 sequenter
288 2809 344 2876 agit
361 2809 394 2859 de
412 2807 572 2873 perfectione
589 2825 658 2875 pau-

126 2877 245 2943 pertatis.
264 2878 303 2928 Et
329 2892 387 2930 ecce
406 2878 477 2929 enim
497 2894 565 2929 unus
592 2879 658 2929 ado-

125 2952 240 3012 lescens,
266 2965 339 3017 genu
365 2952 446 3018 flexo
475 2958 537 3003 ante
555 2952 657 3015 Jesum,

124 3021 244 3086 rogabat
270 3035 347 3085 eum,
369 3022 459 3072 dicens
480 3041 488 3073 :
507 3021 656 3088 Magister,

125 3100 235 3156 propter
267 3091 418 3142 doctrinam
452 3109 560 3153 sanam,
583 3093 656 3157 bone,

124 3171 233 3227 propter
248 3161 331 3213 vitam
354 3173 486 3227 sanctam;
508 3164 572 3229 quid
598 3164 659 3215 boni

120 3230 228 3296 faciem
255 3238 283 3282 ut
303 3232 386 3283 vitam
413 3240 542 3283 aeternam
564 3234 658 3300 perci-

120 3301 223 3366 piam?
244 3303 398 3353 Secundum
414 3304 525 3368 Bedam,
537 3304 658 3354 audierat

125 3371 176 3423 iste
195 3389 211 3424 a
231 3373 349 3424 Domino
365 3384 471 3424 tantum
485 3375 588 3425 similes
598 3391 658 3441 par·

123 3444 194 3494 vulis
225 3445 322 3511 dignos
347 3461 404 3495 esse
434 3461 518 3510 regno
546 3443 613 3510 Dei,
631 3455 656 3496 et

123 3511 185 3565 ideo
214 3515 315 3578 {certior
343 3531 400 3566 esse
428 3516 583 3566 desiderans
622 3516 655 3566 de

123 3581 247 3650 ingressu
273 3586 360 3652 regni,
383 3602 437 3636 non
467 3602 514 3652 per
541 3588 655 3652 parabo-

121 3650 170 3714 las,
192 3657 238 3706 sed
247 3657 365 3723 apertius
380 3658 496 3723 postulat
512 3657 564 3706 sibi
576 3673 655 3723 expo·

122 3722 161 3784 ni,
183 3726 284 3791 quibus
314 3728 426 3788 meritis,
453 3728 495 3778 vel
518 3728 653 3794 operibus,

123 3793 207 3847 vitam
238 3807 366 3849 aeternam
398 3798 484 3865 possit
515 3800 653 3866 consequi.

123 3863 205 3916 Jesus
222 3874 310 3919 autem
336 3868 475 3936 respondit
499 3868 524 3919 ei
531 3908 539 3934 ,
550 3872 554 3881 '
565 3870 654 3936 primo

714 2605 847 2660 quantum
857 2595 890 2644 ad
904 2594 961 2658 ejus
971 2593 1171 2660 cogitationem,
1186 2596 1253 2662 quia

714 2663 765 2714 iste
788 2664 921 2730 cogitabat
945 2666 1037 2716 lesum
1064 2680 1122 2716 esse
1149 2682 1249 2732 purum

713 2736 861 2797 hominem,
884 2737 946 2788 licet
966 2739 1084 2789 crederet
1105 2754 1169 2789 eum
1193 2756 1252 2792 esse

712 2818 844 2868 sanetum,
857 2809 960 2859 bonum
969 2810 1121 2873 doctorem;
1135 2820 1162 2863 et
1177 2810 1251 2876 ideo,

711 2879 788 2945 quasi
812 2882 977 2942 respondens
996 2883 1052 2948 ejus
1080 2883 1250 2949 cogitationi,

711 2949 780 2999 dixit
794 2948 817 3000 ei
842 2966 849 2999 ι
870 2951 942 3011 Quid
965 2951 1095 3002 medicis
1121 2952 1251 3004 bonum?

712 3022 796 3082 Quasi
819 3021 919 3073 diceret
932 3040 938 3074 ι
953 3025 993 3074 Ex
1020 3040 1076 3090 quo
1099 3040 1144 3076 me
1160 3025 1250 3077 credis

713 3108 811 3158 purum
823 3092 1034 3154 hominem,non
1048 3094 1130 3146 debes
1147 3111 1192 3147 me
1205 3112 1249 3147 vo-

712 3180 771 3215 care
785 3165 898 3216 bonum.
909 3167 995 3216 Nemo
1009 3165 1082 3215 enim
1093 3167 1188 3229 benur,
1194 3166 1251 3218 nisi

711 3235 786 3285 solus
796 3242 821 3287 et
831 3251 899 3286 unus
908 3237 983 3287 Deus
986 3254 996 3299 ,·
1010 3236 1061 3287 hoc
1073 3246 1113 3287 est
1123 3237 1247 3289 dietum:

711 3305 782 3356 Deus
804 3317 845 3358 est
861 3308 935 3358 solus
956 3308 1043 3358 bonus
1058 3309 1251 3372 essentialiter,

712 3392 758 3441 per
772 3392 810 3438 se,
823 3387 878 3428 eta
895 3378 994 3444 seipso,
1015 3388 1041 3428 et
1055 3380 1149 3430 nullus
1162 3379 1252 3447 atium

711 3446 774 3512 quia
796 3447 840 3498 alii
867 3448 1051 3515 participative
1072 3465 1120 3515 per
1143 3450 1247 3516 ipsum,

710 3527 737 3566 et
752 3517 785 3566 ab
813 3516 880 3582 ipso.
905 3518 981 3568 Unde
1000 3519 1216 3586 Chrysostomtts
1238 3538 1248 3572 t

711 3604 725 3632 tt
739 3587 797 3637 Hoc
822 3598 912 3638 autem
934 3588 1027 3639 dicens
1049 3606 1104 3640 non
1127 3590 1248 3641 excludit

710 3658 836 3709 homines
856 3677 871 3711 a
894 3661 1013 3712 bonitate
1020 3678 1027 3725 ;
1044 3663 1090 3712 sed
1104 3677 1121 3712 a
1136 3678 1248 3730 compa·

709 3729 814 3780 ratione
828 3731 958 3782 bonitatis
973 3732 1081 3784 divina.
1107 3733 1194 3794 Quasi
1209 3734 1249 3785 di-

709 3810 780 3850 ceret
800 3801 934 3852 Dominus
959 3819 965 3853 :
989 3803 1077 3863 Quare
1110 3803 1247 3857 medicis

710 3874 820 3935 bonum,
836 3891 899 3925 cum
929 3892 983 3926 non
1003 3877 1095 3927 credas
1113 3893 1158 3929 me
1184 3893 1245 3930 esse
