2632 4320
145 263 196 300 202

177 365 192 416 5
208 367 362 417 Pnornrma
376 367 519 417 laurarum
537 382 680 417 uersurum

144 452 272 488 manasse
306 439 415 490 Dourru.
445 466 475 477 ·—
503 439 566 490 Hoc
594 444 681 489 autem

144 514 229 559 tolum
242 508 350 574 facturr
364 515 413 572 esi,
428 516 458 560 ut
472 521 568 577 praeter
585 508 682 560 humi-

145 580 228 634 litatis
263 583 432 647 exemplum,
467 583 494 632 in
524 583 576 632 hoc
612 581 680 632 iacto

144 660 292 714 ostmsum,
308 652 388 702 etiarn
401 653 604 718 adimpleretur,
620 667 681 701 con-

144 721 261 772 semtive
276 738 330 772 non
344 723 471 783 effective,
494 722 565 788 quod
582 722 681 772 dicim

146 800 187 845 est
196 808 248 859 per·
270 796 443 860 Prophetam,
460 794 618 845 Zachariam
632 793 681 844 sci-

145 864 218 925 licet,
232 865 359 917 dicentem
380 866 494 917 :Dicite
507 864 581 931 filim
603 864 678 925 Sion,

145 935 247 987 scilicet
269 937 370 988 civitati
392 937 552 995 Jerusalem,
576 935 628 985 hoc
639 946 681 985 est

146 1009 332 1061 habitantibus
352 1010 381 1060 in
402 1025 434 1060 ea
455 1026 461 1059 :
484 1009 553 1058 Noli
577 1009 679 1068 timere,

145 1081 203 1130 imo
213 1082 317 1132 exsulta
330 1090 358 1132 et
370 1081 464 1146 jubila,
478 1079 527 1130 ubi
543 1080 588 1130 dat
600 1094 680 1129 secu-

145 1153 260 1215 ritatem,
285 1164 312 1204 et
331 1153 449 1204 excludit
473 1152 601 1202 timorem
624 1152 680 1201 hu-

146 1239 258 1277 manum
271 1237 297 1277 et
308 1226 447 1288 servilem3
459 1238 519 1276 ecce
530 1225 594 1276 Rex
608 1231 677 1286 tuus,

145 1297 174 1348 id
192 1309 233 1348 est
247 1297 382 1359 Christus,
403 1297 474 1348 venit
489 1297 541 1348 libi
553 1311 680 1347 matesue-

145 1376 198 1432 ass,
214 1371 308 1421 sedens
320 1385 401 1436 super
412 1370 527 1432 asinam,
541 1376 568 1419 et
575 1369 680 1434 pullum

139 1441 232 1506 filium
253 1442 415 1509 subjugalis,
435 1442 462 1492 id
479 1453 521 1492 est
532 1441 615 1492 asinae
629 1441 681 1492 sub

145 1513 209 1579 jugo
232 1525 257 1564 et
284 1530 364 1566 onere
386 1514 480 1581 positae
500 1524 527 1564 et
552 1513 679 1576 domitae;

147 1599 203 1632 non
227 1600 308 1650 super
329 1600 476 1651 utrumque
501 1584 604 1644 simul,
635 1584 681 1634 sed

144 1655 304 1707 successive.
330 1656 367 1707 Et
392 1656 460 1707 bene
483 1655 571 1705 dicit:
589 1654 681 1722 fllium

146 1726 308 1793 subjugalis,
332 1728 397 1794 quia
413 1729 529 1794 populus
552 1725 681 1778 Gentium

145 1799 271 1863 exemplo
292 1799 448 1849 Judoeorum
465 1798 592 1856 credidit,
612 1797 682 1847 vela

145 1868 248 1919 Judaeis
268 1870 302 1919 ad
320 1870 421 1920 Gentes
434 1870 548 1919 verbum
570 1866 682 1917 Domini

146 1939 290 1989 emanavit.
309 1941 338 1989 ln
364 1939 411 1997 tali
434 1939 550 1988 adventu
577 1947 603 1988 et
627 1947 681 1987 tam

147 2009 245 2060 humili
258 2009 425 2075 significatur
435 2009 518 2074 Regis
531 2008 681 2068 clementia,

146 2096 206 2146 quae
237 2081 354 2131 subditis
387 2082 465 2131 valde
496 2090 536 2130 est
567 2090 682 2144 accepta.

146 2153 230 2212 Quasi
245 2154 365 2204 diceret:
381 2155 442 2203 Non
464 2154 554 2203 veniet
568 2153 597 2202 iu
611 2152 682 2203 fastu

145 2227 237 2290 regio,
270 2236 379 2290 propter
404 2226 477 2291 quod
503 2235 593 2290 posset
624 2241 682 2276 esse

145 2296 266 2356 odiosus,
293 2297 339 2347 sed
362 2297 453 2348 veniet
470 2297 498 2346 in
523 2308 682 2347 mansuetu-

146 2365 218 2427 dine,
234 2368 431 2434 propterquod
455 2377 495 2418 est
511 2367 598 2434 magis
619 2368 683 2418 dili-

146 2440 259 2504 gendus.
290 2441 352 2492 Noli
386 2457 449 2508 ergo
472 2441 568 2492 timere
602 2440 684 2507 Regis

145 2512 359 2577 oppressionem,
373 2515 420 2565 sed
435 2513 521 2580 magis
537 2513 683 2574 exsultans,

145 2595 260 2647 agnosce
280 2585 381 2651 Regem
405 2595 483 2635 tuum
511 2594 616 2635 mentes
639 2599 684 2634 re-

147 2663 264 2718 gentem,
295 2666 322 2706 et
351 2657 383 2705 ad
410 2672 524 2722 regnum
553 2656 682 2706 coelorum

147 2725 345 2786 perducentem.
367 2726 520 2776 Secundum
544 2726 684 2792 Chrysus»

147 2797 254 2856 tomum,
279 2805 475 2844 consueverunt
501 2795 628 2845 homines
646 2794 683 2844 ti-

148 2878 221 2914 mere
244 2880 319 2930 reges
335 2865 483 2926 venientes,
500 2875 608 2932 propter
628 2881 682 2916 no-

147 2933 242 2985 vitates
267 2936 408 3000 bellorum,
432 2948 458 2988 et
478 2938 640 2998 exactiones,
654 2948 682 2988 et

147 3005 288 3056 servitutes
302 3017 383 3072 atque
396 3007 496 3072 injusta
508 3008 680 3075 gravamina;

148 3077 195 3127 sed
218 3078 273 3128 noli
297 3079 406 3141 timere,
434 3080 594 3141 Jerusalem,
619 3079 683 3146 quia

148 3146 199 3198 iste
220 3149 278 3198 Rex
300 3150 412 3199 veniens
426 3167 481 3200 non
498 3160 538 3201 est
551 3151 621 3215 talis,
636 3151 682 3201 sed

148 3231 306 3271 mansuetus
318 3231 345 3271 et
357 3222 489 3287 humilis5
503 3239 559 3273 non
572 3224 601 3273 in
616 3222 683 3273 mul-

147 3291 264 3349 titudine
286 3291 416 3342 exercitus
442 3303 468 3343 et
489 3309 622 3359 equorum
635 3295 682 3346 in-

148 3364 282 3430 grediens,
310 3364 357 3414 sed
378 3379 441 3414 cum
468 3364 568 3414 humili
592 3367 680 3426 turba,

148 3436 231 3487 asinae
268 3436 397 3487 insidens,
430 3435 546 3502 Signum
581 3436 683 3503 quippe

148 3511 280 3562 adventus
302 3510 404 3561 Christi
431 3510 459 3559 in
479 3511 626 3560 Jerusalem
648 3513 681 3562 ad

149 3581 360 3648 redemptionem
384 3580 485 3646 populi,
500 3580 587 3631 fuerat
600 3597 615 3632 a
628 3582 681 3633 Za-

148 3653 238 3706 charia
261 3655 429 3721 praedictum
444 3665 472 3704 et
491 3654 589 3704 celebri
610 3654 682 3704 fama

147 3726 324 3794 divulgatum,
335 3727 460 3779 videlicet
470 3727 542 3792 quod
558 3726 681 3777 Christus

146 3808 275 3850 venturus
288 3810 344 3851 erat
365 3800 392 3850 in
410 3799 556 3850 Jerusalem
571 3797 598 3848 in
614 3812 681 3863 pau-

149 3881 249 3936 pertate
268 3883 293 3922 ct
315 3873 469 3924 humilitate
488 3871 585 3922 sedens
600 3885 681 3937 super

440 248 615 301 SECUNDAE
632 246 758 297 PARTIS
772 247 891 328 caPUT
906 247 1002 299 xxvi.

735 364 839 416 asinam
850 375 878 416 et
890 367 996 432 pullum
1007 367 1084 432 eius,
1099 377 1126 417 er
1139 366 1202 418 ideo
1214 367 1268 419 Le-

735 433 857 502 gisperiti
871 437 923 487 hoc
936 437 1058 488 videntes
1072 437 1103 488 in
1115 437 1175 502 ipso
1191 452 1269 487 com-

736 507 849 571 pletum,
867 509 1048 559 ostenduntur
1068 516 1268 572 contemptores

737 593 792 628 suae
809 579 964 644 majestatis,
976 580 1041 645 quia
1058 596 1121 631 eum
1144 595 1203 630 non
1223 595 1268 630 re-

734 660 872 714 ceperunt,
887 652 934 701 sed
948 651 1034 717 magis
1046 662 1177 718 tanquam
1189 651 1267 702 dece-

736 730 840 785 ptorem
863 725 995 788 persecuti
1016 734 1089 774 sunt.
1104 723 1162 774 Hoc
1177 732 1267 775 autem

735 813 791 847 non
804 797 893 847 solum
916 797 1059 864 impletum
1072 806 1123 857 est,
1136 796 1202 862 quia
1213 805 1269 847 erat

734 868 913 934 praedictum
927 871 973 920 sed
988 870 1070 920 etiam
1091 878 1155 919 anre
1168 867 1270 934 prndi-

734 947 807 988 ctum
839 950 904 999 est,-
917 940 983 1006 quia
1003 949 1060 990 erat
1086 939 1268 1004 implendum.

734 1012 813 1062 Unde
837 1029 899 1063 curn
914 1014 1003 1064 dixit:
1020 1020 1049 1063 ni
1066 1013 1270 1078 adimpleretur,

733 1084 778 1133 hic
796 1090 824 1133 ul
842 1085 1046 1135 consecutivum
1064 1094 1114 1144 est,
1136 1100 1194 1135 non
1213 1084 1273 1135 effe·

734 1153 843 1204 ctivum.
871 1154 948 1205 Circa
978 1154 1030 1205 boc
1055 1164 1168 1214 autern,
1197 1154 1272 1220 quod

734 1225 880 1276 Jerusalem
902 1224 1001 1275 dicitur
1023 1225 1089 1292 filia
1123 1225 1208 1289 Sion,
1231 1233 1274 1275 est

733 1295 888 1355 sciendum,
914 1298 989 1362 quod
1012 1312 1092 1346 mons
1116 1295 1185 1347 Sion
1210 1311 1273 1362 pars

734 1378 776 1417 est
804 1367 950 1417 sublimior
972 1367 1089 1418 civitatis
1112 1367 1272 1422 Jerusalem.

734 1454 829 1490 veracis
851 1436 1003 1501 Meridiem,
1025 1448 1053 1489 et
1072 1437 1272 1503 aliquantulum

735 1510 815 1560 etiam
829 1510 863 1559 ad
876 1509 1065 1572 Occidentem
1090 1509 1120 1558 in
1143 1525 1201 1575 quo
1217 1518 1273 1560 erat

734 1596 816 1646 rupes
836 1591 969 1646 praerupta
983 1595 1043 1646 quae
1064 1580 1145 1630 Mello
1158 1579 1273 1631 vocaba-
1302 1581 1305 1584 ’

735 1664 787 1714 tur,
798 1655 828 1705 in
838 1656 914 1720 cujus
925 1657 1025 1720 angulo
1033 1653 1155 1720 quodam
1166 1663 1192 1704 et
1204 1653 1273 1705 colle

736 1726 801 1777 satis
817 1726 979 1777 imminente
999 1738 1056 1775 erat
1076 1741 1123 1775 arx
1145 1735 1174 1776 et
1189 1724 1273 1775 nuris

735 1800 831 1861 David,
845 1801 876 1849 ad
891 1815 974 1865 quam
989 1798 1063 1849 mille
1077 1798 1164 1864 clypei
1176 1798 1273 1864 pende

737 1871 810 1931 bant,
825 1870 1007 1936 omniumque
1021 1869 1135 1918 fortium
1151 1877 1273 1920 umatu-

735 1959 779 2006 ra;
806 1944 854 1994 ubi
880 1943 965 1994 David
995 1942 1136 2002 habitavit,
1159 1952 1188 1993 et
1214 1956 1273 1993 eam

734 2016 871 2067 civitatem
898 2015 983 2067 David
1011 2013 1163 2080 appellavit.
1193 2013 1272 2064 Unde

734 2087 830 2138 civitas
844 2087 992 2137 Jerusalem
1007 2085 1106 2135 dicitur
1117 2083 1175 2134 filia
1189 2099 1273 2134 mon-

736 2157 772 2207 tis
781 2156 857 2215 Sion,
870 2156 936 2222 quia
946 2156 975 2206 in
991 2172 1024 2206 eo
1037 2165 1094 2205 erat
1107 2153 1271 2205 fortalitium

736 2228 861 2289 civitatis,
876 2228 977 2278 scilicet
988 2227 1070 2277 turris
1084 2225 1171 2275 David
1183 2225 1274 2276 deien-

736 2300 804 2348 dens
821 2308 848 2348 et
869 2307 1012 2365 protegens
1031 2297 1180 2357 civitatem,
1204 2296 1273 2347 sicut

737 2381 823 2422 mater
848 2371 950 2433 filiam3
982 2371 1056 2421 unde
1081 2379 1108 2419 et
1135 2369 1242 2421 canitur
1264 2385 1272 2417 :

741 2445 813 2495 Urbs
827 2444 1004 2510 fortitudinis
1023 2448 1125 2493 nostrae
1146 2442 1225 2493 Sion.
1239 2442 1274 2493 Ut

737 2533 801 2583 ergo
829 2518 962 2583 Propheta
983 2530 1094 2567 omnem
1118 2514 1273 2566 excusatio·

737 2604 801 2639 nem
820 2587 980 2655 ignorantiae
998 2602 1014 2637 a
1034 2584 1136 2635 Judaeis
1147 2585 1272 2644 auferret,

737 2675 800 2710 cum
814 2657 924 2709 Domini
940 2657 1086 2707 adventurn
1108 2655 1272 2720 praediceret,

738 2729 825 2795 ipsam
857 2727 1016 2794 qualitatem
1046 2724 1160 2777 Domini
1191 2726 1272 2776 adve-

737 2799 840 2849 nientis
858 2798 983 2848 ostendit.
998 2798 1036 2847 Ac
1055 2797 1079 2847 si
1101 2797 1228 2847 diceret:
1246 2796 1271 2846 0

737 2887 785 2922 vos
799 2871 896 2929 Judaei,
915 2872 989 2937 quod
1009 2871 1054 2920 ille
1071 2870 1205 2921 adventus
1217 2870 1272 2919 Do-

737 2941 806 2991 mini
830 2942 857 2991 in
880 2957 987 2992 carnem
1001 2951 1133 2992 venturus
1153 2950 1207 3003 est,
1219 2940 1271 2996 hia,

735 3013 822 3080 signis
851 3016 953 3079 Regem
973 3023 1093 3064 vestrum
1117 3012 1271 3079 cognoscite

736 3102 797 3136 cum
812 3085 935 3136 videritis
949 3101 1012 3135 eum
1025 3085 1184 3135 venientem
1198 3097 1271 3134 man·

736 3170 854 3222 suetum,
872 3174 926 3208 nou
939 3157 1097 3222 superbum,
1112 3156 1160 3206 sed
1176 3154 1270 3206 humi·

736 3231 808 3288 leun
827 3245 882 3279 non
897 3243 1035 3278 armorum
1051 3227 1197 3292 splendore
1215 3235 1270 3276 ter·

736 3300 855 3360 ribilem,
881 3309 912 3349 ut
933 3298 1073 3364 qnondam
1097 3298 1133 3347 ad
1155 3306 1270 3347 vespam

735 3370 946 3422 destructionem
972 3368 1224 3418 Nabuchodonosor
1246 3375 1273 3415 et

735 3442 890 3494 Antiochus
900 3442 1041 3500 venerunt,
1055 3438 1102 3487 sed
1116 3437 1151 3487 ad
1167 3444 1271 3488 restau-

735 3513 884 3574 rationem,
901 3527 954 3560 non
968 3519 998 3559 ut
1012 3508 1116 3558 auferat
1128 3523 1145 3558 a
1159 3517 1186 3558 te
1199 3517 1272 3558 tem-

735 3584 826 3650 porale
841 3599 955 3648 regnum
969 3593 1049 3647 atque
1063 3592 1215 3641 terrenum,
1225 3579 1271 3631 sed

734 3655 876 3707 conferens
885 3655 945 3716 tibi,
960 3654 984 3705 si
995 3653 1154 3717 credideris,
1165 3654 1271 3705 coeleste

733 3739 760 3780 et
779 3729 976 3793 sempiternum
1002 3741 1135 3792 regnum3
1161 3740 1218 3775 non
1241 3734 1271 3774 ut

734 3800 813 3849 ducat
821 3807 848 3848 te
857 3797 887 3847 in
897 3807 995 3848 terram
1009 3796 1125 3846 alienam
1137 3795 1269 3851 vinctum,

733 3869 780 3920 sed
799 3879 830 3919 ut
848 3868 969 3918 restituat
990 3876 1017 3917 te
1031 3865 1060 3915 in
1075 3864 1187 3931 propria
1199 3863 1271 3915 libe-
