2632 4320
156 235 204 314 17'0

146 379 242 429 opera,
264 372 290 415 et
315 362 420 413 inducit
439 359 570 426 suiipsius
590 370 683 407 exem·

155 439 239 503 plum,
253 437 308 487 sive
322 437 366 487 dat
376 435 496 501 seipsum
507 432 547 483 eis
556 431 583 481 in
597 443 684 480 exem·

154 508 240 572 plum,
255 505 346 556 dicens
359 522 365 556 :
380 505 457 556 Sicut
470 503 559 555 Filius
571 499 685 567 hominis

154 595 205 631 non
219 580 327 631 venitin
342 579 468 629 mundum
484 574 644 635 ministrari,
658 580 685 621 et

153 650 337 700 ministerium
359 649 393 699 ab
413 648 473 698 aliis
495 645 621 712 accipere,
642 641 684 692 vel

152 723 334 788 temporaliter
356 720 500 772 dominari.
521 719 582 768 Non
609 716 684 767 enim

154 793 270 859 legimus
287 792 435 858 discipulos
449 806 511 842 eum
525 787 685 838 discalceas-

154 878 192 922 se,
217 879 270 913 non
295 864 413 914 manicas
436 877 497 912 cum
521 861 620 911 lavaret
641 867 684 907 te-

153 935 254 993 nuisse,
264 951 318 985 non
333 934 448 1001 genibus
458 932 613 999 provolutos
623 940 685 980 ante

154 1022 214 1058 eunt
237 1008 288 1058 hoc
308 1008 349 1057 vel
369 1007 421 1056 hoc
440 1005 536 1071 egisse,
554 1003 596 1055 vel
611 1001 684 1052 aliud

154 1078 309 1142 hujusmodi
332 1076 384 1127 sibi
402 1076 509 1139 fecisse3
527 1075 573 1124 sed
590 1087 684 1123 omnes

152 1148 234 1199 simul
244 1148 429 1206 comedebant,
438 1147 545 1213 sibique
551 1145 573 1196 si
578 1161 611 1195 ne
621 1159 685 1210 prae·

154 1220 254 1270 latione
266 1219 427 1270 serviebant.
443 1217 607 1268 Erubescant
620 1230 683 1280 ergo

153 1290 200 1356 qui
215 1291 273 1340 haec
286 1305 301 1339 a
312 1288 396 1339 servis
408 1288 464 1338 suis
473 1296 607 1354 quaerunt,
620 1285 684 1351 quia

152 1360 180 1409 in
192 1360 242 1409 hoc
254 1359 394 1409 Christum
407 1358 500 1424 praeire
509 1356 682 1408 contendunt.

153 1431 209 1479 Sed
222 1430 312 1496 potius
323 1429 396 1480 venit
409 1429 573 1491 ministrare,
586 1437 613 1478 et
628 1426 684 1477 mi-

153 1499 294 1550 nisterium
304 1499 365 1550 aliis
376 1500 540 1566 impendere,
553 1498 622 1548 sicut
634 1513 684 1563 pa-

153 1579 190 1619 tet
200 1569 228 1618 in
238 1569 339 1620 lotione
350 1571 459 1636 pedum,
472 1570 499 1620 in
510 1568 683 1620 distributio·

154 1640 683 1705 nepanum,inrestitutionesanitatum,

152 1714 182 1763 in
202 1714 324 1765 discursu
344 1716 377 1766 ad
400 1715 609 1781 praedicandum.
630 1714 683 1766 Ubi

153 1785 286 1851 Origenes
305 1804 314 1836 .·
337 1804 351 1833 n
373 1787 441 1837 Nam
465 1786 514 1837 etsi
537 1785 632 1852 Angeli
658 1795 684 1835 et

153 1857 257 1908 Martha
271 1857 491 1909 ministraverunt
504 1857 544 1920 ei;
565 1873 620 1907 non
641 1866 685 1907 ta-

154 1942 214 1978 men
237 1928 297 1979 ideo
317 1928 391 1979 venit
416 1939 446 1979 ut
471 1926 683 1987 ministraretur,

152 1999 198 2048 sed
215 2009 245 2049 ut
259 2000 431 2050 ministraret.
447 1998 625 2049 Ecclesiarum
639 2014 684 2048 er-

152 2084 187 2134 go
208 2070 343 2136 principes
363 2070 462 2120 imitari
482 2070 579 2120 debent
600 2069 683 2119 Chri-

151 2149 225 2190 stum
249 2140 441 2200 accessibilem,
463 2150 488 2190 et
511 2139 601 2204 pueris
624 2154 683 2190 ma-

155 2224 207 2258 nus
216 2208 413 2274 imponentem,
421 2208 593 2274 etdiscipulis
603 2209 683 2274 pedes

155 2280 303 2343 lavantem3
321 2291 351 2330 ut
373 2290 400 2331 et
419 2280 470 2346 ipsi
494 2279 620 2331 similiter
640 2280 683 2331 fa-

152 2347 224 2399 ciant
247 2348 382 2401 fratribus.
409 2350 470 2400 Non
496 2359 586 2400 autem
616 2352 683 2402 tales

153 2433 258 2481 sumus,
274 2431 303 2471 ut
322 2421 402 2472 etiam
417 2420 571 2487 principum
588 2422 682 2473 mundi

149 2494 276 2544 excedere
294 2494 450 2560 superbiam
467 2492 619 2554 videamur,
640 2496 682 2545 vel

151 2578 206 2612 non
230 2563 419 2631 intelligentes,
440 2565 481 2615 vel
503 2574 682 2615 contemnen-

151 2646 190 2687 tes
213 2638 369 2688 mandatum
393 2636 508 2699 Christi,
533 2646 559 2687 et
581 2637 681 2703 quaeri-

150 2723 212 2757 mus
227 2708 295 2757 sicut
310 2724 386 2774 reges
401 2709 472 2758 acies
493 2709 680 2773 praecedentes,

150 2786 176 2825 et
189 2776 322 2826 terribiles
338 2793 397 2837 nos,
416 2787 442 2826 et
457 2792 563 2827 accessu
584 2777 682 2828 diffici-

150 2848 188 2897 les
200 2847 317 2897 maxime
330 2847 492 2914 pauperibus
509 2847 679 2911 exhibemus,

150 2920 252 2969 nullam
271 2920 453 2971 affabilitatem
474 2919 611 2983 habentes,
637 2922 680 2971 vel

149 2989 247 3038 habere
265 2990 297 3039 ad
315 3006 364 3040 nos
379 2990 560 3056 permittentes
575 3007 582 3041 ε
597 3011 610 3039 n
624 2991 680 3042 haec

149 3057 292 3123 Origenes.
308 3060 344 3110 Et
363 3076 417 3110 non
432 3071 538 3111 tantum
553 3062 679 3128 praedicto

149 3129 231 3178 modo
252 3131 406 3180 ministrare
424 3131 509 3193 venit;
529 3131 575 3181 sed
598 3131 678 3182 etiam

148 3199 216 3250 dare
235 3200 352 3251 animam
368 3215 455 3264 suam,
480 3201 563 3252 idest
585 3202 677 3266 vitam,

148 3278 175 3328 in
194 3279 397 3345 redemptionem
406 3295 460 3345 pro
478 3280 578 3343 multis,
594 3280 621 3330 id
639 3291 679 3332 est

147 3365 195 3413 pro
213 3349 257 3399 his
274 3348 321 3415 qui
337 3349 442 3399 credere
457 3350 610 3400 voluerunt.
624 3351 677 3401 Pro

147 3421 275 3471 omnibus
291 3420 412 3487 quidem,
423 3431 555 3487 quantum
569 3423 601 3471 ad
617 3422 677 3472 suf·

146 3490 306 3555 ficientiam3
321 3492 367 3542 sed
377 3507 429 3556 pro
443 3491 544 3553 multis,
560 3507 615 3541 non
629 3509 676 3558 pro

146 3562 291 3623 omnibus,
316 3572 448 3629 quantum
464 3563 497 3612 ad
519 3561 676 3615 efficaciam.

146 3632 207 3683 Non
226 3634 314 3684 solum
336 3649 399 3700 ergo
423 3634 604 3699 quodcunque
622 3635 676 3684 mi-

144 3702 284 3754 nisterium
312 3704 436 3756 exhibuit
462 3703 598 3766 Christus;
629 3705 674 3756 sed

145 3772 309 3825 ministravit
331 3774 410 3824 nobis
429 3774 455 3824 id
473 3776 545 3840 quod
568 3790 674 3826 summe

142 3841 289 3905 pretiosum
303 3855 329 3896 et
342 3844 448 3896 eximiae
458 3843 584 3906 caritatis,
595 3846 672 3896 scili-

445 239 620 295 SECUNDAE
638 236 763 289 PARTIS
781 235 898 291 CAPUT
917 236 988 289 xxl.

736 362 777 403 cet
792 352 913 419 seipsum
925 351 953 402 in
969 351 1087 418 pretium
1099 360 1199 404 nostrae
1210 354 1274 403 red·

736 423 891 489 emptionis.
909 423 986 474 Unde
1003 422 1183 474 Bernartius:
1196 441 1211 471 a
1223 424 1275 474 Bo·

736 510 788 545 nus
807 495 932 545 minister
945 495 992 561 qui
1014 509 1124 545 carnem
1140 509 1220 546 suam
1245 494 1273 546 in

737 565 837 625 cibum,
853 564 1015 631 sanguinem
1037 565 1066 615 in
1087 575 1194 631 potum,
1210 565 1274 616 ani—

737 651 809 686 mam
826 635 960 685 ministrat
975 637 1003 685 in
1020 635 1148 701 pretium.
1166 635 1274 687 »Unde

737 719 763 759 et
778 709 854 760 Beda
868 727 878 761 .·
893 726 907 755 a
922 709 954 759 Et
965 708 1017 759 hoc
1032 723 1143 776 quoque
1162 709 1274 775 majori·

738 781 789 832 bus
803 781 929 832 Ecclesiae
943 781 1111 847 precipuum
1126 796 1214 847 genus
1225 780 1275 831 mi-

738 851 870 902 nistrandi
888 850 1053 901 imitandum
1065 850 1225 912 ostendens,
1243 861 1272 900 ut

737 938 793 972 non
818 922 908 972 solum
929 921 1127 982 misericordes,
1152 921 1272 972 eleemo-

737 1009 819 1059 synae,
839 995 964 1045 doctrinae
985 994 1119 1055 salutaris,
1142 994 1272 1060 spiritua-

737 1063 771 1112 lis
785 1065 901 1130 exempli
916 1064 1066 1115 ministeria
1080 1064 1210 1115 fratribus
1225 1064 1273 1114 im-

737 1134 901 1200 pendamus;
923 1151 1017 1186 verum
1038 1135 1119 1185 etiam
1142 1134 1213 1185 sicut
1227 1134 1273 1186 ille

737 1221 785 1270 pro
798 1205 878 1256 nobis
892 1206 1012 1256 animam
1026 1221 1104 1256 suam
1119 1205 1221 1271 posuit,
1236 1205 1275 1256 ita-

737 1287 763 1327 et
778 1291 827 1327 nos
840 1293 888 1343 pro
902 1276 1021 1327 invicem
1039 1276 1160 1327 animam
1174 1292 1273 1343 ponere

736 1346 879 1413 discamus.
890 1366 904 1394 n
918 1347 994 1398 Unde
1006 1346 1087 1397 etiarn
1101 1347 1271 1414 chrysosto-

736 1435 796 1471 mus
809 1438 817 1472 :
832 1439 846 1466 a
862 1421 917 1471 Rex
933 1422 1062 1472 coelorum
1080 1421 1208 1481 existens,
1225 1421 1272 1470 ho·

737 1507 782 1541 mo
805 1492 891 1542 voluit
916 1490 995 1552 effici,
1023 1501 1049 1542 et
1073 1490 1225 1552 contemni,
1247 1501 1272 1542 et

735 1565 852 1615 convitia
865 1564 928 1630 pati,
949 1579 1036 1630 neque
1051 1565 1079 1614 in
1094 1564 1140 1614 his
1155 1563 1271 1622 suffecit,

736 1635 782 1685 sed
803 1635 836 1685 ad
857 1646 972 1686 mortem
995 1634 1081 1694 venit,
1104 1643 1129 1684 et
1152 1633 1270 1685 animam

736 1704 809 1756 dedit
832 1705 949 1771 pretium
977 1704 1192 1770 redemptionis,
1223 1720 1270 1770 pro

736 1777 831 1828 multis
851 1778 931 1829 etiam
952 1777 1081 1829 inimicis.
1096 1779 1140 1829 Tu
1159 1778 1270 1844 quidem

736 1848 759 1899 si
774 1848 934 1900 humiliatus
947 1848 1041 1911 fueris,
1061 1863 1109 1914 pro
1127 1850 1271 1915 temetipso

735 1919 810 1983 facis,
828 1920 886 1985 ipse
900 1930 989 1970 autem
1004 1935 1052 1984 pro
1069 1929 1105 1970 te.
1121 1919 1273 1980 Quantum·

735 2005 842 2056 cunque
858 2005 921 2055 ergo
933 1989 1093 2039 humiliatus
1108 1988 1203 2054 fueris,
1217 2006 1271 2041 non

736 2071 812 2126 potes
828 2071 935 2111 tantum
951 2060 1114 2111 descendere
1128 2059 1200 2111 sicut
1214 2061 1272 2112 Do-

736 2132 854 2182 minator
875 2141 946 2184 tuus.
966 2152 980 2181 n
1002 2134 1036 2183 Et
1057 2132 1157 2182 iterum
1175 2150 1182 2185 :
1198 2151 1213 2181 c
1230 2133 1271 2183 Ad

736 2206 787 2256 hoc
799 2205 874 2256 enim
890 2206 924 2256 ad
942 2206 1089 2272 imaginem
1112 2206 1216 2258 Christi
1230 2205 1272 2257 fa-

734 2278 769 2328 cti
786 2293 891 2340 sumus,
905 2289 936 2330 ut
954 2278 1103 2329 imitatores
1121 2278 1272 2330 efficiamur

734 2348 882 2399 voluntatis
908 2350 966 2415 ejus
996 2359 1023 2398 et
1051 2349 1272 2401 conversationis.

735 2421 787 2472 Sed
810 2421 838 2472 in
862 2422 914 2472 hoc
932 2436 1028 2472 sumus
1048 2421 1138 2487 imago
1153 2422 1221 2487 ejus,
1242 2431 1271 2473 ut

734 2494 807 2561 quod
830 2494 854 2544 ei
880 2495 983 2544 bonum
1005 2493 1125 2557 videtur,
1153 2504 1180 2545 et
1200 2495 1270 2561 apud

735 2581 784 2616 nos
805 2564 840 2616 sit
860 2566 977 2628 bonum;
993 2576 1019 2616 et
1033 2566 1106 2631 quod
1120 2565 1145 2616 ei
1167 2567 1269 2618 malum

733 2639 848 2700 videtur,
857 2648 883 2688 et
894 2639 965 2703 apud
977 2654 1026 2688 nos
1038 2637 1074 2687 sit
1085 2638 1199 2690 malum.
1207 2638 1272 2698 Qui·

733 2725 841 2776 cunque
850 2720 950 2769 autem,
961 2709 1080 2760 Domino
1095 2709 1270 2771 humiliante,

732 2780 862 2844 jactantiae
873 2780 971 2840 studet,
984 2795 1037 2829 non
1047 2790 1088 2830 est
1097 2779 1189 2847 imago
1198 2781 1268 2847 ejus3

733 2861 758 2902 et
772 2853 830 2918 qui,
842 2853 962 2903 Domino
998 2861 1165 2918 aupertatem
1179 2868 1270 2905 aman·

732 2933 767 2982 te,
780 2923 937 2975 divitiarum
950 2940 965 2975 a
996 2934 1055 2974 ator
1068 2933 1108 2974 est
1123 2924 1154 2974 in
1169 2923 1223 2976 hoc
1233 2938 1262 2975 se

731 2995 801 3058 culo,
816 2995 950 3060 repellite
967 3009 996 3044 se
1014 2993 1117 3045 Christi
1135 2994 1268 3046 similitu·

730 3065 833 3115 dinem.
857 3065 918 3114 Non
939 3075 980 3115 est
1001 3080 1082 3115 verus
1106 3064 1266 3132 discipulus,

731 3134 777 3200 qui
801 3151 855 3185 non
875 3134 996 3185 imitatur
1018 3135 1195 3200 Magistrum
1218 3148 1266 3185 nec

730 3214 772 3254 est
782 3220 843 3255 vera
857 3205 956 3270 imago,
969 3219 1029 3270 quae
1043 3203 1145 3254 similis
1160 3220 1217 3255 non
1227 3214 1266 3255 est

730 3276 832 3324 auctori
845 3291 851 3323 :
864 3293 878 3321 n
892 3274 951 3324 hoec
968 3274 1193 3341 chrysostomus.
1206 3275 1266 3325 Hu·
1312 3300 1315 3307 ·

731 3347 806 3396 milia
818 3346 902 3412 igitur
915 3346 1043 3412 teipsum,
1056 3355 1083 3396 et
1100 3346 1205 3399 imitari
1219 3362 1266 3397 co-

730 3432 794 3466 nare
805 3416 965 3482 Magistrum
978 3427 1004 3467 et
1016 3416 1168 3467 Dominum
1178 3426 1264 3469 tuum.
1313 3468 1315 3473 ,

729 3490 914 3556 Vituperabile
942 3491 1016 3540 enim
1043 3491 1121 3540 valde
1150 3500 1209 3551 est,
1236 3500 1265 3541 ut
1312 3520 1315 3565 a

728 3561 877 3627 discipulus
897 3577 925 3612 se
949 3563 1043 3628 erigat,
1064 3561 1112 3613 ubi
1138 3563 1265 3630 Magister

728 3647 756 3682 se
771 3633 899 3698 inclinat;
919 3644 946 3684 et
959 3634 1032 3700 quod
1054 3649 1151 3686 servus
1163 3634 1200 3687 sit
1216 3650 1264 3687 su-
1313 3644 1315 3651 '

728 3705 827 3770 perbus
847 3706 894 3757 ubi
918 3706 1055 3758 Dominus
1076 3717 1117 3758 est
1139 3706 1264 3767 humilis,

728 3776 855 3842 quianon
870 3787 910 3828 est
928 3777 1080 3842 discipulus
1097 3794 1181 3848 super·
1197 3779 1266 3831 Ma·

727 3849 858 3915 gistrum,
883 3864 929 3901 nec
950 3863 1045 3901 servus
1062 3864 1145 3917 super
1165 3851 1266 3904 Dom-
