2632 4320
149 286 184 338 58
437 286 612 338 SECUNDAE
632 286 758 336 enatis
782 286 901 337 CAPUT
918 287 975 339 Vll.

147 405 293 456 virtutibus
302 415 327 455 et
333 404 411 454 donis
418 420 425 468 ;
432 419 484 469 ego
491 410 579 454 autem
588 404 630 454 hic
633 404 680 472 sa-

147 490 284 540 mapa-eo,
297 476 323 525 id
334 486 374 526 est
384 476 497 541 penuria
503 476 594 526 omnis
604 475 679 538 boni,

147 563 204 612 quo
226 548 357 612 privatum
374 563 419 597 me
437 546 541 597 sentio!
559 547 680 612 Surgam

148 620 182 667 de
200 620 257 668 luto
273 620 372 684 culpae,
388 635 435 684 per
453 617 619 668 infidelitatis
638 618 680 667 vel

149 689 250 755 peccati
264 691 478 740 derelictionem:
488 690 678 756 quiriacebat3

147 768 175 811 et
190 762 241 824 ibo,
255 778 303 827 per
319 773 443 812 conatum
466 764 532 813 bene
553 761 680 828 operandi

148 841 174 882 et
194 831 421 892 meliorationem,
437 834 505 899 quia
520 834 601 898 longe
616 834 681 882 abe-

148 915 205 965 rat,
219 906 256 955 ad
268 913 374 970 patrem
393 923 485 967 rorum,
502 921 587 972 aquo
599 921 682 956 reces

78 1032 80 1037 ,
148 991 249 1039 seram
271 976 335 1041 quia
356 977 407 1026 sub
429 976 537 1026 diabolo
560 976 681 1041 principe

149 1064 294 1114 porcorum
307 1060 381 1099 erat:
393 1049 516 1100 ardicam
530 1049 563 1110 ei,
586 1065 682 1114 recog-

149 1120 284 1168 noscendo
309 1121 416 1184 culpam
440 1130 465 1170 et
495 1120 610 1185 petendo
634 1137 681 1170 re—

149 1189 223 1240 niam
251 1208 259 1240 :
283 1192 377 1253 Pater,
404 1191 507 1241 scilicet
533 1208 565 1242 ex
588 1202 682 1241 natura

148 1277 232 1327 quam
246 1261 344 1310 dedisti
354 1261 436 1320 mihi,
444 1263 564 1326 peceavi,
581 1262 683 1311 scilicet

149 1333 219 1381 male
244 1332 369 1389 vivendo,
397 1331 422 1380 in
450 1333 559 1395 coelam,
584 1332 613 1382 id
642 1342 682 1382 est

148 1418 237 1452 coram
252 1401 366 1451 coelestis
378 1402 463 1461 curia,
472 1403 575 1454 scilicet
587 1405 682 1469 Ange·

148 1474 184 1522 lis
201 1473 309 1528 sanctis,
329 1483 355 1522 et
376 1473 437 1522 ideo
456 1475 574 1523 multum
596 1476 681 1525 debeo

149 1545 239 1594 dolere
253 1555 279 1593 et
293 1544 365 1604 llere,
379 1546 443 1611 quia
451 1562 498 1597 eos
513 1548 681 1612 contristari,

149 1617 297 1682 spec'aliter
311 1629 433 1682 peccator
449 1631 538 1684 peccat
552 1620 580 1669 in
591 1622 683 1686 Ange-

149 1688 207 1737 lum
225 1689 364 1738 custodem
382 1705 479 1750 soum,
499 1691 565 1757 quia
582 1692 683 1757 spemit

148 1759 206 1823 ejus
220 1760 378 1824 consilium3
392 1763 433 1812 rel
449 1762 477 1811 in
489 1763 594 1826 crelam,
608 1764 682 1828 quod

150 1830 251 1880 scilicet
261 1847 308 1896 per
324 1834 432 1898 culpam
448 1851 536 1884 meam
552 1835 640 1893 omisi,
656 1843 683 1883 et

150 1917 197 1967 per
216 1918 303 1952 meam
324 1905 514 1969 negligentiam
534 1923 587 1955 nou
606 1921 682 1972 qum·

150 1975 218 2037 sivi3
239 1981 266 2025 et
286 1991 377 2036 corum
392 1984 428 2038 te,
451 1978 552 2029 scilicet
575 1980 683 2029 ridente

150 2056 177 2095 et
192 2046 302 2107 sciente,
321 2045 402 2096 idest
417 2047 445 2095 in
464 2048 523 2111 ipso
541 2050 682 2100 conscien-

149 2115 193 2165 tiae
213 2131 282 2165 meae
303 2116 436 2176 conclavi,
457 2118 504 2167 ubi
525 2118 566 2167 tui
588 2120 681 2179 solius,

149 2188 198 2253 qui
208 2189 221 2238 J
225 2188 292 2236 udeit
308 2203 431 2246 meuses,
448 2199 587 2252 penetrant
596 2191 681 2250 oculi;

149 2271 176 2311 et
200 2261 260 2309 ideo
282 2262 399 2310 multum
417 2261 504 2310 debeo
527 2263 683 2313 erubescere

148 2343 175 2383 et
198 2332 302 2390 timere,
324 2331 388 2397 quia
408 2333 512 2398 peccavi
534 2344 595 2384 ante
624 2351 685 2384 ocu·

150 2404 192 2452 los
214 2402 317 2452 iudicis
343 2414 437 2452 cuncta
460 2404 603 2455 cernentis.
634 2406 683 2457 Hic

151 2477 262 2525 docetur
285 2477 384 2526 modus
406 2475 560 2537 confitendi,
577 2478 624 2544 qui
643 2490 684 2529 est
705 2490 708 2495 '

149 2545 223 2612 quod
253 2562 332 2596 omne
368 2548 469 2596 bonum
505 2549 684 2600 attribuamus

150 2617 216 2675 Deo,
227 2618 300 2683 quod
313 2628 421 2668 notatur
430 2617 468 2668 ibi
481 2636 487 2668 :
498 2620 592 2682 Pater,
604 2637 619 2671 a
629 2638 684 2687 quo

150 2688 256 2736 scilicet
269 2705 351 2738 omne
365 2689 466 2739 bonum
484 2691 633 2756 habemus3
657 2703 684 2742 et

150 2774 234 2809 omne
256 2761 358 2809 malum
379 2762 453 2826 quod
472 2762 587 2812 facimus
608 2764 684 2813 attri-

151 2832 267 2881 buamus
290 2832 457 2897 nobisipsis,
481 2835 554 2898 quod
577 2846 685 2884 notatur

152 2902 190 2952 ibi
206 2920 212 2951 :
227 2904 343 2953 Peccavi
357 2904 384 2954 in
399 2905 640 2966 crelam,etcoram
650 2912 683 2955 te.

150 2977 214 3026 Jam
233 2991 284 3026 uon
305 2992 363 3027 sum
378 2979 478 3043 dignus
497 2980 592 3030 vocari
605 2979 685 3044 filias

152 3054 214 3097 tutis
228 3066 236 3097 :
249 3049 347 3113 primo,
372 3052 435 3117 quia
448 3067 464 3102 a
479 3062 505 3102 te
518 3053 645 3102 recedens
657 3062 685 3101 te

150 3120 323 3183 contristavi;
350 3125 481 3186 secundo,
503 3123 567 3190 quia
593 3123 686 3190 imagi-

151 3205 213 3239 nem
235 3191 319 3241 Patris
343 3209 396 3242 non
421 3194 569 3256 honoram
594 3195 684 3254 tertio,

151 3260 216 3325 quia
229 3260 388 3312 substantiae
405 3279 473 3313 meae
492 3265 621 3330 prodigus
636 3281 685 3315 eit·

151 3344 192 3383 tra
208 3333 382 3397 disciplinam
401 3335 472 3398 tixi3
491 3348 597 3401 quarto,
619 3339 685 3403 quia

151 3419 260 3454 servum
272 3404 390 3468 alterius,
401 3405 504 3456 scilicet
512 3407 626 3467 diaboli,
640 3424 684 3459 me

151 3476 218 3542 feci3
231 3477 341 3544 quint0,
354 3478 418 3543 quia
429 3479 545 3544 degener
557 3481 585 3530 in
598 3481 684 3530 mori-

151 3548 204 3598 bus
218 3550 351 3615 pascendo
365 3565 460 3614 porcos
474 3552 582 3614 exstiti,
597 3562 683 3612 sexto,

151 3620 217 3684 quia
230 3622 352 3688 ingratus
365 3632 390 3672 te
401 3625 561 3689 contempsi.
576 3626 684 3676 Facme

151 3705 199 3755 per
212 3694 373 3759 condignam
382 3693 603 3755 satisfactionem,
615 3695 684 3745 sicut
705 3708 708 3715 ·

151 3774 231 3809 unum
255 3764 289 3813 de
310 3763 484 3815 mercenariis
498 3765 561 3827 ruia,
581 3765 684 3817 scilicet

152 3830 265 3894 bonum,
277 3835 325 3900 qui
339 3836 421 3887 servit
431 3851 481 3902 pro
493 3836 615 3902 aeterais3
626 3853 683 3887 non
704 3840 708 3881 i

151 3903 264 3966 malum,
287 3906 335 3970 qui
355 3908 436 3959 servit
455 3917 505 3973 pro
525 3909 683 3975 temporali-

734 403 794 452 bus.
821 403 904 462 Quasi
922 403 1021 454 diceret
1041 420 1050 453 ε
1070 403 1184 452 Paratus
1205 416 1263 452 sum

733 475 831 523 amodo
857 474 907 523 tibi
934 473 1094 532 satisfacere,
1120 482 1149 522 et
1166 468 1264 523 serviro

734 562 780 611 spe
797 546 928 596 mercedis
947 556 1066 608 aeternae3
1086 544 1265 595 mercenarius

733 616 808 666 enim
834 617 936 667 laborat
962 632 1011 682 pro
1045 616 1175 666 mercede.
1201 616 1265 665 Ecoc

734 703 797 752 crgo
811 697 873 754 post
887 688 1076 739 contritionem
1087 698 1113 738 et
1125 685 1267 737 confessio

732 777 811 820 nem,
834 761 1025 811 satisfactionis
1054 760 1156 810 oblatio
1177 775 1185 808 1
1211 759 1266 809 htec

733 845 774 884 cst
793 835 949 900 poenitentia
972 834 1130 886 meditantis
1149 833 1181 882 iu
1202 848 1267 882 con·

733 907 852 958 fossione
880 909 995 974 peccati,
1024 908 1148 957 nondum
1179 915 1267 956 tamen

733 978 845 1044 agentis.
859 979 1004 1045 Postquam
1022 979 1114 1044 itaque
1133 977 1168 1026 ad
1182 991 1269 1026 neces·

734 1052 841 1101 sitatem
861 1049 940 1101 famis
960 1059 1124 1117 pervenerat,
1139 1049 1165 1098 in
1186 1064 1215 1099 se
1231 1064 1269 1099 re·

733 1138 827 1172 versus
834 1123 1018 1188 pernitentiam
1027 1136 1105 1187 agere
1115 1119 1268 1184 incipiebat,

735 1194 800 1259 quia
818 1195 963 1244 necessitas
976 1194 1067 1260 ipsum
1082 1191 1267 1256 compellebat.

736 1268 765 1316 ln
794 1282 848 1332 quo
867 1279 958 1317 notare
980 1280 1126 1333 possumus
1145 1262 1195 1313 Dei
1213 1263 1269 1313 cic-

736 1338 883 1398 mentiam,
913 1338 977 1404 quia
1004 1337 1086 1387 etiam
1119 1343 1269 1400 peccatores

735 1408 872 1474 compellit
901 1424 979 1473 agere
1007 1405 1208 1472 poenitentiam.
1240 1405 1268 1453 ln

736 1489 841 1529 tantum
856 1479 930 1529 enim
945 1490 1065 1529 nostiam
1076 1478 1192 1528 salutem
1204 1474 1269 1524 dili-

736 1551 775 1616 git
789 1562 815 1600 et
829 1551 926 1616 quaerit
942 1552 1015 1616 quod
1031 1547 1161 1599 omnibus
1181 1543 1270 1595 modis

736 1622 836 1687 quibus
852 1630 939 1686 potest
955 1636 1005 1670 nos
1025 1618 1136 1670 attrahit
1157 1634 1164 1667 ε
1186 1630 1269 1683 quoe-

736 1693 797 1741 dnm
819 1707 869 1757 per
890 1691 1117 1757 praedicationem,
1137 1687 1270 1754 quosdam

737 1777 783 1826 per
791 1762 1007 1828 inspirationem,
1021 1760 1154 1827 quosdam
1163 1772 1211 1823 per
1222 1756 1270 1806 be-

736 1833 895 1884 neficiorum
919 1835 1105 1900 largitionem,
1135 1829 1270 1896 quosdam

737 1923 784 1973 per
800 1907 1018 1973 flagellationem.
1034 1907 1112 1957 Unde
1129 1905 1198 1954 dicit
1218 1903 1271 1953 Be·

736 1982 772 2028 da
788 1996 796 2028 r
812 1998 826 2024 a
847 1979 981 2043 Prodigus
1000 1978 1060 2035 iste,
1074 1986 1223 2041 postquam
1243 1973 1270 2022 in

736 2058 822 2096 semet
835 2062 957 2097 reversus
968 2046 1034 2097 dirae
1044 2046 1125 2096 famis
1139 2042 1272 2110 supplicia

735 2117 908 2174 formidabat,
932 2117 1077 2180 ueletiam
1096 2130 1192 2164 servus
1212 2111 1272 2163 effe

737 2196 803 2245 ctus,
828 2186 911 2236 etiam
935 2186 1092 2236 mercenarii
1115 2194 1217 2235 statum
1239 2184 1271 2233 de

736 2258 858 2307 mercede
880 2259 933 2319 iam
957 2257 1078 2322 cogitans
1095 2254 1271 2321 concupiscit,

736 2329 777 2377 Ad
800 2327 849 2378 filii
872 2328 1007 2386 ali'ecturn,
1029 2327 1077 2392 qui
1101 2326 1272 2388 omniaque

737 2399 820 2464 patris
842 2409 907 2448 sunt
933 2415 981 2448 sua
994 2413 1054 2448 esse
1078 2413 1133 2448 non
1145 2394 1272 2461 ambigit,

736 2473 854 2537 aspirare
867 2487 1040 2538 nequaquam
1055 2469 1215 2536 presumit,
1227 2468 1272 2519 aed

738 2545 894 2595 mercenarii
921 2556 1021 2595 statum
1046 2545 1099 2608 jam
1127 2559 1177 2607 pro
1199 2556 1273 2591 mer·

737 2617 800 2666 cede
814 2615 952 2665 servitutis
962 2614 1096 2663 desiderat
1106 2630 1113 2662 ι
1125 2632 1141 2660 a
1152 2613 1212 2662 haec
1226 2612 1274 2662 Be

738 2689 783 2738 da.
810 2688 897 2737 Distat
921 2697 1011 2736 autem
1035 2687 1106 2735 inter
1131 2698 1273 2735 mercem-

738 2760 827 2818 rium,
859 2774 967 2808 servum
995 2768 1021 2809 et
1046 2757 1143 2808 lilium.
1175 2758 1273 2807 Servus

737 2833 810 2882 enim
841 2843 896 2893 est,
922 2834 969 2900 qui
993 2831 1127 2899 supplicia
1151 2841 1273 2881 metuens

737 2906 797 2956 solo
810 2905 911 2955 timore
925 2922 1009 2972 poenae
1021 2904 1162 2972 praesentis
1174 2904 1216 2954 vel
1229 2900 1273 2953 fu-

738 2987 806 3025 turae
828 2986 958 3041 temperat
971 2992 1000 3025 se
1017 2992 1033 3025 a
1048 2975 1134 3033 vitiis,
1147 2984 1178 3025 et
1187 2972 1272 3024 decli-

740 3057 811 3096 nata
826 3047 905 3096 malo.
919 3045 1099 3095 Merconarius
1108 3054 1211 3103 aunem,
1225 3042 1270 3109 qui

739 3135 818 3170 causa
836 3119 981 3177 mercedis,
996 3129 1024 3168 et
1045 3116 1180 3166 desiderio
1197 3113 1270 3181 regni

738 3190 869 3251 coelestis,
889 3190 980 3240 obedit
1003 3188 1130 3238 mandato
1154 3196 1180 3236 et
1200 3194 1272 3235 carce

739 3264 862 3314 offensas.
890 3263 977 3313 Filius
999 3277 1073 3319 vero,
1104 3259 1152 3325 qui
1187 3268 1271 3309 servat

737 3336 781 3400 jus
796 3335 912 3395 heredis,
936 3350 993 3385 non
1015 3349 1064 3399 pro
1089 3333 1169 3382 lucro
1191 3330 1271 3382 servit

737 3409 888 3471 mercedis3
903 3408 950 3458 sed
966 3405 1149 3473 gratiaipsius
1166 3404 1230 3455 boni
1246 3414 1271 3453 et

738 3495 829 3530 amore
850 3479 983 3529 virtutum
1008 3492 1163 3539 succensus,
1189 3474 1270 3542 quid-

738 3552 805 3619 quid
823 3562 864 3601 est
882 3551 921 3600 ilfi
942 3550 1117 3608 contrarium,
1132 3558 1192 3599 toto
1204 3549 1271 3599 dete·

735 3631 823 3672 statur
841 3620 985 3671 desiderio.

773 3692 803 3743 13
831 3694 951 3743 Eunicus
980 3709 1152 3742 raccaronuu
1174 3708 1192 3742 a
1214 3692 1269 3743 Dm

738 3779 875 3814 aecnrrro.
898 3791 929 3801 -
941 3763 981 3814 Et
994 3776 1119 3828 surgens,
1133 3762 1271 3828 implendo

737 3836 810 3903 quod
837 3837 1047 3897 deliberaverat,
1070 3834 1152 3898 venit,
1178 3835 1206 3884 id
1232 3844 1271 3885 ert

736 3909 827 3961 venire
839 3909 927 3975 coepit,
939 3924 970 3959 se
982 3909 1015 3957 acl
1027 3906 1215 3974 peonitentiam
1227 3922 1272 3972 per
