2632 4320
399 287 444 337 DE
458 285 588 336 TRIBUS
606 283 904 343 transmisere.
1180 286 1210 337 51

95 401 115 451 si
124 401 218 451 cibum
243 402 350 468 quaeris,
365 403 524 453 alimentum
549 410 597 451 est.
614 418 628 447 a

96 473 344 524 Eimnrmurabant
355 472 500 534 Phar-ism,
516 470 629 521 simula-

95 553 119 592 ta
131 543 274 592 sanctitate
292 545 325 592 ab
339 545 399 594 aliis
413 543 504 602 divisi,
517 553 543 592 et
557 541 629 591 Scri-

97 614 141 671 boe,
166 614 250 680 Legis
270 615 364 665 notitia
385 616 507 668 doctores
526 612 628 679 populi,

97 685 210 735 domitas
227 704 235 736 .-
252 686 323 747 Quia
347 686 390 736 kin
409 692 565 751 peccatores
585 699 629 735 re-

96 756 163 822 cipit,
181 763 208 807 et
230 757 374 808 mandwat
394 771 452 808 cum
465 757 531 807 illis.
545 755 628 815 Quasi

97 827 182 877 dicant
197 845 203 878 :
223 828 274 878 Hic
289 829 405 878 creditur
420 829 507 878 horrus
524 837 551 877 et
564 841 628 877 san-

99 909 159 959 nus,
184 911 210 950 et
233 909 324 950 nmen
341 901 374 950 ad
397 916 474 950 snam
488 915 628 950 conversa-

99 972 196 1022 tionem
209 983 240 1022 et
257 974 372 1038 gratiam
391 974 484 1038 recipit
506 983 628 1039 peccato-

101 1059 144 1105 res,
158 1055 185 1094 et
198 1045 275 1110 quod
288 1045 404 1110 amplius
424 1055 472 1104 est,
485 1045 629 1094 manducat

102 1129 155 1163 curn
172 1115 238 1176 illis,
253 1125 383 1180 tanquam
391 1115 504 1166 amicus
522 1115 551 1165 Si
570 1131 629 1180 cog·

103 1184 233 1234 novissent
246 1185 346 1234 Scribae
359 1194 391 1235 et·
403 1185 542 1244 Pharisaei,
554 1185 634 1251 quod,

104 1256 168 1306 rosit
189 1257 222 1306 in·
234 1257 303 1306 hunc
323 1258 448 1307 mnndum
472 1263 628 1324 peccatores

107 1327 190 1378 salvos
199 1328 305 1392 facere,
326 1344 496 1395 nequaquam
510 1344 631 1379 murmu-

107 1408 209 1460 rassent;
238 1414 302 1448 nani
330 1415 376 1449 eos
403 1400 567 1465 recipiebat,
599 1409 630 1450 nt

110 1472 273 1520 conversando
286 1472 397 1521 cumeis
411 1487 426 1521 a
439 1472 555 1536 peccatis
569 1488 631 1522 con-

111 1549 214 1600 verteret,
238 1551 265 1591 et
287 1542 469 1601 illuminaret,
491 1557 521 1592 ac
545 1544 630 1593 salva-

113 1621 150 1660 ret.
163 1613 285 1664 Christus
299 1630 364 1679 ergo
376 1625 530 1679 peccatores
540 1616 630 1681 porni-

115 1691 185 1734 tentes
208 1686 377 1753 recipiendos
408 1703 465 1737 esse
499 1689 629 1752 ostendit3

116 1762 136 1799 et
146 1768 215 1819 super
229 1756 281 1805 hoc
296 1766 349 1807 tres
359 1758 496 1822 parabolas
513 1758 629 1808 adducit.

118 1819 171 1871 Tria
182 1825 249 1874 enirn
270 1837 337 1876 sunt
354 1842 416 1893 qnae
438 1828 580 1878 hominem·
597 1829 630 1877 ad

120 1890 278 1945 miserendum
301 1907 501 1947 consueverunt
517 1898 631 1948 induce-

121 1976 147 2024 re,
167 1966 256 2017 scilicet
269 1985 277 2018 t
290 1968 458 2034 simplicitas,
476 1970 632 2036 propinqui-

119 2040 148 2080 tu
162 2045 185 2084 et
202 2038 353 2089 necessitas.
370 2040 486 2090 lstatiia
507 2041 632 2092 similiter

58 2138 61 2153 ,
121 2100 185 2153 boum
215 2107 346 2158 inducunt
371 2111 404 2159 ad
435 2111 629 2163 mserendunn.

122 2170 295 2236 birnanostra
308 2179 478 2245 simplicitas,
496 2192 522 2232 et
536 2183 631 2233 adhoc

122 2245 209 2302 pertinet
227 2249 314 2314 prima
332 2253 456 2315 parabola
476 2253 509 2302 de
526 2269 630 2304 oveer-

122 2325 185 2380 nnte3
205 2319 288 2369 homo
310 2322 384 2370 enim
399 2332 440 2371 est
451 2323 568 2389 simplex
585 2340 631 2374 re-

121 2395 191 2462 ἥκω
216 2389 308 2440 bostis-
329 2400 383 2441 tarn
416 2393 505 2453 astuti,
533 2393 566 2443 id
591 2404 631 2445 est

120 2452 216 2524 dnbofi,
241 2463 317 2512 unde
346 2464 443 2514 clamat
467 2465 629 2517 Psalmista:

120 2525 198 2582 Encas
211 2536 282 2585 sicut
294 2536 353 2586 ovis
363 2538 524 2603 qooeperiia
540 2553 630 2604 pacare

120 2609 201 2652 Surum
221 2611 304 2668 cuam,
324 2616 372 2655 etc
387 2635 422 2645 -ι
432 2608 565 2667 Secundo,
586 2625 631 2658 no·

119 2676 157 2719 stra
170 2674 356 2740 propinquitas
376 2690 459 2742 quam
488 2677 630 2728 nobiscum

118 2745 234 2809 ornarit,
248 2757 276 2796 et
292 2748 329 2797 ad
344 2747 396 2797 hoc
412 2748 528 2814 pertinet
539 2765 631 2800 secun-

117 2807 268 2879 dspatabola
284 2818 324 2867 de·
330 2819 459 2868 drachma
472 2819 579 2880 aruisse,
601 2821 630 2871 in

116 2892 155 2944 t!
176 2885 322 2952 eetimago
337 2888 416 2954 regis,
436 2898 462 2938 et
482 2891 631 2954 suprami-

114 2950 156 3026 μία
176 2955 310 3018 nominis3
331 2956 414 3007 sicet
436 2959 523 3008 lnorno
544 2961 630 3010 estad

112 3024 243 3089 maginem
269 3026 321 3075 Dei.
344 3026 477 3078 formatus
505 3038 535 3080 et
551 3030 631 3080 habet

110 3095 349 3159 tnprmiptionem
375 3097 495 3158 Christi,
523 3099 588 3165 quia
615 3116 631 3151 a

109 3160 204 3215 Christo
217 3164 319 3215 &caua
331 3166 515 3231 Christianus3
531 3179 558 3219 et
569 3169 630 3221 ideo

107 3232 180 3286 &aba
196 3237 289 3288 nostri.
303 3238 441 3303 misereri,
459 3240 535 3305 juxta
563 3241 629 3293 illud

107 3306 218 3371 ripostdi
233 3325 242 3359 ι
256 3310 345 3360 Nemo
355 3324 461 3362 caram
477 3327 558 3362 suam
567 3315 629 3366 oddo

106 3373 198 3442 hwa,
209 3390 261 3431 etc.
273 3409 303 3419 —
317 3382 423 3443 'lentim¹
431 3394 524 3435 nostra
535 3400 629 3437 neces-

58 3506 61 3521 Ι
105 3446 629 3520 incompertusetadhocpertl-

58 3524 60 3579 ἓ
105 3520 233 3570 martin
254 3523 379 3586 parabola
398 3523 433 3574 de
448 3522 630 3591 filio-prodigo

58 3586 60 3597 '
104 3597 249 3650 recente,
271 3591 319 3656 qni
332 3592 422 3643 dixit:
438 3593 541 3654 Quanti
557 3611 629 3647 ma·-

103 3660 196 3711 mm'i
220 3660 249 3711 in
265 3662 343 3712 domn
362 3663 458 3727 patr-ia
477 3665 529 3715 mei
556 3675 629 3726 sunt,

102 3727 146 3789 qui
159 3729 298 3781 abuma
317 3733 452 3796 partim,
467 3747 524 3799 agn
542 3741 629 3786 autern

101 3796 231 3868 litsm
241 3805 341 3868 pereo!
352 3805 472 3866 deo
485 3807 563 3856 enirn
576 3809 629 3859 ho-

101 3881 147 3921 mo
155 3873 301 3939 cagrroncin
311 3875 538 3929 somniandum
550 3878 631 3932 etin-

682 397 844 459 firmitatem,
859 409 923 450 tunc
943 401 1014 451 Deus
1037 400 1089 450 sibi
1107 400 1216 452 exhibet

682 485 758 519 suam
783 471 922 536 pietatem
947 473 1018 522 unde
1035 472 1133 521 dicitur
1159 472 1215 522 ibi.-

681 541 752 600 dam,
766 542 839 605 quod
855 551 928 606 pater
948 543 1043 592 videns
1054 559 1116 592 eum
1132 560 1138 592 z
1154 543 1214 594 Mi-

682 611 831 661 sericordia
841 619 927 662 inatus
936 620 978 662 est
986 628 1066 679 scepei·
1075 629 1143 665 aum.

714 698 728 731 2
748 684 953 733 Pnnnnonnovrs
967 700 1105 735 mnnrrs.
1122 714 1151 722 —
1167 685 1215 735 Re-

681 754 839 816 spondendo
859 769 925 818 ergo.
951 755 1052 804 Scribis
1077 766 1103 806 et
1128 757 1216 806 Phari-

681 823 742 873 saeis
761 825 1003 883 murmurantibus,
1019 827 1110 876 subdit
1126 828 1217 878 Domi»

681 911 733 945 nus
749 896 837 960 prirno
850 897 1002 962 parabolam
1013 898 1095 946 unius
1108 899 1167 949 ovis
1183 915 1215 949 er

681 977 789 1017 centum
816 968 945 1028 errantis,
970 983 1051 1034 quarn
1074 971 1215 1035 quaesitam

681 1048 707 1087 et
720 1039 826 1088 tandem
852 1039 1003 1099 inventam,
1021 1038 1084 1104 quia
1107 1051 1215 1106 propter

682 1109 1023 1161 infirmitatem.·ambulare
1047 1126 1101 1160 non
1116 1123 1213 1176 potest,

681 1191 772 1246 pastor
786 1182 874 1231 bonus
900 1181 928 1231 in
949 1181 1073 1231 humeris
1095 1183 1152 1233 suis
1180 1185 1212 1233 ad

682 1268 790 1318 gregem
808 1253 942 1320 reliquum
962 1264 1078 1320 reportat
1089 1269 1102 1317 3·
1117 1263 1144 1304 et
1165 1271 1213 1306 uc—

682 1325 758 1374 niens
782 1325 893 1374 domum
922 1336 1046 1375 convocat
1069 1325 1176 1376 amicos,
1189 1337 1215 1378 et

682 1398 792 1458 vicinos,
805 1399 838 1448 ad
852 1398 1092 1464 congratulandum
1106 1400 1162 1449 sibi
1173 1416 1214 1451 sin

683 1472 730 1533 pe'r
749 1469 904 1519 inventione
931 1468 988 1519 ovis
1014 1485 1075 1535 quae
1092 1469 1214 1535 perierat.

682 1541 818 1590 Sententia
834 1540 924 1606 itaque
947 1540 1028 1605 hujus
1050 1541 1143 1606 primae
1166 1557 1215 1608 pa-

683 1611 788 1671 raboloe,
806 1612 954 1660 secundum
976 1610 1090 1672 Lucam,
1102 1612 1162 1662 talis
1176 1623 1217 1664 est

684 1683 712 1732 in
727 1698 835 1732 summa
850 1683 893 1733 :si
914 1684 977 1749 quis
992 1699 1069 1733 orem
1085 1685 1216 1749 perditam

684 1763 775 1818 postea
798 1753 934 1802 inventam
968 1753 1083 1803 libenter
1112 1754 1215 1821 recipit,

684 1839 738 1872 non
751 1824 831 1873 debet
857 1823 954 1872 mirari
973 1825 1015 1874 vel
1032 1824 1178 1889 indignari,
1193 1826 1215 1876 si

683 1903 832 1959 peccatores
849 1892 950 1958 recipio
965 1894 997 1942 ad
1019 1893 1214 1959 poenitentiam,

684 1964 731 2029 qui
744 1964 819 2029 prius
833 1962 925 2024 arnissi
943 1974 1019 2014 erant
1034 1980 1082 2029 per
1097 1965 1215 2030 culpam

683 2036 741 2094 Vel,
757 2035 898 2086 referendo
910 2036 943 2085 ad
959 2036 1082 2100 pusillos,
1101 2038 1135 2086 de
1149 2037 1216 2102 qui-

683 2109 735 2158 bus
748 2108 852 2157 dictum
865 2117 907 2158 est
920 2123 1010 2173 supra,
1028 2107 1089 2158 talis
1104 2116 1144 2158 est
1163 2109 1217 2159 hu-

683 2180 724 2244 jus
746 2179 880 2244 parabolae
903 2179 1038 2228 sententia
1052 2196 1063 2228 ι
1079 2178 1148 2229 sicut
1162 2195 1217 2230 non

683 2259 724 2299 est
736 2251 861 2299 voluntas
876 2249 1003 2314 pastoris,
1020 2258 1053 2298 ut
1076 2260 1166 2315 pereat
1180 2251 1214 2302 de

683 2319 779 2370 ovibus
799 2320 864 2379 suis,
888 2319 926 2369 sic
949 2336 1005 2370 non
1025 2329 1065 2369 est
1089 2323 1214 2373 voluntas

683 2390 770 2440 Patris
781 2389 910 2450 coelestis,
920 2400 950 2440 ut
966 2401 1060 2454 pereat
1069 2406 1150 2452 unus,
1166 2407 1215 2442 nec

683 2462 763 2512 etiam
778 2462 857 2512 multi
872 2462 906 2511 de
926 2462 1041 2527 pusillis,
1060 2478 1111 2512 nec
1134 2463 1214 2514 etiam

682 2535 715 2584 de
738 2533 810 2595 aliis3
836 2543 863 2582 et
887 2548 950 2597 ergo
967 2533 1082 2596 pusillus
1107 2543 1215 2584 nonest

683 2606 913 2670 contemnendus,
926 2604 954 2654 si
963 2614 1054 2654 autem
1068 2605 1151 2669 perit,
1158 2623 1213 2658 non

682 2677 819 2727 voluntate
827 2675 884 2740 ejus
895 2674 976 2741 perit,
983 2675 1048 2741 quia
1062 2691 1110 2735 nac
1122 2677 1216 2726 volun·

683 2758 736 2798 tate
751 2745 960 2813 approbationis,
976 2747 1019 2796 vel
1036 2747 1160 2808 consilii,
1173 2748 1215 2798 vel

683 2817 806 2884 praecepti
823 2818 885 2882 ejus
898 2826 1000 2883 peccat;
1014 2833 1046 2867 eo
1062 2827 1150 2868 tamen
1164 2833 1215 2868 au—
1286 2824 1291 2831 '

683 2898 755 2938 ctore
770 2889 923 2949 damnatur,
943 2886 1013 2952 quia
1025 2886 1116 2938 omnis
1137 2903 1215 2953 poena

682 2960 716 3009 ab
729 2958 788 3024 ipso
803 2968 852 3008 est.

716 3029 729 3079 3
742 3031 848 3079 Ssrnnn
857 3045 886 3078 nt
895 3044 945 3078 rinc
958 3044 1096 3079 nnnnnonn
1106 3046 1214 3080 nrsr1ce

682 3116 818 3150 norsum.
829 3127 859 3137 -
868 3100 905 3150 In
914 3099 1067 3150 hactamen
1080 3101 1213 3166 parabola,

683 3173 831 3222 secrrndum
847 3187 954 3223 sensum
978 3163 1139 3239 rhysticum„
1153 3184 1215 3222 tan·

683 3253 784 3310 guntur.
791 3252 892 3308 septem
907 3241 936 3292 in
952 3243 1058 3308 speciali
1075 3257 1213 3308 :quonam

683 3312 801 3378 primum
814 3324 853 3363 ast
867 3313 992 3364 hominis
1007 3325 1034 3363 et
1048 3314 1213 3378 Angelorum

682 3383 789 3444 aenio,
812 3384 875 3434 ibi:
896 3383 966 3444 Quis.
988 3398 1026 3433 ex
1048 3382 1212 3434 vobis-homo

682 3458 727 3522 qni
742 3457 822 3508 habet
834 3463 941 3508 centuni
951 3471 1029 3519 oves,·
1052 3455 1211 3513 secundnm,

682 3528 804 3579 hominis
828 3529 907 3579 creati
928 3527 1117 3593 pravaricatio,
1141 3525 1212 3576 ibi:

683 3599 723 3649 Et
735 3599 759 3649 si
767 3599 918 3664 perdiderit
931 3611 1057 3648 naaman
1068 3595 1142 3659 illis3
1157 3606 1213 3647 ter.-

683 3668 761 3728 tium,
774 3668 837 3718 Filii
846 3665 1123 3733 Daiad.quaetendum
1136 3683 1214 3718 ouem

684 3741 829 3806 perditam„
840 3739 946 3791 scilicet.
960 3736 1215 3797 hominem„lncar-

684 3811 768 3871 natio,
780 3810 819 3860 ibi
831 3828 843 3861 ι
853 3811 950 3860 Nonae
963 3806 1213 3875 dindfflanonagin-

685 3889 718 3934 ta·
740 3895 834 3934 aorem
856 3881 889 3932 ia.
911 3877 1041 3942 deretini
1067 3888 1212 3945 quartum,
