2632 4320
345 296 391 347 DE
409 295 562 347 PUSlLLIS
580 296 654 347 NON
670 296 978 352 SCANDALIZANDIS.

95 424 154 463 utra
171 430 180 462 :
196 430 210 457 α
224 413 380 462 Secundum
392 411 634 477 ritum'provinciae

95 484 228 551 loquitur,
251 485 315 550 quia
331 486 465 550 majorum
487 484 633 534 criminum

96 557 144 607 ‘sta
160 556 235 621 apud
245 566 346 605 veteres
357 556 465 606 Judaeos
479 571 558 621 poena
573 557 635 616 fuit,

96 626 173 677 utin
196 625 375 693 profundum,
398 625 480 692 ligato
500 642 574 686 sexo,
593 629 636 678 de

97 707 299 762 mergerentur3
327 697 439 763 expedit
473 707 563 747 autem
593 698 633 759 ei,

96 770 159 836 quia
185 769 274 818 multo
298 770 396 820 meliis
417 779 459 820 est
481 785 531 835 pro
555 771 634 835 culpe

80 858 83 865 ·
97 841 204 891 brevem
216 840 336 906 recipere
345 856 551 906 poenam,quam
561 852 634 892 aeter·

99 911 142 961 nis
163 911 267 961 servari
282 911 464 974 cruciatibus;
489 913 633 962 nonenim

98 982 194 1044 puisat
220 982 295 1031 Deus
321 982 362 1032 bis
387 982 509 1049 idipsum
525 1000 560 1032 :n
575 984 633 1034 haec

99 1053 292 1119 Hieronymus.
319 1053 377 1102 Hoc
394 1053 476 1103 etism
497 1054 533 1102 de
551 1069 632 1104 onere

99 1125 193 1188 peccati
215 1134 305 1189 potest
323 1123 416 1189 accipi,
440 1123 507 1190 quia
521 1126 633 1190 expedit

99 1195 127 1256 ei,
142 1194 247 1244 scilicet
256 1194 398 1258 peccatori,
413 1201 441 1244 ut
450 1195 631 1259 suspendatur·

100 1265 164 1316 nula
180 1267 308 1316 asinaria
332 1266 358 1315 in
379 1266 448 1316 collo
463 1267 530 1333 ejus,
549 1275 574 1318 et
587 1269 632 1317 de-

100 1345 236 1405 mergatur
245 1340 274 1388 in
280 1339 448 1405 profundum
457 1341 631 1391 martinian

101 1409 208 1461 niman
222 1421 266 1460 est
284 1426 354 1460 onus
376 1412 554 1476 poenitentiae,
572 1429 631 1462 ma-

103 1491 175 1532 rcest
193 1481 348 1532 amaritudo
370 1482 550 1533 contritionis.
572 1485 632 1534 Pec-
660 1532 662 1537 .

102 1552 177 1602 cnosi
209 1568 277 1618 ergo
309 1552 397 1618 magis
429 1554 540 1619 expedit
567 1571 631 1605 cum

103 1623 308 1683 nolaasinaria,
336 1623 364 1672 id
389 1634 431 1674 est
452 1625 631 1690 grauipoeni-

102 1694 176 1745 mua
194 1696 317 1761 demergi
331 1695 359 1745 in
383 1696 547 1761 profundum
569 1714 631 1748 ms-

104 1767 146 1829 ris,
163 1769 189 1819 id
203 1779 246 1820 est
259 1785 359 1820 amatre
375 1780 401 1820 et
412 1770 537 1821 medialis
553 1788 631 1822 cnm-

105 1841 261 1904 punctionis,
276 1859 362 1909 quam
374 1844 503 1894 reservari
523 1855 630 1894 aetereiae

106 1910 272 1965 tunsione.
304 1915 363 1965 lioc
386 1915 543 1982 qtaicunque
566 1917 631 1967 dili-

105 1994 189 2047 puter
204 1986 323 2036 voluerit
342 1987 486 2050 advertere,
509 2003 564 2036 non
586 1987 629 2037 ui-

105 2055 199 2108 debitur
223 2058 249 2108 ei
274 2074 342 2108 onus
357 2059 521 2124 poeniteutiae
541 2075 630 2126 graue,

106 2127 231 2178 udralde
244 2128 312 2179 leve.

129 2212 146 2247 2
160 2199 207 2249 Vn
221 2215 315 2250 nunno
333 2217 349 2250 a
368 2217 521 2252 mannans
542 2230 577 2240 -›
597 2204 630 2253 Et

107 2267 234 2335 abjungit
256 2270 418 2322 Dominus:
446 2273 493 2322 Voe
520 2274 629 2334 munda,

108 2333 175 2389 idest
187 2340 335 2390 mundanis
346 2341 517 2401 hominibus,
526 2357 544 2392 a
554 2358 633 2393 scon*
658 2374 661 2397 ;

108 2407 180 2473 doliu
197 2411 227 2461 id
243 2422 286 2462 est
304 2423 416 2478 propter
432 2415 557 2465 scandala
569 2431 629 2480 quae

108 2475 195 2530 stiunt
208 2481 282 2532 aliis.
298 2482 369 2542 Quia
384 2483 476 2534 sitam
495 2501 574 2550 grave
588 2496 631 2535 est

108 2552 274 2603 tundalizare
295 2554 418 2618 pusillos,
438 2557 511 2620 quod
530 2556 555 2606 ei
580 2557 630 2622 qui

108 2622 255 2672 annuatim
275 2638 362 2674 unum
384 2625 529 2690 pusillum,
541 2628 631 2691 magis

107 2692 200 2755 expedit
223 2695 298 2744 mola
316 2695 432 2746 asinaria
457 2695 486 2745 in
512 2696 629 2761 profun-

107 2759 160 2811 dum
175 2765 260 2814 maris
274 2765 405 2832 demergi,
421 2768 494 2832 quod
516 2783 570 2817 non
587 2779 627 2818 est

1189 302 1223 366 43

687 412 721 461 nd
732 412 847 463 aliorum
864 415 1059 480 probationem,
1074 423 1102 466 ut
1116 417 1224 468 vetriant

688 486 828 549 scaudala,
843 487 870 536 id
887 498 926 538 est
952 489 1030 538 bonae
1048 499 1074 538 et
1092 488 1148 538 Deo
1163 490 1224 553 pla-

687 555 771 605 centis
793 559 1004 609 conversationis
1021 558 1221 624 impedimenta.

687 627 721 676 Et
746 627 805 677 ideo
828 627 894 679 dicit
911 631 1056 695 Apostolus
1080 647 1086 680 :
1110 629 1224 695 Oportet

686 700 802 749 hareses
823 714 890 762 esse,
912 707 942 750 ut
964 702 1010 766 qui
1028 701 1141 767 probati
1161 709 1223 752 sunt

686 769 905 836 mnisestifiant
919 771 947 820 in
958 772 1043 822 vobis.
1058 771 1136 822 Unde
1149 772 1220 821 Hie-

685 855 817 904 ronymus
827 859 836 891 .·
845 860 858 888 (ι
869 842 945 892 Sicut
956 857 1062 892 necesse
1077 856 1118 893 est
1130 843 1221 909 ignem

685 915 779 973 calere,
792 913 883 964 nivem
894 930 960 964 vero
969 914 1079 979 frigere3
1094 916 1131 965 ita
1141 916 1221 966 etiam

685 998 791 1034 necesse
806 995 848 1034 est
863 996 894 1035 ut
909 984 1039 1051 iniquitas
1054 986 1150 1034 mundi
1174 1001 1220 1036 er-

685 1053 793 1104 roribus
817 1055 892 1120 pleni
908 1055 1032 1105 scandela
1049 1056 1142 1119 pariat,
1158 1071 1222 1120 per-

684 1123 818 1174 lectorum
832 1140 896 1176 vero
916 1125 1012 1176 caritas
1033 1125 1140 1190 pietatis
1154 1141 1220 1192 ope-

684 1195 762 1245 ribus
780 1197 868 1246 luceat
887 1212 896 1245 2
914 1214 929 1244 s
948 1196 1005 1246 haec
1022 1196 1234 1262 Hieronymus„

685 1267 746 1316 Non
772 1277 815 1318 est
839 1267 983 1318 necessitas
1010 1268 1148 1325 absoluta,
1174 1268 1219 1318 sed

684 1348 790 1388 tantum
819 1355 851 1389 ex
880 1339 1087 1406 suppositione,
1119 1338 1221 1389 scilicet

684 1410 825 1477 supposita
838 1422 911 1462 tanta
933 1423 963 1462 ut
984 1421 1109 1478 appareat
1123 1411 1218 1460 mundi

684 1482 835 1548 iniquitate.
862 1484 943 1534 Nulla
974 1485 1047 1535 enirn
1076 1483 1220 1534 necessitas

683 1556 757 1621 cogit
781 1557 900 1606 humans
922 1557 1001 1606 corda
1026 1571 1085 1606 esse
1110 1555 1218 1620 iniqua,

683 1641 743 1691 quae
761 1635 852 1676 tamen
872 1627 937 1693 quia
958 1627 1052 1692 iniqua
1075 1636 1148 1684 sunt,
1169 1641 1220 1676 ue-

683 1697 799 1746 cessario
812 1707 921 1747 mouent
932 1698 1064 1746 scandala.
1082 1697 1171 1753 Unde,
1180 1712 1218 1746 se·

684 1770 805 1825 cundum
831 1769 1067 1835 Chrysostomum,
1092 1784 1147 1818 non
1171 1769 1219 1818 cle-
1288 1787 1291 1791 ·

683 1839 763 1888 seruit
794 1838 946 1888 libertatem
977 1837 1098 1896 arbitrii,
1131 1853 1219 1903 neque

684 1911 836 1962 necessitati
856 1911 1009 1977 aliquarum
1035 1925 1126 1960 rerum
1149 1926 1217 1975 sup-

683 1982 776 2046 ponit3
793 1983 840 2032 sed
863 1982 936 2048 quod
960 1980 1075 2031 omnino
1094 1979 1218 2031 futurum

683 2063 748 2115 erat,
771 2063 880 2119 propter
902 2053 954 2103 hoc
975 2052 1109 2118 praedixit.
1134 2053 1219 2102 Scan-

682 2124 743 2174 dala
756 2124 869 2190 quidem
883 2133 947 2174 sunt
959 2123 1158 2189 prohibitiones
1173 2139 1217 2172 re-

682 2206 733 2245 cte
750 2196 811 2255 viae,
828 2206 855 2245 et
871 2209 978 2245 necesse
997 2200 1038 2245 est
1057 2201 1085 2245 ut
1101 2194 1217 2255 veniant,

682 2265 709 2314 id
733 2277 773 2316 est
798 2265 914 2315 omnino
935 2266 1054 2316 venient.
1078 2265 1130 2315 Sed
1151 2263 1216 2330 quia

682 2337 782 2386 iterum
806 2347 897 2401 posset
921 2337 997 2402 argui
1021 2353 1030 2386 t
1054 2336 1083 2385 Si
1112 2349 1218 2385 neccsse

681 2417 771 2461 estut
795 2411 901 2461 sesemet
922 2410 1062 2472 scandala,
1084 2424 1148 2474 ergo
1167 2407 1215 2473 qui

681 2483 783 2532 faciunt
803 2484 926 2533 scandala
939 2499 993 2532 non
1015 2493 1079 2532 sunt
1098 2481 1217 2546 punien-

680 2553 727 2617 di·,
746 2553 903 2618 respondet,
922 2553 1015 2602 dicens
1037 2569 1044 2600 ε
1072 2552 1215 2600 Verumta-

680 2640 738 2674 men
753 2640 804 2688 vae,
821 2625 922 2674 scilicet
937 2635 1045 2674 aeternae
1059 2623 1214 2673 damnatio-

680 2696 732 2757 nis,
745 2696 844 2747 ltoarini
856 2696 898 2746 illi
907 2711 958 2762 per
975 2711 1051 2762 quem
1063 2694 1216 2754 causaliter,

680 2778 706 2817 et
728 2768 806 2832 cujus
824 2767 892 2817 vitio
914 2767 1072 2818 mormulam
1087 2765 1166 2828 venit,
1191 2766 1215 2815 si

106 2844 204 2893 puerum
218 2850 269 2897 vce,
285 2837 364 2901 longe
385 2838 627 2901 maiusver,scili-
679 2850 769 2890 tamen
789 2839 848 2890 sine
864 2851 974 2904 peccato
994 2841 1092 2890 evitare
1114 2847 1215 2904 potest;

106 2912 286 2978 tetaeternum,
304 2906 433 2957 imminet
447 2908 500 2973 ipsi
513 2911 626 2973 mundo,
679 2911 727 2977 qui
744 2912 818 2976 quod
835 2926 941 2961 necesse
956 2921 1007 2971 est,
1022 2921 1052 2961 ut
1066 2911 1095 2960 in
1110 2910 1214 2959 mundo

107 2972 128 3020 td
139 2986 177 3025 est
189 2977 286 3026 mundi
300 2978 467 3028 amatoribus
486 2991 516 3029 et
533 2995 628 3046 pecca-
678 2983 735 3044 liat,
747 2981 815 3031 vitio
828 2997 878 3030 suo
892 2981 956 3030 facit
970 2993 1000 3032 ut
1014 2997 1060 3047 per
1077 2996 1106 3030 se
1120 2979 1173 3030 liat.
1186 2979 1213 3030 Si

105 3045 207 3107 tonsus,
230 3063 248 3097 a
274 3049 427 3112 scandulis,
457 3050 484 3099 id
508 3062 548 3100 est
578 3068 627 3116 pro
679 3053 763 3112 enim,
778 3062 809 3101 ut
827 3052 865 3102 ait
879 3052 1100 3118 Cltr‘ysostomus,
1117 3067 1215 3102 neces-

104 3118 226 3168 sta-dms
237 3135 299 3183 quae
316 3135 369 3168 nou
381 3131 484 3179 cavent,
498 3137 546 3170 nec
561 3138 626 3186 pro·
678 3124 741 3172 sitas
757 3131 836 3181 esset,
854 3138 908 3171 uon
923 3123 1035 3173 dixisset
1049 3137 1090 3174 να
1106 3121 1213 3181 leontini,

104 3187 180 3241 simos
197 3191 377 3242 scandalizare
392 3192 497 3253 timent,
513 3209 542 3242 ac
554 3204 627 3244 tanta
679 3193 750 3243 unde
764 3208 811 3242 eas
830 3191 944 3243 miseros
957 3193 1035 3257 dicit,
1049 3194 1096 3259 qui
1112 3209 1144 3244 ex
1158 3192 1213 3241 ele·

103 3271 125 3311 et
134 3272 188 3313 tum
199 3279 295 3329 magna
306 3264 424 3315 inferunt
435 3267 569 3326 scandala
582 3283 628 3316 ne.
679 3264 771 3314 ctione
781 3263 926 3328 perniciosi
942 3275 1015 3315 sunt.
1031 3265 1109 3315 Unde
1124 3264 1150 3312 T
1148 3263 1212 3312 lzeo·

103 3333 160 3384 dum
173 3336 273 3401 paruis,
288 3337 335 3385 sed
352 3347 378 3402 et
391 3337 510 3402 magnis!
529 3339 627 3389 Praela-
674 3335 767 3401 philus
787 3350 795 3383 .·
816 3351 833 3379 a
850 3333 983 3392 Querunt
1006 3334 1100 3400 aliqui,
1122 3333 1146 3382 si
1166 3345 1214 3380 ne-

102 3413 184 3454 torum
196 3417 287 3456 autem
301 3417 327 3455 et
342 3406 531 3472 religiosorum
546 3425 626 3459 sean-
679 3419 752 3455 cesse
767 3411 809 3454 est
832 3411 860 3454 ut
883 3405 991 3456 venant
1011 3403 1150 3463 sceiadala,
1165 3416 1213 3450 eur

54 3476 56 3483 '
102 3473 183 3526 dalum
207 3477 385 3542 periculosius
403 3488 445 3528 est
464 3488 489 3528 et
509 3480 626 3545 gravio-s,
679 3478 813 3528 Dominus
839 3478 929 3543 arguit
954 3479 1138 3528 scandalorum
1162 3490 1214 3524 nu·

101 3546 159 3610 quia
171 3563 266 3598 eorum
287 3547 387 3598 factum
406 3549 493 3614 magis
511 3551 627 3602 trahitur

102 3613 309 3685 inexemplum.
330 3622 381 3670 Sed
402 3621 467 3686 quia
485 3634 576 3687 posset
592 3625 627 3673 ab

102 3691 224 3756 eoquoeri
244 3709 252 3741 2
273 3692 301 3741 Si
319 3693 357 3742 ita
376 3695 478 3742 malum
500 3706 542 3746 est
560 3697 627 3746 alios

101 3763 284 3823 scandalizare,
297 3779 379 3829 quare
400 3766 536 3830 minutis
549 3782 627 3816 scan-

100 3829 154 3882 lea
172 3833 297 3883 evenire?
311 3835 462 3900 Respondit
482 3853 489 3885 z
509 3838 627 3888 Necesse

101 3909 137 3953 en
152 3905 231 3967 erem,
246 3905 273 3955 id
295 3916 336 3956 est
350 3907 495 3973 expediens
515 3919 542 3960 et
560 3910 628 3960 utile

679 3551 781 3601 ctores?
808 3549 949 3615 Quidquid
971 3551 1046 3600 enim
1073 3547 1142 3613 parit
1163 3563 1213 3598 ne-

679 3622 797 3683 cessitas,
823 3621 928 3672 veniale
955 3632 1006 3672 est.
1031 3620 1083 3670 Sed
1107 3620 1212 3671 attende

679 3697 752 3762 quod
769 3696 912 3746 necessitas
926 3695 977 3745 ista
992 3710 1024 3743 ex
1038 3693 1125 3743 libero
1137 3694 1216 3744 arbi-

679 3769 731 3818 trio
747 3769 860 3819 sortitur
873 3767 1020 3832 originem
1032 3765 1128 3818 videns
1140 3767 1213 3817 enim

680 3840 813 3890 Dominus
842 3838 958 3905 quoii-ter
989 3837 1117 3888 homines
1141 3835 1214 3887 inni-

679 3920 773 3961 tuntur
800 3911 883 3969 malo,
907 3923 955 3959 nec
983 3919 1139 3976 proponunt
1161 3906 1214 3958 ali·
