2632 4320
142 271 189 322 DE
208 235 339 324 SURlBlS
356 273 402 324 ET
420 273 611 324 PHARlSAElS
627 272 662 323 IN
680 274 867 327 DOCTRINA
883 274 976 336 nub,
995 273 1076 325 ETC.
1133 276 1181 327 281

59 388 180 454 aliquem
210 397 310 439 statum
338 388 394 453 ejus
421 388 450 439 in
476 388 593 454 speciali,

60 469 166 526 regunt,
188 469 214 510 et
234 458 356 510 subditos
375 470 489 510 onerant
506 459 595 526 gravi-

59 532 111 581 bus
125 529 244 589 statutis,
258 528 318 579 sine
331 544 428 596 magna
441 539 467 579 et
477 528 594 580 evidenti

60 602 228 663 necessitate,
240 603 381 653 abutantur
396 618 444 653 sua
457 611 596 668 potestate,

60 675 129 726 sicut
150 674 283 725 faciebant
303 674 428 726 Pharisaei
443 685 469 725 et
486 674 596 725 Scribae.

61 747 236 797 Praelatorum
258 745 332 796 enim
358 756 397 796 tot
423 756 486 797 sunt
511 745 597 796 inhu-

60 831 149 868 manae
164 816 305 867 sententiae
320 826 346 867 et
359 819 491 882 mandata,
507 817 597 883 ligna-

60 903 114 953 que
126 888 225 948 vetita,
243 889 316 954 quod
337 888 381 938 vix
398 889 483 954 possit
498 888 597 954 aliquis

60 960 175 1010 transire
188 975 237 1026 per
257 960 337 1024 huius
353 961 448 1010 mundi
462 961 596 1022 umbram,

60 1031 128 1098 quin
148 1031 249 1081 incidat
266 1031 295 1081 in
309 1042 447 1097 peccatum
471 1042 496 1083 et
510 1031 597 1082 offen·

60 1118 128 1153 sam.
144 1103 225 1153 Unde
240 1102 277 1152 ait
296 1104 469 1169 Augustinus
483 1105 597 1170 loquens

60 1174 93 1224 de
116 1173 250 1239 religione
272 1173 427 1225 Christiana
448 1193 455 1226 ε
480 1193 494 1222 a
508 1177 596 1240 Ipsam

60 1243 222 1308 religionem
247 1253 376 1304 nostram,
401 1259 482 1311 quam
504 1244 597 1295 Domi-

58 1327 111 1362 nus
131 1322 226 1363 noster
239 1313 317 1363 lesus
339 1314 464 1365 Christus
478 1315 507 1365 in
528 1329 596 1380 pau-

58 1384 178 1436 cissimis
192 1396 421 1437 sacramentorum
436 1388 597 1438 celebratio-

59 1455 142 1505 nibus
165 1455 253 1506 voluit
267 1471 325 1507 esse
347 1457 470 1518 liberam,
485 1457 595 1523 quidam

60 1526 210 1578 servilibus
230 1538 358 1594 premunt
378 1531 515 1590 oneribus,
531 1531 596 1580 adeo

60 1609 90 1649 ut
110 1599 278 1650 tolerabilior
292 1599 327 1650 sit
347 1601 467 1652 conditio
486 1601 597 1652 Judaeo·

61 1687 133 1736 rum,
144 1672 193 1738 qui
205 1688 260 1723 non
272 1674 401 1724 humanis
413 1672 598 1741 praesumptio·

650 405 706 439 non
729 391 818 440 solum
839 390 943 440 nullam
963 393 1122 456 mercedem,
1137 394 1183 443 sed

650 462 730 513 etiam
744 478 852 529 poenam
864 460 1004 529 recipiunt,
1019 463 1066 529 qui
1082 465 1116 514 de
1129 466 1183 516 bo-

650 549 686 583 no
701 534 802 584 malum
816 533 926 583 faciunt.
945 534 1023 584 Unde
1042 534 1182 601 Chrysos-

650 611 737 656 tomus
758 623 767 656 .·
788 623 802 652 a
824 605 1059 665 Quemadmodum
1082 607 1184 659 vermis

650 676 682 726 de
695 677 770 743 ligno
785 677 912 739 nascitur,
930 686 955 726 et
975 677 1081 742 lignum
1095 693 1110 728 a
1123 695 1183 730 ver-

650 765 694 801 me
717 749 894 809 consumitur,
909 758 935 799 et
948 748 1020 799 tinea
1034 750 1067 800 de
1081 761 1154 802 veste
1169 767 1184 801 a

650 835 704 886 qua
716 820 879 882 corroditur;
906 819 944 869 sic
967 818 1091 870 diabolus
1113 821 1184 872 insi-

649 893 747 953 diatur,
775 902 801 944 et
823 893 989 944 occasionem
1013 893 1127 958 quaerit,
1153 905 1184 945 ut

649 963 697 1029 qui
710 979 804 1030 cogere
815 964 956 1014 hominem
967 964 999 1013 ad
1012 964 1115 1014 malum
1128 981 1184 1016 non

650 1043 745 1099 potest,
772 1035 876 1084 studeat
887 1034 934 1084 '.ut
949 1049 980 1083 err
995 1033 1075 1082 bonis
1091 1034 1184 1099 operi-

650 1103 701 1153 bus
717 1105 818 1153 malum
841 1103 928 1154 inanis
945 1102 1035 1169 gloriae
1051 1114 1181 1163 nascatur,

649 1184 674 1225 et
693 1177 766 1241 quod
785 1176 886 1225 bonum
907 1186 971 1236 erat,
986 1191 1018 1225 ex
1033 1175 1107 1225 inani
1123 1175 1183 1240 glo-

649 1244 689 1295 ria
702 1245 737 1295 sit
751 1247 863 1296 malum.
878 1266 891 1294 n
908 1244 1000 1312 igitur,
1015 1254 1045 1295 ut
1059 1245 1096 1295 ait
1107 1245 1179 1295 Hie-

649 1333 790 1385 ronymus,
806 1319 962 1385 quicunque
976 1318 1012 1368 ita
1024 1316 1087 1368 facit
1101 1317 1185 1382 quod·

649 1387 716 1439 libet
737 1399 766 1439 ut
793 1389 914 1440 videatur
939 1389 972 1438 ab
1006 1386 1182 1447 hominibus,

648 1458 740 1510 Scriba
754 1469 794 1510 est
807 1471 832 1510 et
846 1459 1007 1509 Pharisaeus.

681 1528 695 1578 5
714 1529 896 1579 Parnacrantn
910 1545 943 1578 ar
955 1542 1070 1577 eruenta
1081 1528 1184 1577 Junmo·

648 1614 713 1648 aun.
729 1627 759 1635 —
774 1598 884 1648 Deinde'
897 1598 970 1663 quod
984 1596 1118 1646 Dominus
1132 1612 1181 1662 ge-

649 1667 774 1718 neraliter
783 1667 893 1726 dixerat,
905 1667 1022 1717 scilicet:
1036 1667 1126 1731 Opera
1134 1681 1184 1716 sua

62 1745 156 1806 nibus,
172 1747 219 1796 sed
233 1745 334 1796 divinis
356 1747 537 1811 subjiciuntur
550 1746 596 1797 in.
643 1739 754 1805 faciunt
769 1746 798 1791 ut
819 1741 968 1801 videantur,
989 1748 1184 1804 consequenter

62 1817 176 1869 stitutis.
190 1837 204 1865 n

91 1903 110 1954 4
125 1890 270 1939 Ancumua
284 1905 318 1939 nr
337 1905 428 1940 nortun
443 1906 512 1941 vana
529 1905 606 1961 oto-¹

60 1976 115 2010 arn.
130 1988 161 1999 —
176 1961 288 2022 Deinde,
303 1962 449 2011 secundum
465 1962 598 2029 Chrysor-

62 2038 170 2093 tomum,
187 2042 331 2098 postquam
347 2033 480 2082 Dominus
500 2048 598 2098 argue-

62 2108 104 2152 rat
119 2101 228 2152 Scribas
239 2111 264 2152 et
275 2101 422 2153 Pharisaeos
433 2103 598 2153 crudelitatis

60 2184 86 2224 et
101 2174 284 2240 negligentiae,
302 2185 496 2240 consequenter
510 2174 599 2240 arg'uit

62 2259 109 2294 eos
135 2244 226 2294 inanis
245 2244 346 2309 gloriae,
367 2260 427 2310 quae
440 2244 502 2294 fecit
516 2261 561 2294 eos
584 2259 599 2294 a

61 2316 120 2367 Deo
135 2316 267 2378 recedere,
288 2325 313 2365 et
328 2327 532 2382 propterquam
546 2331 600 2366 non

62 2395 181 2452 possunt
195 2386 305 2437 Christo
320 2387 434 2438 credere.
451 2388 528 2443 Unde
540 2387 602 2437 sub·

40 2504 44 2512 ,
61 2457 103 2506 dit
118 2473 126 2506 ε
141 2456 239 2507 Omnia
252 2471 315 2508 vero
327 2471 409 2524 opera
423 2472 474 2508 sua
482 2458 600 2523 faciunt,

64 2545 94 2579 ea
109 2528 212 2580 scilicet
232 2529 382 2581 intentione
401 2541 427 2581 et
444 2546 475 2582 eo
495 2530 558 2590 fine,
573 2536 602 2581 at

63 2601 209 2652 videantur
229 2601 265 2652 ab
279 2602 443 2666 hominibus5
458 2612 484 2653 et
498 2602 537 2653 sic
549 2603 601 2653 ha-

64 2673 147 2723 beant
161 2672 277 2738 gloriam
288 2672 357 2723 inter
369 2673 504 2737 homines,
519 2672 547 2724 id
561 2683 602 2724 est

64 2752 177 2808 propter
200 2742 314 2809 gloriam
343 2744 508 2803 humanam,
538 2743 602 2809 quia

62 2812 151 2863 videri
170 2811 197 2862 in
213 2812 292 2863 bonis
307 2823 416 2879 propter
430 2814 543 2880 gloriam
559 2813 602 2863 di-

62 2881 157 2932 vinam
180 2896 236 2933 non
255 2893 295 2933 est
319 2885 432 2944 malum,
455 2884 502 2934 sed
516 2883 601 2951 magis

65 2952 247 3003 meritorium.
260 2952 321 3002 Non
335 2963 425 3004 autem
441 2964 528 3019 potest
541 2969 601 3004 cre-

65 3024 129 3076 dere
149 3024 260 3076 Christo
285 3025 403 3076 coelestia
429 3025 601 3092 praedicanti,

66 3095 116 3163 qui
138 3095 255 3161 gloriam
279 3105 413 3147 terrenam
439 3096 548 3163 quaerit,
577 3108 603 3149 et

66 3181 128 3218 eam
141 3166 296 3217 coelestibus
318 3166 457 3234 praeponit.
480 3168 541 3217 Non
556 3182 603 3217 so-

67 3237 127 3289 lum
147 3252 213 3304 ergo
236 3238 341 3288 desides
359 3248 385 3288 et
402 3237 508 3289 remissi
528 3248 603 3289 erant

67 3308 101 3360 ad
115 3309 187 3360 bene
202 3310 382 3373 operandum
399 3309 540 3360 sedetiam
554 3325 603 3360 va-

69 3393 104 3430 ne
129 3377 262 3445 gloriosi,
289 3389 315 3429 et
340 3378 369 3429 in
393 3378 451 3429 suis
476 3379 603 3444 operibus

68 3449 176 3501 laudem
204 3459 358 3515 appetentes
386 3449 544 3511 hominum,
572 3462 604 3500 ut

68 3529 158 3571 essent
171 3519 199 3570 in
214 3521 361 3571 reverentia
374 3532 400 3571 et
416 3521 519 3572 honore
532 3522 604 3587 apud

68 3592 211 3657 populum.
227 3591 306 3641 Tales
318 3602 407 3642 autem
423 3593 524 3643 nullam
539 3608 605 3642 mer·

70 3660 162 3713 cedem
183 3662 218 3711 de
234 3661 363 3727 operibus
385 3662 443 3713 suis
459 3663 603 3729 recipiunt,

71 3731 206 3797 quianon
222 3732 330 3782 student
344 3742 374 3783 ut
388 3733 460 3783 Deus
474 3733 605 3799 glorifice·

72 3813 125 3867 tur,
148 3806 197 3857 sed
220 3814 251 3856 ut
270 3805 323 3871 ipsi
338 3806 367 3856 in
387 3806 505 3873 hisquae
524 3815 606 3873 agunt

72 3874 217 3929 laudentur
228 3886 255 3928 et
269 3886 482 3928 remunerentur.
496 3877 529 3929 Et
545 3877 605 3927 ideo

650 1810 678 1860 in
699 1820 784 1875 partes
802 1810 908 1870 dividit,
923 1811 1015 1860 dicens
1032 1826 1039 1858 :
1054 1809 1181 1859 Dilatant

649 1883 717 1935 enim
732 1883 908 1951 phylacteria
922 1898 980 1945 sua,
1003 1889 1029 1933 et
1048 1882 1180 1948 magnifi-

650 1960 711 2004 cant
724 1954 853 2020 fimbrias
859 1971 868 2017 ;
872 1992 919 2005 .....
934 1961 960 2004 et
979 1953 1070 2004 nolunt
1088 1954 1183 2003 ambu-

651 2028 709 2078 lare
723 2028 750 2077 in
764 2027 851 2077 stolis.
867 2028 942 2078 Circa
955 2028 1021 2086 haec,
1035 2027 1184 2076 secundum

649 2097 855 2164 Hieronymum,
880 2109 920 2147 est
936 2097 1084 2160 sciendum,
1111 2096 1184 2161 quod

651 2169 794 2230 Dominus,
822 2185 885 2219 curn
915 2170 1030 2220 dedisset
1061 2169 1186 2218 mandata

651 2239 732 2305 Legis
757 2256 803 2306 per
825 2241 949 2306 Moysen,
973 2240 1006 2290 ad
1034 2249 1183 2288 extremum

653 2310 754 2371 intulit,
769 2310 879 2361 dicens:
894 2311 1009 2376 Ligabis
1020 2323 1051 2359 ea
1065 2310 1091 2358 in
1104 2323 1184 2358 manu

654 2388 708 2447 tua,
732 2387 859 2448 eruntque
884 2397 989 2447 semper
1007 2388 1070 2432 ante
1094 2380 1186 2431 oculos

655 2459 723 2504 tuos.
742 2451 777 2502 Et
793 2463 833 2502 est
850 2467 945 2502 sensus
961 2468 968 2500 ι
983 2452 1114 2515 Praecepta
1127 2464 1187 2499 mea

654 2525 710 2575 sint
724 2524 773 2574 tibi
792 2539 896 2589 semper
918 2524 946 2572 in
969 2538 1057 2588 opere,
1080 2536 1187 2586 semper

654 2595 683 2645 in
699 2594 881 2654 meditatione,
897 2593 953 2643 sint
975 2593 1001 2644 in
1025 2607 1105 2642 mann
1127 2597 1185 2645 tuat

654 2677 685 2717 ut
697 2680 776 2731 opere
798 2667 992 2730 compleantur,
1008 2673 1034 2714 et
1048 2663 1102 2713 sint
1124 2667 1187 2712 ante

654 2737 743 2788 oculos
765 2742 835 2800 tuos,
858 2745 888 2786 ut
900 2735 946 2785 die
960 2750 988 2785 ac
1008 2743 1085 2784 nocte
1099 2732 1187 2783 medi-

654 2808 716 2859 teris
739 2807 767 2857 in
786 2807 825 2857 eis
832 2823 839 2870 ;
858 2807 922 2873 quia
942 2805 1116 2872 spiritualiter
1140 2819 1187 2870 per

656 2894 752 2929 manus
769 2889 810 2928 est
830 2878 1003 2943 intelligenda
1017 2876 1148 2942 operatio,
1161 2884 1187 2924 et

630 2950 632 2955 '
655 2965 702 3016 per
712 2948 805 2999 oculos
819 2948 889 3014 jugis
902 2947 1048 2998 meditatio.
1062 2947 1116 2998 Sed
1131 2947 1188 2997 haec

655 3018 784 3069 Pharisaei
806 3019 875 3068 male
891 3018 1105 3083 interpretantes,
1121 3016 1190 3066 scri-

626 3097 628 3103 '
654 3092 753 3142 bebant
767 3091 795 3140 in
808 3091 972 3141 membranis
986 3101 1013 3141 et
1027 3090 1129 3141 chartis
1140 3089 1191 3140 De-

655 3163 775 3228 calogum
791 3162 901 3228 Moysis,
913 3163 940 3212 id
954 3173 995 3212 est
1008 3163 1099 3212 decern
1110 3159 1188 3226 Legis

655 3238 735 3288 verba
753 3236 809 3288 sive
829 3248 966 3304 praecepta,
980 3236 1187 3302 complicantes-

656 3326 709 3377 que
733 3325 779 3374 ea,
803 3321 829 3361 et
853 3311 929 3378 quasi
958 3325 1085 3361 coronam
1107 3304 1186 3371 capiti

655 3380 800 3442 iacientes,
828 3382 946 3448 ligabant
972 3381 1000 3431 in
1026 3381 1129 3439 fronte,
1158 3385 1189 3426 ut

656 3468 762 3518 semper
776 3461 838 3503 ante
851 3453 942 3502 oculos
959 3459 1147 3509 moverentur,
1163 3455 1190 3495 et

656 3523 782 3574 similiter
804 3523 832 3572 in
862 3523 973 3573 sinistro
999 3520 1108 3569 brachio
1133 3517 1186 3566 cir-

657 3594 847 3660 cumligabant,
874 3603 904 3640 ut
927 3605 1033 3655 semper
1056 3590 1084 3638 in
1106 3601 1188 3636 manu

658 3664 794 3714 haberent.
811 3665 844 3713 Et
867 3661 1018 3712 dilatabant
1034 3661 1083 3709 has
1098 3672 1188 3707 mem-

659 3735 763 3798 branas,
776 3735 802 3784 id
816 3742 855 3782 est
865 3748 909 3782 eas
924 3731 1031 3781 latiores
1044 3728 1187 3788 faciebant,

658 3816 684 3856 et
711 3805 871 3869 Decalogum
893 3802 922 3850 in
946 3801 985 3851 eis
1005 3802 1039 3850 de
1060 3798 1190 3866 grossiori

658 3876 745 3927 littera
767 3873 927 3924 scribebant.
956 3871 989 3922 Et
1018 3871 1075 3922 haec
1097 3869 1191 3920 omnia
