2632 4312
179 261 226 312 DE
242 259 403 312 TRIBUTO
426 258 495 310 PRO
508 256 649 309 DOMINO
666 256 713 307 ET
734 255 852 307 PETRO
868 255 1022 317 SOLUTO,
1039 253 1117 305 ETC.
1178 251 1212 304 33

547 654 715 725 CAPUT
738 656 770 720 V

97 934 149 999 De
169 930 306 999 tributo
321 952 391 1021 pro
411 930 563 1000 Domino
584 940 617 998 et
638 931 748 997 Petro
765 929 894 1009 soluto,
916 941 950 999 et
965 932 1008 999 de
1027 933 1216 1023 questione

281 1044 535 1136 discipulorum
549 1068 654 1137 super
673 1044 876 1130 majoritate
889 1068 1021 1116 eorum.

347 1295 491 1357 Matthaei
513 1313 585 1375 cap.
607 1315 644 1377 17
670 1305 700 1355 et
726 1293 820 1356 Lucae
848 1314 915 1376 cap.
935 1319 965 1378 9.

130 1549 140 1582 t
160 1533 294 1583 Cumsrus
304 1534 452 1589 Arosroms
463 1548 552 1583 neruo
568 1534 629 1584 Pns-

95 1618 190 1654 storum
220 1621 253 1654 nr
276 1620 510 1654 resonaret-mnan
527 1621 628 1656 atram-

94 1692 147 1725 mr.
161 1706 190 1713 -
201 1678 234 1726 Et
244 1677 307 1742 quia
318 1692 349 1726 ex
364 1676 407 1726 his
421 1692 480 1742 quae
494 1677 628 1727 Dominus

95 1755 184 1811 egerat
201 1755 227 1795 et
244 1746 347 1795 dixerat
366 1745 394 1795 in
413 1747 628 1808 Jerusalemtu-

95 1816 148 1866 daei
162 1817 317 1881 quaerebant
335 1831 397 1866 eum
420 1818 553 1882 occidere,
568 1818 628 1869 ideo

96 1895 158 1935 ante
171 1886 274 1936 Pascha
290 1887 395 1936 nolebat
409 1886 438 1935 in
448 1888 564 1938 Judaeam
575 1904 629 1938 am·

97 1961 189 2010 bulare
211 1977 218 2010 :
243 1960 307 2025 quia
338 1962 460 2012 nondum
480 1962 545 2012 hora
572 1963 629 2028 ejus

94 2040 212 2091 venerat,
232 2041 257 2081 et
278 2042 307 2081 ut
322 2032 473 2083 ostenderet
490 2033 563 2098 quod
584 2033 629 2082 ali-

95 2104 202 2170 quando
233 2104 444 2168 persecutionem
464 2104 556 2171 fugere
574 2105 629 2155 lici-

94 2188 152 2226 tum
194 2175 319 2227 fidelibus
350 2177 406 2226 suis
435 2188 512 2228 esset.
550 2179 628 2229 Unde

93 2248 287 2312 Augustinus:
304 2267 317 2294 a
333 2249 393 2297 Non
420 2248 570 2313 perdiderat
583 2265 629 2314 po-

95 2327 226 2378 testatem,
250 2319 298 2383 sed,
325 2329 447 2380 nostram
470 2320 628 2370 consolaba-

94 2398 140 2439 tur
167 2387 348 2454 fragilitatem.
388 2389 523 2451 ,Futurum
556 2391 629 2441 enim

95 2468 151 2509 erat
171 2468 201 2507 ut
214 2459 312 2524 aliquis
329 2459 415 2509 fidelis
434 2476 463 2510 se
478 2462 629 2510 absconde·

96 2539 145 2588 ret,
168 2539 194 2579 et
218 2530 278 2580 ideo
292 2531 424 2596 praecessit
437 2531 465 2581 in
486 2532 579 2598 capite,
597 2549 629 2583 ne

96 2603 219 2652 membro
230 2614 320 2668 postea
338 2605 495 2670 objiceretur
514 2622 563 2670 pro
582 2606 630 2656 cri-

96 2675 181 2725 mine.
195 2695 209 2723 o
221 2677 252 2726 In
269 2677 388 2728 Galilaea
402 2678 493 2744 igitur,
513 2679 541 2729 in
560 2689 629 2730 terra

95 2746 142 2797 ubi
162 2758 218 2798 erat
234 2760 378 2815 conceptus
396 2760 421 2800 et
435 2751 552 2801 nutritus
566 2767 630 2803 con-

96 2819 256 2868 versabatur
270 2835 330 2868 eum
345 2819 487 2885 discipulis
504 2821 570 2873 suis.
587 2823 629 2893 Et,

97 2888 245 2937 secundum
266 2889 498 2956 Chrysostomum,
529 2908 562 2942 ne
585 2893 630 2941 di-

98 2957 193 3022 scipuli
212 2959 327 3010 dicerent
342 2977 395 3026 qua
414 2963 446 3013 de
460 2965 632 3015 causaconti·

100 3041 152 3075 nue
179 3026 223 3077 hic
245 3044 449 3092 conversamur,
478 3049 571 3084 rursus
598 3034 631 3085 de

89 3095 229 3146 Passione
243 3098 282 3148 eis
301 3099 430 3165 loquitur,
442 3113 481 3165 ut,
494 3105 571 3169 quasi
592 3121 632 3156 as·

98 3169 168 3220 sueti
186 3168 256 3219 circa
275 3171 413 3237 negotium
439 3176 534 3225 mortis
547 3177 631 3226 chri-

97 3240 142 3299 sti,
153 3239 253 3300 minus,
269 3257 329 3291 cum
349 3244 460 3304 venerit,
475 3247 632 3298 scandaliza-

97 3321 197 3360 rentur.
227 3312 259 3361 Et
287 3328 348 3362 cum
377 3325 462 3364 morte
484 3331 532 3366 sua
550 3317 630 3368 etiam

97 3382 222 3448 praedixit
239 3392 315 3433 suain
337 3385 578 3447 resurrectionem,
598 3404 631 3439 ne

97 3452 125 3502 in
141 3453 266 3505 Passione
285 3456 342 3519 ejus
362 3456 527 3508 incurrerent
541 3458 632 3524 despe-

96 3522 238 3575 rationem.
259 3526 335 3576 Unde
354 3528 428 3578 dixit
445 3527 478 3578 ad
496 3543 542 3578 eos
557 3545 564 3578 τ
579 3529 632 3580 Ρο-

98 3592 152 3643 uite
172 3593 198 3643 in
228 3597 353 3646 cordibus
378 3599 475 3648 vestris
497 3613 632 3650 sermones

99 3663 182 3725 istos,
204 3664 305 3715 scilicet
331 3666 378 3732 qui
412 3679 580 3734 sequuntur,
599 3670 632 3719 de

99 3750 159 3785 mea
168 3737 297 3788 Passione
311 3749 337 3789 et
347 3741 552 3804 resurrectione;
568 3743 632 3808 quia

99 3822 194 3858 eorum
208 3812 356 3862 recordatio
366 3823 392 3862 et
410 3815 539 3864 memoria
556 3815 632 3865 utilis

165 3925 232 3976 Vtra
247 3928 309 3979 Jrsu
323 3930 445 3991 Camsrt,
463 3947 550 3982 rouus
566 3932 608 3982 lll.

686 1543 726 1585 est
743 1535 828 1586 valde.
839 1535 930 1586 Filius
944 1536 1018 1586 enim
1031 1535 1146 1586 hominis
1158 1542 1218 1588 tra·

685 1606 787 1655 dendus
804 1612 852 1669 est,
872 1605 971 1655 scilicet
995 1623 1001 1655 :
1024 1621 1038 1656 a
1059 1606 1146 1670 Patre,
1169 1623 1216 1673 per

683 1674 820 1725 caritatem
847 1675 973 1738 nimiam;
1000 1691 1015 1726 a
1042 1677 1146 1742 seipso,
1169 1693 1216 1743 per

684 1744 864 1795 obedientiam
878 1745 1069 1808 voluntariam;
1090 1762 1104 1796 a
1119 1747 1215 1798 diabo-

684 1817 729 1876 lo,
750 1831 797 1881 per
815 1817 1015 1883 suggestionem
1038 1818 1173 1884 iniquam3
1199 1835 1214 1870 a

683 1888 767 1947 Juda,
787 1903 834 1954 per
850 1889 1024 1954 cupiditatem
1050 1889 1212 1954 maximam

684 1961 819 2020 aJudaeis,
838 1977 885 2026 per
899 1960 1030 2018 invidiam
1048 1961 1183 2025 dolosam;
1200 1977 1215 2014 a

685 2031 778 2090 Pilato,
790 2047 836 2096 per
846 2031 1096 2098 pusillanimitatem
1113 2032 1216 2084 indebi-

682 2112 747 2152 tam.
772 2101 934 2152 Tractendus
951 2107 1000 2164 est,
1013 2102 1040 2152 in
1055 2117 1149 2153 manus
1167 2103 1217 2153 ho-

683 2177 789 2238 minum,
802 2175 879 2226 idest
892 2176 1058 2226 diversarum
1073 2176 1215 2227 nationum

683 2249 760 2315 quasi
779 2249 937 2299 humanitus
955 2249 1148 2310 sentientium,
1169 2250 1218 2300 sci-

683 2319 744 2369 licet
762 2320 917 2370 Judaeorum
931 2330 958 2369 et
969 2320 1113 2380 Gentium;
1127 2329 1152 2369 et
1172 2320 1217 2370 di-

684 2405 823 2440 versorum
846 2400 973 2450 statuum,
999 2391 1062 2457 quia
1081 2391 1216 2452 militum,

684 2476 788 2527 regum,
809 2461 974 2526 principum,
989 2462 1166 2526 sacerdotum,
1180 2479 1217 2513 re-

684 2531 843 2596 ligiosorum
879 2541 904 2581 et
923 2532 1095 2596 populorum.
1116 2533 1155 2581 Et
1177 2548 1217 2583 oc-

685 2601 773 2666 cident
788 2615 855 2651 eum.
876 2603 971 2666 Magna
993 2601 1124 2667 iniquitas
1145 2602 1218 2668 quod

685 2672 812 2722 homines
829 2672 949 2722 occidant
969 2672 1110 2722 hominem
1131 2673 1219 2724 Salva·

684 2742 787 2792 torem!
808 2743 843 2793 Et
858 2758 900 2804 ne,
921 2742 965 2793 his
983 2743 1091 2803 auditis,
1110 2744 1219 2795 tristitia

685 2812 886 2873 absorbeantur,
912 2811 1070 2880 subjungit:
1083 2816 1122 2864 Et
1137 2816 1217 2865 tertia

686 2887 729 2936 die
753 2892 886 2952 resurget,
904 2897 934 2937 ut
950 2886 1074 2937 tristibus
1089 2888 1147 2937 laeta
1160 2903 1219 2938 suc-

686 2958 788 3008 cedant.
815 2959 854 3007 Et
872 2958 1025 3008 contristati
1054 2963 1117 3007 sunt
1142 2959 1218 3008 vehe-

686 3035 794 3091 menter,
820 3028 885 3094 quia
905 3029 962 3093 ejus
980 3027 1092 3078 societas
1108 3029 1144 3078 ita
1163 3039 1219 3079 erat

686 3098 726 3148 eis
747 3098 833 3148 dulcis
853 3108 879 3149 et
903 3109 985 3164 grata,
1011 3100 1084 3164 quod
1104 3115 1159 3149 non
1180 3109 1220 3149 est

687 3171 786 3222 mirum
806 3172 829 3222 si
849 3171 998 3222 contristati
1020 3183 1093 3231 sunt,
1113 3172 1221 3222 Passio-

687 3257 721 3292 ne
747 3243 803 3308 ejus
823 3242 922 3293 audita.
947 3243 983 3294 Ut
1002 3243 1075 3293 enim
1097 3243 1134 3293 ait
1157 3241 1221 3291 Hie-

686 3327 817 3380 ronymus
833 3328 841 3361 .·
858 3313 1080 3397 «Prpdilectione
1090 3311 1219 3377 Magistri,

686 3385 757 3436 nihil
785 3387 818 3436 de
847 3402 878 3437 eo
901 3386 1042 3436 sinistrum
1066 3395 1093 3435 et
1127 3384 1222 3434 humi-

686 3458 711 3510 le
741 3459 880 3524 patiuntur
906 3458 1007 3509 audire.
1028 3479 1042 3506 n
1060 3455 1222 3508 contristati

687 3536 755 3592 sunt,
781 3545 835 3579 non
862 3529 1029 3579 attendentes
1052 3526 1085 3576 ad
1107 3525 1136 3574 id
1150 3525 1223 3591 quod

687 3601 789 3652 dixerat
804 3618 811 3651 ε
826 3601 865 3652 Et
892 3600 972 3651 tertia
1004 3599 1047 3648 die
1078 3603 1222 3663 resurget,·

687 3683 713 3723 et
747 3688 834 3738 neque
862 3688 913 3723 vox
938 3670 1021 3721 Patris
1044 3669 1143 3729 audita,
1170 3685 1221 3719 ne-

688 3759 741 3808 que
775 3741 933 3794 resurrectio
965 3739 1142 3805 praenuntiata'
1170 3754 1223 3803 po-

689 3817 742 3867 tuit
762 3832 807 3868 eos
834 3814 960 3866 cohibere
981 3827 996 3862 a
1013 3812 1131 3864 tristitia.
1148 3811 1225 3862 Unde

1112 3927 1129 3976 Ξ
