2632 4320
142 223 191 274 DE
207 221 316 272 PRIMO
333 219 382 270 ET
397 220 534 280 MAGNO,
551 220 598 271 AC
615 221 783 273 SECUNDO
801 223 901 276 LEGIS
917 226 1101 278 MANDATO.
1135 229 1187 296 275

69 350 188 406 quatuor
208 354 322 389 causas:
338 338 436 405 primo,
453 339 603 389 secundum

69 411 190 470 finalem,
209 410 310 461 scilicet
324 420 354 460 ut
366 409 493 475 diligatur
508 409 603 476 proxi-

70 498 131 533 mus
152 491 262 547 propter
282 482 384 543 Deum;
406 481 534 541 secundo,
558 496 603 531 se-

70 553 191 603 cundum
208 552 383 615 materialem,
398 552 498 602 scilicet
513 562 544 603 ut
558 551 603 601 di-

67 623 169 689 ligatur
185 622 298 683 bonum,
307 637 363 672 non
377 623 497 685 malum;
513 622 602 684 tertio,

70 694 222 746 secundum
235 693 386 755 formalem,
401 693 502 743 scilicet
516 703 545 744 ut
556 709 604 744 or·

69 765 133 816 dine
161 765 261 826 debito,
283 765 351 814 citra
373 764 459 814 Deum
481 773 508 814 et
521 778 603 830 supra

70 835 242 902 temporalia3
261 845 366 901 quarto,
384 835 531 885 secundum
544 832 616 884 effi-.

67 908 184 959 cientem
211 908 269 958 sive
292 917 463 968 moventem,
488 908 553 974 quia
573 917 604 958 ut

69 983 163 1043 homo,
183 996 238 1031 non
253 981 317 1048 quia
337 991 411 1047 pater
428 991 544 1040 tantum,
560 980 602 1031 vel

69 1052 153 1114 filius,
167 1052 210 1103 vel
225 1051 398 1111 domesticus,
412 1053 455 1102 vel
477 1052 580 1103 amicus
594 1069 601 1102 t

67 1123 160 1173 ethis
179 1122 269 1173 modis
290 1123 368 1172 debet
387 1122 470 1172 homo
490 1122 602 1188 diligere

68 1195 201 1261 seipsum.
212 1195 245 1244 Et
260 1196 332 1254 nota,
345 1195 496 1263 secundum
508 1197 602 1260 Augu·

65 1267 177 1327 ttinum,
193 1266 266 1332 quod
283 1266 371 1332 primo
389 1265 544 1332 diligendus
562 1274 603 1316 est

66 1337 150 1398 Deus,
165 1337 293 1399 secundo,
307 1335 397 1386 anime
411 1336 528 1402 propria,
546 1344 602 1386 ter-

67 1410 128 1470 tio,
148 1408 241 1459 enimn
266 1408 393 1474 proximi.
425 1408 494 1458 Nota
519 1407 601 1456 etiam

65 1480 141 1546 quod
160 1492 238 1529 amor
250 1479 367 1544 proximi
390 1477 474 1528 falsus
489 1487 538 1537 est,
554 1491 603 1543 per

63 1552 123 1603 hec
148 1564 196 1601 seu
220 1550 387 1615 hujusmodi,
403 1549 526 1601 videlicet
546 1565 553 1599 t
577 1549 601 1599 si

65 1620 182 1687 impedit
194 1634 315 1670 amorem
328 1620 393 1682 Dei;
405 1619 428 1670 si
441 1619 543 1685 aliquid
555 1618 602 1669 fiat

64 1701 175 1758 propter
188 1705 307 1741 amorem
329 1690 456 1756 proximi,
476 1692 549 1756 quod
565 1691 601 1741 sit

65 1774 160 1815 contre
171 1777 293 1813 amorem
305 1763 372 1829 Dei;
391 1764 412 1813 si
428 1763 527 1829 aliquis
540 1763 600 1814 dis-

63 1835 177 1887 simulet
202 1835 231 1884 in
252 1850 285 1885 eo
308 1850 390 1902 quem
416 1834 514 1901 diligit,
540 1835 600 1902 plus

63 1922 148 1974 quam
166 1907 195 1959 in
215 1920 248 1958 eo
262 1921 344 1974 quem
361 1923 417 1958 non
431 1907 522 1973 diligit
541 1905 598 1970 sic3

63 1979 88 2030 si
107 1978 215 2045 aliquid
238 1979 267 2028 in
291 1993 322 2029 eo
344 1979 455 2043 placeat,
478 1978 550 2043 quod
569 1977 599 2028 in

64 2051 129 2105 aliis
155 2052 307 2119 displicent3
335 2052 358 2102 si
388 2051 519 2118 patienter
543 2065 599 2101 non

62 2124 190 2186 sustinet,
214 2125 287 2190 quod
310 2124 394 2174 elium
415 2123 485 2174 sicut
506 2138 534 2174 se
556 2124 599 2174 vel

62 2198 242 2266 plusdilignt.

95 2269 111 2320 5
126 2268 261 2328 Quottono
282 2282 406 2318 nrurcrro
419 2268 470 2318 Det
484 2280 518 2317 nr
530 2282 598 2318 etto-

60 2352 120 2390 xtttt
136 2352 227 2389 rorent
246 2338 338 2388 Leonte
352 2337 502 2387 intuetur?
514 2366 544 2377 -
566 2336 599 2388 Et

60 2412 163 2464 infert:
178 2411 210 2462 In
225 2412 268 2462 ltis
279 2411 389 2473 duobus,
406 2411 506 2461 scilicet
518 2427 598 2462 man-

60 2481 305 2545 dstisdilectionis,
318 2488 376 2532 tota
390 2482 451 2532 Lex
460 2483 559 2548 pendet
572 2488 599 2532 et

61 2552 220 2619 Propheta,
239 2552 305 2619 quia
323 2561 398 2602 totus
408 2552 557 2618 Decalogus
572 2563 599 2603 et

60 2624 236 2683 monitiones,
246 2623 305 2673 sive
314 2622 537 2673 comminationes
552 2622 598 2673 hic

60 2693 145 2747 finem
162 2695 282 2758 habent3
298 2694 350 2744 hoc
362 2693 434 2743 enim
457 2704 487 2743 ut
502 2693 598 2745 caritas

62 2765 251 2817 introducatur
272 2764 427 2814 intendunt.
441 2762 511 2813 Tota
521 2763 598 2831 quip

61 2854 95 2907 pe
106 2838 249 2906 Scriptura
260 2837 342 2904 Legis
359 2848 385 2888 et
400 2837 597 2903 Prophetarum

60 2912 95 2963 ad
106 2909 283 2961 dilectionem
299 2908 348 2959 Dei
371 2918 397 2959 et
418 2908 535 2974 proximi
550 2924 598 2959 or-

62 2982 188 3046 dinatum
203 2980 337 3048 quidquid
351 2981 423 3031 enim
434 2991 597 3046 praeceptum

63 3064 114 3119 est,
128 3054 159 3105 in
177 3053 249 3120 Lege
266 3063 293 3103 et
307 3052 458 3119 Prophetis,
474 3052 526 3102 hoc
543 3052 598 3103 fine

61 3134 226 3193 preceptum
249 3133 291 3175 est
305 3141 312 3175 :
326 3135 358 3175 ut
371 3125 443 3174 Deus
457 3134 485 3174 et
503 3125 598 3191 proxi·

63 3210 127 3247 mus
139 3194 280 3261 diligetur.
291 3194 326 3244 Et
339 3204 448 3259 propter
459 3193 526 3254 haec,
541 3208 598 3245 om·

62 3267 107 3319 uie
115 3266 244 3319 mundate
255 3274 282 3316 et
294 3266 393 3332 scripta
403 3264 484 3332 Legis
497 3276 523 3317 et
534 3267 598 3317 Pro·

63 3338 209 3404 puetarum
235 3351 291 3386 non
310 3345 381 3400 sunt,
398 3335 451 3387 nisi
473 3338 597 3403 quedem

63 3407 255 3477 explicationes
268 3408 383 3459 istorum
394 3409 511 3458 duorum
524 3425 598 3460 man-

62 3480 199 3540 detorttm,
212 3481 279 3547 quis
299 3478 390 3529 omnis
412 3480 446 3529 ad
467 3480 523 3530 haec
541 3481 597 3531 duo

63 3560 128 3601 sont
140 3547 275 3601 ordinatu.
293 3550 373 3610 ltem,
386 3549 478 3599 omnia
497 3564 597 3615 praece-

62 3630 107 3687 pte
115 3620 152 3673 ed
159 3620 219 3673 luc
228 3620 285 3671 duo
295 3618 448 3671 referuntur
458 3637 465 3671 :
478 3622 596 3686 primum

63 3692 138 3745 enlm
152 3702 328 3761 preceptum,
354 3692 455 3744 scilicet
473 3695 597 3745 dilectio-

64 3763 108 3815 nis
115 3764 176 3827 Dei,
188 3762 276 3815 ambit
287 3772 314 3813 et
323 3762 419 3829 implet
427 3764 597 3816 omnicmsn·

62 3835 124 3889 dett
134 3835 231 3903 ptime
243 3835 351 3901 tabule,
362 3835 427 3902 quia
441 3835 469 3886 in
485 3850 516 3887 en
527 3853 597 3888 con-

657 340 775 391 tinentur
790 342 840 392 tria
856 345 980 396 mandata
993 346 1027 395 de
1047 346 1190 398 dilectione

657 412 716 472 Dei,
729 427 790 478 quae
800 414 898 480 scripta
913 426 988 466 erant
1002 417 1030 467 in
1045 433 1097 468 una
1109 419 1190 469 tabu·

658 487 694 548 la3
706 496 732 536 et
745 489 895 538 secundum
906 500 1078 557 praeccptum,
1090 491 1190 543 scilicet

657 556 808 607 dilectionis
823 559 949 623 proximi,
964 561 1049 611 ambit
1058 571 1084 612 et
1097 563 1192 628 implet

658 630 750 680 omnia
781 632 905 682 mandata
931 634 1055 684 secundoe
1078 635 1190 700 tabuloe,

657 700 722 766 quin
738 700 766 751 in
786 717 816 752 ea
830 703 1003 753 continentur
1019 715 1122 770 septem
1137 704 1191 756 alia

657 771 783 823 mandata
797 774 829 823 de
840 773 982 824 dilectione
994 775 1119 840 proximi,
1130 790 1192 842 quae

657 842 684 892 in
709 845 830 894 secunda
853 844 945 895 tabula
978 857 1051 896 erant
1082 847 1188 913 scripta.

657 914 725 963 Nam
739 914 787 980 qui
802 915 889 965 Deum
902 915 990 982 diligit
1006 934 1012 966 :
1027 917 1098 967 idola
1111 932 1190 983 sper-

657 987 707 1050 nit,
723 986 771 1037 Dei
783 1002 882 1039 nomen
892 989 921 1038 in
933 1004 1033 1040 vanum
1048 1006 1101 1040 non
1111 1006 1190 1041 assu-

656 1060 715 1122 mit,
731 1069 757 1111 et
773 1060 845 1111 diem
861 1062 963 1113 sabbati
980 1063 1134 1114 sanctificat.
1154 1064 1188 1115 Et

655 1131 703 1196 qui
719 1130 875 1196 proximum
892 1149 971 1183 suum
993 1133 1082 1198 diligit
1105 1151 1112 1183 t
1133 1133 1188 1183 ho-

655 1210 733 1252 norat
746 1212 849 1267 patrem
863 1212 890 1254 et
903 1214 1026 1264 matrem,
1045 1220 1099 1254 non
1114 1203 1188 1255 occi-

655 1273 705 1332 dit,
715 1288 770 1322 non
781 1272 894 1335 furatur,
903 1291 955 1325 non
967 1275 1124 1337 moechatur,
1133 1291 1187 1328 nott

655 1343 753 1395 falsum
768 1311 1043 1407 testimoniumidtcit‚
1056 1363 1104 1398 nec
1117 1364 1189 1399 uxo·

656 1432 713 1467 rem
738 1419 854 1483 proximi
879 1419 921 1470 vel
943 1420 1024 1471 aliam
1048 1435 1106 1471 rem
1132 1420 1189 1487 ejus
1244 1448 1246 1453 >

655 1489 827 1554 concupiscit.
839 1491 917 1553 Nam,
935 1492 1083 1542 secundum
1100 1491 1191 1561 Chry·

655 1565 808 1622 sostomum,
825 1559 894 1610 sicut
908 1561 1000 1611 odium
1023 1562 1108 1612 facere
1122 1577 1191 1628 sug-

655 1629 723 1695 gerit
746 1646 828 1681 omne
858 1631 976 1697 malum;
1001 1630 1040 1682 sic
1065 1630 1190 1694 dilecti0,

655 1702 860 1752 omnebonum.
886 1702 913 1751 ln
930 1701 1018 1753 tribus
1037 1711 1127 1753 autem
1150 1701 1189 1751 di-

654 1771 733 1821 lectio
759 1772 807 1822 Dei
830 1771 984 1822 extenditur
1009 1789 1016 1822 t
1043 1782 1073 1823 ut
1091 1786 1187 1823 omnes

653 1844 837 1910 cogitationes,
864 1860 961 1896 omnes
986 1844 1138 1895 affectiones
1163 1854 1190 1895 et

654 1914 743 1965 omnis
759 1915 827 1966 ratio
844 1916 963 1967 humana
981 1932 1035 1982 qua
1056 1914 1190 1982 intelligi-

654 2003 715 2038 mus
736 1998 762 2038 et
780 1988 968 2050 discernimus,
984 1988 1012 2040 in
1034 1988 1121 2038 Deum
1141 2002 1186 2038 re-

653 2059 781 2120 ferantur,
797 2069 823 2110 et
837 2059 937 2110 divinis
958 2059 1039 2110 rebus
1051 2072 1186 2124 occupen-

653 2139 705 2190 tur,
723 2140 754 2180 ut
775 2130 846 2180 nihil
861 2141 996 2181 remancat
1020 2130 1048 2180 in
1072 2128 1185 2179 homine

652 2201 726 2266 quod
739 2216 794 2250 non
810 2201 908 2252 divinae
922 2199 1059 2251 dilectioni
1082 2198 1185 2248 subda-

651 2281 704 2321 tur.
725 2270 802 2331 ltem‚
824 2271 878 2321 duo
900 2282 965 2321 sunt
982 2285 1043 2337 erga
1067 2267 1184 2335 proximi

650 2340 823 2391 dilectionem
838 2342 967 2392 servanda
983 2358 989 2390 :
1005 2349 1034 2390 ut
1053 2349 1079 2390 et
1098 2340 1184 2388 bene-

651 2411 704 2462 ficii
719 2412 891 2478 impensione
906 2412 1036 2474 foveatur,
1060 2420 1086 2460 et
1109 2409 1183 2458 nulla

651 2483 754 2535 malitia
772 2485 889 2534 laedntur.
914 2482 1035 2531 Primum
1057 2489 1097 2529 est
1109 2477 1184 2527 affir-
1262 2500 1265 2505 ·

651 2555 791 2614 motivum,
804 2555 837 2604 de
850 2568 904 2618 quo
918 2552 1059 2601 Matthaeus
1078 2566 1084 2598 :
1102 2548 1184 2608 Quae-

652 2640 760 2692 cunque,
774 2625 874 2676 scilicet
888 2624 969 2682 licita,
987 2620 1116 2679 decentia,
1133 2634 1183 2669 ex-

652 2697 796 2762 pedientta,
815 2695 905 2757 uultis,
928 2692 1028 2743 scilicet
1043 2691 1183 2741 voluntate

652 2768 785 2833 rationali,
797 2768 900 2818 ratione
914 2765 1100 2830 distinguente
1115 2761 1185 2812 inter

651 2839 740 2890 debita
761 2849 787 2890 et
805 2838 931 2896 indebita,
952 2842 981 2886 ut
997 2835 1117 2900 saciant,
1141 2833 1184 2884 vel

651 2911 788 2962 dimittant
810 2912 898 2969 corde,
919 2923 974 2968 ore,
991 2922 1080 2973 opere,
1099 2905 1183 2969 vobis,

650 2983 693 3032 vel
706 2998 754 3047 pro
768 2981 854 3044 tobis,
869 2980 996 3041 hominen,
1012 2977 1183 3043 inquantum

651 3053 787 3113 homines,
801 3067 855 3102 non
873 3052 965 3113 bruta3
986 3055 1013 3100 et
1027 3062 1074 3099 vos
1094 3046 1183 3112 facite

652 3122 716 3185 illie,
732 3122 759 3172 in
773 3121 856 3172 simili
869 3136 941 3181 casu,
955 3121 1102 3176 voluntate,
1117 3131 1183 3181 ope·

650 3209 688 3253 re,
702 3202 728 3243 et
743 3193 823 3259 pleno
832 3192 934 3242 affectu.
947 3189 1099 3241 Secundum
1110 3186 1180 3236 hanc

650 3268 771 3333 regulam
791 3265 899 3316 dilectio
917 3262 1033 3331 proximi
1048 3267 1136 3310 causat
1155 3264 1182 3306 et

651 3336 751 3398 efficit,
785 3335 941 3403 imperando
969 3345 1064 3383 omnes
1091 3335 1182 3377 motus

650 3409 775 3460 omniurn
788 3409 919 3459 virtutum
932 3406 1071 3458 tendentes
1082 3401 1114 3450 nd
1123 3411 1183 3464 pro-

650 3481 774 3542 ximum,
804 3481 945 3532 interiores
974 3486 1000 3527 et
1027 3471 1182 3525 exteriores.

650 3551 732 3602 Aliud
750 3561 790 3601 est
809 3551 971 3618 negativum,
992 3547 1025 3596 de
1045 3539 1183 3621 quo-To·

652 3623 710 3673 bias
724 3639 731 3673 :
748 3620 829 3683 Quod
841 3623 876 3672 ab
887 3620 942 3670 alio
953 3616 1053 3677 oderis,
1069 3620 1185 3661 rationa-

652 3693 752 3753 biliter,
761 3692 829 3759 fieri
843 3691 899 3752 tibi,
916 3687 1003 3747 corde,
1021 3699 1076 3742 ore,
1088 3694 1183 3747 opere;

652 3764 712 3815 uide
725 3778 758 3814 ne
779 3763 829 3813 alii
846 3760 961 3828 feceris,
983 3757 1121 3808 voluntate
1142 3751 1184 3801 vel

652 3850 740 3902 opere,
749 3833 844 3885 affectu
858 3832 899 3884 vel
913 3829 1017 3882 effectu.
1030 3823 1185 3878 Secundum
