2632 4320
159 251 206 302 DE
224 251 399 302 TALENTIS
414 253 460 303 ET
477 252 580 303 BONIS
595 255 620 303 A
634 254 777 308 DOMINO
791 258 914 312 SERVlS
929 262 1102 314 TRADITIS.
1130 264 1183 333 359

65 391 99 428 ex
120 377 246 443 passione
263 377 387 446 frigoris;
411 380 454 430 vel
467 380 554 446 fletus
569 386 596 430 et

64 449 170 500 stridor
183 450 309 514 dentium,
327 450 355 500 id
377 459 417 502 est
430 452 509 501 dolor
524 467 599 501 men-

64 520 102 571 tis
117 528 145 571 et
157 521 295 586 corporis;
308 532 336 571 et
349 522 381 572 ad
398 522 449 572 ista
461 521 596 572 reducitur

65 593 158 644 omnis
175 609 255 658 poena
270 593 420 645 infernalis.
443 595 512 644 Ecce
531 595 596 660 quia

64 679 121 714 nou
141 665 233 714 solum
247 665 294 731 qui
312 665 382 715 mala
399 675 533 730 operatur,
548 665 595 715 sed

64 744 91 785 et
104 734 155 802 qui
174 735 245 786 bona
260 751 316 785 non
328 734 393 785 facit
407 735 504 786 ultima
519 749 597 801 poeua

65 809 189 874 punitur.

96 880 199 946 7Qu1u
210 896 456 940 marmorisque
474 896 596 930 tauma

63 968 155 1004 srevrs
173 964 306 1004 Tmlul
327 955 493 1004 -Possunt
515 952 596 1003 etiam

64 1040 112 1091 per
124 1026 240 1092 quinque
252 1026 364 1088 talenta,
380 1026 509 1092 intelligit
523 1043 531 1077 z
544 1026 596 1075 bo-

63 1113 100 1149 na
139 1108 259 1160 naturae,
287 1099 357 1149 bona
384 1099 495 1164 gratiae,
525 1099 598 1149 bona

19 1187 21 1191 ·
61 1168 192 1232 scientiae,
218 1170 290 1219 bona
312 1169 449 1234 potentiae,
472 1179 501 1218 et
525 1169 597 1219 bona

59 1239 219 1305 opulentiam
251 1250 279 1290 et
314 1240 443 1289 dicuntur
483 1239 594 1302 talenta,

58 1309 124 1375 quia
138 1325 187 1375 per
207 1309 310 1360 bonurn
333 1325 414 1359 usum
436 1307 531 1358 talium
546 1323 596 1374 po-

58 1390 110 1430 test
130 1380 216 1430 homo
241 1380 293 1431 sibi
319 1379 459 1445 acquirere
490 1379 596 1429 coeleste

61 1451 221 1517 praemium3
241 1463 268 1503 et
287 1452 372 1517 aliqui
387 1451 490 1500 habent
504 1450 596 1500 omnia

61 1526 115 1576 ista
135 1539 152 1576 a
176 1526 234 1575 Deo
248 1525 350 1584 collata,
371 1523 418 1572 alii
438 1524 515 1588 plura
529 1522 597 1573 isto·

62 1611 143 1659 rum,
170 1594 217 1644 alii
246 1610 332 1645 unum
362 1603 476 1645 tantum.
503 1591 596 1658 Aliqui

62 1664 145 1715 etiam
161 1674 227 1714 sunt
243 1664 291 1730 qui
307 1664 406 1714 talenta
416 1662 598 1728 multiplicant

61 1747 88 1787 et
99 1735 251 1802 geminant,
267 1735 335 1785 bene
347 1735 447 1785 utendo
462 1733 597 1799 praedictis

62 1806 96 1856 ad
129 1805 174 1856 sui
201 1805 394 1870 perfectionem
420 1814 448 1853 et
478 1802 596 1869 proximi

60 1875 283 1938 edificationem,
304 1875 351 1925 alii
379 1875 549 1925 abscondunt
565 1872 597 1923 in

60 1958 142 2010 terra,
164 1946 214 2012 qui
237 1956 350 1997 utuntur
374 1947 407 1996 ad
424 1945 518 1995 muudi
535 1945 597 2010 glo-

61 2019 130 2069 riam
144 2029 171 2068 et
184 2019 260 2068 lucra
268 2017 438 2082 temporalia.

93 2088 240 2140 8Auraun
275 2102 413 2136 ammosa
435 2103 468 2136 ue
496 2101 597 2136 uomere

62 2177 154 2212 troam
164 2176 249 2210 necere
260 2175 351 2209 suavis
361 2174 430 2208 uuas
440 2175 525 2207 nncnrr
536 2175 597 2207 rna·

62 2248 159 2282 amre.
172 2259 204 2268 -
218 2231 257 2281 De
272 2230 366 2280 eodem
380 2244 490 2294 quoque
511 2229 599 2279 Lucas

61 2303 141 2368 ponit
156 2303 311 2368 parabolam
325 2301 359 2351 de
373 2300 488 2350 homine
500 2299 598 2364 nobili,

60 2375 165 2426 seilicet
179 2374 300 2433 Christo,
315 2373 363 2440 qui
382 2387 437 2422 non
453 2372 542 2422 solum
552 2387 599 2422 se-

59 2448 183 2500 cundum
208 2446 388 2505 divinitatem,
409 2445 598 2495 verumetiam

60 2519 211 2572 secundum
235 2515 433 2567 humanitatem
452 2531 484 2565 ex
509 2514 597 2565 nobili

61 2603 160 2655 genere
187 2595 263 2636 ortus
285 2595 325 2636 est
339 2603 346 2635 ι
362 2584 436 2650 quia,
449 2584 597 2634 secundum

62 2659 246 2717 divinitatem,
263 2656 312 2706 Dei
337 2655 429 2719 Patris,
448 2665 476 2706 et
501 2670 598 2705 secun-

65 2730 133 2780 dum
150 2727 360 2785 humanitatem,
377 2724 462 2775 David
478 2725 550 2791 regis
562 2724 599 2775 fi-

64 2800 136 2862 lius;
159 2797 219 2866 qui,
240 2797 357 2847 obiitin
377 2797 515 2862 regionem
538 2795 599 2846 lon-

62 2873 204 2941 ginquam,
240 2871 389 2921 ascendens
427 2870 458 2920 in
500 2870 599 2920 coelum

63 2963 234 3014 empyreum,
258 2946 382 3010 accipere
403 2945 455 2995 sibi
475 2959 599 3010 regnum,

62 3034 146 3086 super
169 3016 280 3068 ordines
294 3016 469 3082 Angelorum,
490 3030 525 3066 ac
551 3028 600 3064 re-

63 3090 144 3153 verti,
158 3088 261 3139 scilicet
281 3087 315 3137 ad
336 3085 467 3152 judicium
480 3084 600 3151 particu-

63 3161 129 3222 lare,
145 3158 175 3209 in
194 3156 337 3223 cujuslibet
361 3155 484 3206 hominis
503 3164 599 3205 morte.

64 3230 101 3281 Et
117 3228 278 3296 priusquam
293 3227 358 3277 illuc
370 3226 535 3286 ascenderet,
549 3241 600 3277 vo·

64 3304 145 3366 catis,
164 3316 214 3368 per
233 3299 374 3351 electionis
397 3299 522 3365 gratiam,
550 3300 600 3350 de-

64 3389 129 3440 cem,
137 3382 247 3441 propter
255 3371 378 3437 Decalogi
389 3371 600 3432 observantiam,

64 3447 153 3499 serris
174 3445 248 3508 suis,
281 3454 390 3510 propter
420 3443 600 3494 obedientiam

64 3515 269 3578 omnimodam
296 3515 356 3575 vel,
387 3515 477 3564 decem
511 3514 599 3564 sends

65 3588 134 3652 sada,
155 3586 186 3637 id
202 3596 243 3636 est
256 3584 420 3636 Christianis
433 3594 459 3635 et
473 3583 601 3634 fidelibus

64 3659 217 3719 universis,
234 3670 351 3724 quorum
364 3656 527 3707 universitas
545 3673 602 3706 nu-

65 3747 144 3785 mero
169 3730 279 3781 denario
300 3730 465 3795 designatur,
491 3738 601 3795 propter

65 3800 263 3871 perlectionem
294 3800 415 3860 denarii,
444 3801 519 3851 dedit
542 3801 601 3861 eis,

65 3874 155 3942 gratis
169 3873 260 3924 &cem
279 3885 364 3936 mnas,
386 3871 414 3921 id
437 3880 478 3922 est
502 3871 602 3922 talenta

649 387 696 422 seu
712 373 803 438 libras,
819 376 923 427 scilicet
937 378 1105 444 spiritualem
1127 378 1183 430 De·

649 444 734 511 calogi
745 444 923 508 intellectum,
932 451 970 499 ad
979 450 1179 515 negotiandum,

648 515 734 566 donec
754 517 844 569 veniat
872 521 907 569 ad
939 521 1087 585 judicium,
1111 537 1181 588 quas

648 587 759 638 veniens
779 589 867 655 exiget
882 606 944 640 cum
957 607 1040 643 usura
1051 603 1078 643 et
1088 608 1180 643 excre-

649 662 758 714 scentia.
791 665 944 716 Secundum
974 669 1093 730 Βεάαηι,
1118 683 1180 718 mna

635 732 741 782 'decem
767 734 904 786 drachmis
927 738 1097 802 appenditur.
1123 739 1180 789 De-

649 819 707 854 cem
721 820 784 872 ergo
807 821 880 857 mnae
904 818 1015 858 centum
1031 809 1180 869 drachmas,

649 873 738 926 idest
758 887 863 928 centum
889 878 973 929 libras
995 878 1107 941 faciunt,
1127 897 1182 947 qua

649 961 779 996 numerus
800 946 978 1013 perfectorum
1006 950 1180 1016 designatur.

649 1024 675 1065 et
687 1031 768 1066 sacrae
785 1018 929 1084 Scripturae
945 1035 1044 1081 sermo,
1059 1023 1126 1087 quia
1137 1023 1181 1072 vi-

649 1096 683 1138 tre
701 1088 816 1138 coelestis
842 1090 1031 1154 perfectionem
1051 1094 1181 1159 suggerit,

649 1156 726 1223 quasi
750 1161 857 1210 numeri
893 1162 1036 1212 centenarii
1061 1164 1181 1228 pondere

647 1227 775 1294 fulgescit
778 1244 788 1292 ;
800 1232 851 1291 vel,
860 1233 1007 1297 perdecem
1017 1248 1097 1283 mnas
1106 1234 1183 1285 intel-

649 1301 743 1367 ligitur
769 1303 930 1355 universitas
961 1305 1096 1356 donorum
1121 1307 1181 1370 Dei,

649 1383 758 1438 propter
784 1373 973 1439 perfectionem
996 1378 1082 1443 ipsius
1101 1378 1178 1428 dena·

649 1442 692 1492 rii.
708 1443 841 1495 Mutuavit
860 1460 923 1511 ergo
940 1447 1019 1498 nobis
1036 1448 1108 1498 Deus
1129 1448 1182 1498 ali·

649 1531 702 1581 qua
716 1516 787 1566 bona
802 1518 834 1566 ad
852 1519 1055 1584 negotiandum,
1069 1531 1099 1571 ut
1117 1520 1185 1570 mul-

648 1587 803 1653 tiplicentur
838 1605 885 1655 per
915 1590 1019 1642 fructus
1046 1593 1182 1642 bonorum

649 1673 771 1724 operum,
783 1661 847 1725 quia
868 1670 976 1727 tempus
995 1663 1085 1712 meriti
1100 1663 1184 1714 currit

648 1732 779 1794 usquead
792 1731 934 1795 judicium,
948 1733 981 1783 de
994 1733 1096 1798 quibus
1110 1749 1184 1800 quae-

648 1801 684 1851 rit
709 1802 815 1851 lucrum
834 1804 1013 1868 meritorum,
1025 1805 1181 1856 redditurus

648 1874 787 1926 cumulum
808 1876 993 1941 praemiorum.
1008 1879 1092 1927 «Hoc
1119 1893 1184 1943 pro-

648 1947 715 1998 iecto
741 1948 890 2013 negotium,
906 1959 936 1999 ut
952 1949 990 1999 ait
1014 1950 1179 2015 Gregorius,

648 2028 712 2068 tunc
734 2033 795 2068 vere
818 2035 868 2069 nos
893 2019 1008 2085 agimus,
1025 2020 1047 2069 si
1065 2020 1182 2071 vivendo

649 2102 676 2142 et
704 2091 839 2156 loquendo
867 2093 1053 2158 proximorum
1078 2095 1184 2145 animas

648 2164 793 2223 lucramur,
812 2163 835 2212 si
850 2163 976 2215 infirmos
989 2180 1114 2231 quosque
1130 2181 1184 2216 cce·

649 2232 725 2283 lestis
744 2234 820 2299 regni
839 2235 937 2300 gaudia
956 2235 1126 2300 praedicando
1151 2235 1183 2286 in

650 2318 768 2368 superno
783 2319 873 2354 amore
895 2305 1064 2365 roboramus,
1079 2305 1101 2356 si
1120 2321 1184 2372 pro·

650 2384 739 2426 tetvos
752 2391 781 2426 ac
800 2377 919 2426 tumidos
934 2373 1064 2443 gehenuae
1076 2378 1184 2445 suppli-

650 2446 691 2496 cia
704 2447 859 2498 terribiliter
872 2447 1022 2498 insonando
1038 2448 1184 2508 flectimus,

651 2519 674 2568 si
689 2519 756 2569 nulli
769 2529 862 2570 contra
886 2520 1024 2570 veritatem
1038 2520 1182 2584 parcimus,

651 2592 674 2641 si
691 2591 817 2656 superuis
834 2591 961 2641 amicitiis
974 2591 1067 2654 dediti,
1084 2591 1182 2642 huma·

652 2677 700 2711 nas
724 2660 883 2711 inimicitias
909 2677 963 2711 non
989 2660 1184 2712 timeamuszn

652 2733 708 2783 haec
729 2733 890 2799 Gregorius.
913 2733 1001 2784 lisura
1021 2733 1122 2800 quippe
1135 2744 1189 2794 est.·

652 2805 725 2870 quod
739 2820 771 2854 ex
788 2815 883 2854 mutuo
897 2804 967 2854 ultra
990 2816 1090 2856 sortem
1110 2806 1185 2857 acci·
1207 2859 1208 2862 ,

653 2877 734 2943 pitur.
753 2877 789 2927 Et
808 2887 878 2927 certe
893 2877 1026 2928 Dominus
1039 2879 1125 2928 dando
1137 2894 1186 2930 no

652 2949 696 2999 bis
711 2948 852 3014 pecuniam
871 2963 926 2999 suae
939 2949 1032 3014 gratiae
1045 2961 1073 3001 et
1083 2950 1185 3001 doctri-

653 3035 712 3083 nae,
747 3018 830 3084 exigit
859 3034 919 3069 eam
955 3035 1018 3071 cum
1043 3021 1137 3072 usuris
1160 3030 1186 3073 et

653 3091 830 3143 excrescentia
845 3106 855 3140 ε
870 3091 969 3157 primo,
999 3103 1029 3144 ut
1057 3110 1118 3145 cum
1138 3094 1189 3145 tri·

653 3162 712 3213 buit
724 3159 876 3211 doctrinam
886 3161 950 3213 fidei
964 3164 998 3213 ad
1011 3165 1184 3222 credendum,

653 3233 736 3300 exigit
749 3242 780 3284 ut
799 3234 874 3299 quod
882 3235 981 3296 credis,
992 3251 1039 3286 ore
1054 3234 1183 3286 confitea-

653 3307 707 3369 ris;
728 3307 858 3367 secundo,
884 3317 916 3358 ut
943 3308 1016 3373 quod
1043 3306 1188 3366 confiteris,

654 3380 893 3444 operecompleas;
911 3378 1001 3438 tertio,
1014 3388 1044 3428 ut
1057 3393 1089 3427 ex
1108 3377 1189 3428 nudi·
1233 3438 1237 3443 ,

654 3446 690 3498 tis
709 3446 739 3496 in
758 3445 830 3512 Lege
846 3446 956 3496 Domini
984 3445 1149 3505 meditando,
1163 3455 1191 3497 ct

654 3517 777 3583 legendo,
803 3526 828 3567 et
852 3518 954 3567 orando
973 3517 1054 3566 etiam
1077 3515 1128 3566 alia
1145 3515 1189 3566 in·

655 3588 771 3654 telligas;
790 3597 894 3653 quarto,
917 3595 948 3637 ut
972 3587 1045 3652 quod
1070 3586 1186 3651 complc-

655 3660 734 3720 veris,
750 3660 844 3710 docere
866 3674 923 3708 non
941 3673 1037 3718 cesses,
1053 3658 1097 3707 his
1112 3656 1188 3707 enim

657 3729 778 3796 partibus
816 3728 941 3778 denarius
969 3727 1031 3779 vitae
1056 3727 1186 3778 fundatur

657 3810 771 3851 aeternae.
807 3799 885 3850 Unde
918 3797 988 3849 idern
1016 3798 1187 3864 Gregorius:

659 3889 673 3918 a
687 3873 860 3935 inquantum
873 3885 921 3920 vos
932 3869 1076 3936 profecisse
1090 3883 1186 3936 penea-
