2632 4320
154 238 203 289 roo
453 231 630 284 SECUNDAE
649 231 774 281 PARTIS
789 232 906 283 CAPUT
922 234 981 284 XX.

151 346 299 408 castellum.
315 351 481 404 circumibat
492 350 566 401 enim
585 347 681 399 Domi·
735 361 793 398 nus.
808 347 836 397 Si
851 349 925 399 enim
939 365 1029 401 servos
1047 349 1204 410 habeamus,
1219 351 1267 418 qui

151 443 203 478 nus
216 428 294 477 lesus
306 424 426 474 civitates
450 432 476 473 et
489 423 596 474 castella
610 436 682 487 prae·
735 429 831 469 mutuo
844 419 973 480 rixentur,
989 435 1040 471 nec
1052 421 1130 472 nobis
1143 421 1269 472 ulciscen-

151 499 265 550 dicando
280 506 306 548 et
324 495 446 546 faciendo
461 495 598 554 miracula,
614 492 682 543 sicut

152 585 233 636 supra
252 567 354 618 dictum
375 575 423 618 est.
440 566 509 617 Vide
524 581 595 616 nunc
611 580 682 630 quo-

153 638 235 690 modo
265 637 399 687 Dominus
425 638 510 697 lesus,
538 635 614 700 cujus
643 641 683 686 est

153 715 227 760 terra
241 713 267 757 et
277 707 416 772 plenitudo
435 706 501 770 eius,
515 705 640 756 exclusus
649 705 683 755 ab

153 794 209 830 uno
221 779 278 828 loco
288 778 418 843 patienter
429 777 489 837 fert,
502 787 528 827 et
542 775 637 826 transit
650 777 683 826 ad

154 852 254 914 alium;
272 862 297 902 et
307 851 376 901 habe
386 851 552 917 patientiam,
569 849 591 900 si
603 849 684 900 sirni-

154 924 189 974 lia
201 923 252 974 tibi
269 923 418 988 evenerim3
433 921 488 972 imo
506 922 601 988 gaude,
620 921 685 988 quia

153 995 246 1046 datum
276 1004 316 1044 est
335 992 385 1042 tibi
413 993 442 1042 in
461 993 565 1043 tantillo
584 992 684 1042 imitari

154 1066 302 1117 Dominum
315 1075 403 1116 tuum.
418 1066 483 1116 Haec
494 1064 578 1132 igitur
592 1065 684 1115 omnia

154 1138 364 1198 considerantes,
388 1152 497 1187 omnem
526 1136 685 1187 amaritudi-

155 1226 218 1261 nem
232 1219 259 1259 et
279 1208 346 1257 iram
360 1222 376 1257 a
394 1207 473 1257 nobis
494 1207 684 1272 excludamus3

155 1293 181 1332 et
195 1297 249 1330 non
264 1279 422 1330 ulciscentes
436 1279 563 1345 nosipsos
573 1280 629 1329 Deo
643 1290 686 1329 to-

154 1361 213 1402 tum
227 1349 437 1400 committamus.
452 1350 529 1400 Unde
546 1350 686 1414 Chrysos-

156 1429 241 1473 lomus
267 1437 274 1470 :
300 1440 311 1465 r
345 1421 490 1487 Nunquam
526 1420 687 1471 insidiemur

154 1493 224 1550 aliis,
246 1492 377 1557 quoniam
406 1493 533 1543 adversus
562 1492 686 1557 nosipsos

155 1563 277 1614 acuimus
293 1562 422 1628 gladium,
440 1574 465 1614 et
480 1562 686 1629 profundiorem

156 1632 303 1699 nobisipsis
328 1634 435 1699 plagam
459 1634 563 1684 damus.
589 1634 641 1683 Sed
663 1644 688 1683 te

156 1705 254 1773 aliquis
266 1705 344 1768 laesit,
359 1717 386 1757 et
399 1706 439 1757 vis
455 1707 483 1756 in
498 1723 561 1757 eum
577 1705 687 1758 ulcisci?

156 1777 195 1826 Ne
209 1775 356 1839 ulciscaris,
377 1786 403 1827 et
415 1776 453 1827 sic
465 1776 558 1827 ulcisci
577 1776 688 1843 poteris.

158 1850 213 1900 Nec
237 1859 314 1915 putes
339 1850 391 1900 hoc
411 1849 527 1916 aenigma
551 1865 617 1909 esse,
642 1850 688 1901 sed

735 488 762 539 di
782 499 870 554 partes
881 538 884 545 ,
895 491 1050 552 concedant,
1066 491 1111 542 sed
1135 491 1199 553 sibi,
1217 491 1268 543 etsi

737 572 830 629 postea
848 579 898 613 nos
911 574 1012 629 rogent,
1036 579 1087 615 nos
1105 564 1188 614 modo
1211 579 1266 615 non

736 632 901 694 ulciscimur,
921 634 967 684 sed
979 634 1068 696 [etiam
1084 634 1270 700 indignamur,

736 705 855 757 dicentes
865 723 872 757 ι
884 707 1032 774 Oportebat
1045 718 1075 757 ut
1085 718 1173 757 totum
1189 707 1270 757 nobis

737 775 861 837 deferres,
883 777 929 827 sed
949 776 1014 842 quia
1034 787 1059 828 te
1083 777 1174 843 ipsum
1195 778 1270 828 ultus

736 863 775 910 es,
786 864 820 899 ne
835 848 985 900 molestiam
993 849 1063 900 ultra
1078 863 1166 913 crees3
1182 850 1269 900 multo

738 920 824 986 magis
839 920 912 970 Deus
932 919 980 986 qui
1004 919 1139 986 praecepit,
1162 929 1194 969 ut
1216 919 1269 971 sibi

737 990 831 1041 omnia
854 991 1093 1050 committeremus,
1107 991 1160 1042 hoc
1180 991 1270 1043 dictu-

739 1077 785 1112 rus
801 1070 852 1112 est.
868 1061 990 1120 Qualiter
1003 1072 1095 1113 autem
1110 1078 1166 1112 non
1178 1063 1270 1112 absur-

738 1135 804 1184 dum
839 1143 886 1194 est,
922 1150 983 1184 cum
1011 1151 1027 1185 a
1054 1135 1139 1185 servis
1172 1135 1273 1185 nostrie

739 1214 840 1256 tantam
864 1203 1005 1270 exigamus
1021 1204 1198 1270 obdientiam,
1213 1206 1272 1256 Do-

739 1277 865 1328 minatori
875 1292 929 1326 non
940 1292 971 1327 ea
985 1279 1139 1336 concedere,
1152 1292 1214 1343 quae
1228 1293 1273 1328 vo·

740 1352 831 1401 lumus
851 1365 866 1400 a
881 1349 966 1400 servis
981 1349 1081 1400 nostris
1094 1349 1204 1400 concedi
1219 1365 1274 1401 no-

740 1421 801 1473 bis?
814 1421 843 1471 Si
857 1421 940 1482 enim,
965 1422 1008 1472 dic
1024 1422 1103 1482 mihi,
1120 1422 1182 1472 odis
1210 1436 1274 1473 eum

740 1495 788 1562 qui
813 1493 946 1560 peccavit3
967 1494 1042 1559 cujus
1061 1493 1146 1560 gratia
1169 1494 1274 1560 etipse

740 1582 842 1634 peccas,
863 1577 889 1617 et
904 1566 933 1616 in
952 1566 1045 1617 eadem
1064 1565 1182 1618 laberis?
1197 1567 1274 1619 Con-

739 1638 848 1689 vitiatus
866 1647 914 1699 est,
933 1651 966 1686 ne
982 1635 1183 1700 reconvitieris;
1209 1652 1273 1704 per-

741 1707 834 1767 cussit,
855 1722 888 1756 ne
901 1705 1079 1771 repercutias;
1096 1705 1273 1763 contristavit.

740 1794 774 1829 ne
787 1777 967 1835 recontristes,
982 1775 1046 1843 quia
1060 1776 1131 1826 nihil
1145 1775 1209 1827 inde
1229 1776 1273 1827 lu-

741 1849 789 1912 cri,
812 1848 859 1898 sed
883 1847 923 1898 illi
940 1847 1039 1897 similis
1061 1846 1162 1897 evadis.
1174 1847 1221 1898 Sic
1237 1846 1273 1898 il-

156 1936 251 1970 rerum
264 1931 315 1970 est¹
331 1920 486 1980 Quomodo,
501 1930 591 1986 etqua
605 1920 689 1970 ratio·
742 1921 799 1970 lum
814 1917 926 1968 fortasse
949 1917 977 1967 in
992 1917 1124 1983 pudorem
1139 1917 1274 1983 conjicies,

157 1991 210 2041 ne?
232 1990 303 2049 Quia
321 2001 347 2041 te
368 2006 422 2041 non
439 1990 585 2049 vindicans,
602 1991 690 2041 Deum
743 1989 766 2040 si
781 1988 872 2039 omnia
883 1996 1023 2038 mansuete
1035 1985 1116 2050 feras3
1135 1987 1220 2039 sicin
1233 2003 1275 2038 ru

154 2061 178 2111 ei
193 2060 338 2110 constituis
351 2060 507 2122 inimicum3
528 2060 553 2109 si
568 2076 632 2110 vero
645 2061 690 2110 ul-
744 2062 847 2119 borem,
872 2060 909 2110 ita
932 2069 963 2110 ut
986 2059 1052 2110 iram
1076 2059 1160 2111 sedet.
1186 2060 1274 2112 Nemo

156 2129 274 2190 ciscaris,
289 2146 343 2180 non
358 2130 422 2180 item
439 2147 445 2178 :
461 2145 524 2179 narn
538 2130 611 2181 Mihi
630 2131 691 2181 vin·
745 2133 818 2183 enim
831 2132 902 2182 malo
917 2132 1019 2181 malurn
1034 2139 1119 2191 sanat,
1135 2131 1184 2182 sed
1201 2131 1274 2182 bono

157 2201 240 2264 dina,
254 2206 280 2250 et
291 2214 343 2266 ego
355 2200 510 2262 retribuam,
527 2201 592 2251 dicit
605 2202 695 2252 Domi·
746 2203 869 2253 malum:
886 2221 899 2247 n
918 2201 977 2251 hnc
994 2201 1217 2268 chrysostomus.

649 2422 784 2473 ORATIO

167 2608 171 2616 ¹
191 2591 307 2642 Domine
318 2592 381 2642 Jesu
398 2590 515 2651 Christe,
525 2591 579 2665 ‚qui
600 2592 634 2640 de
649 2591 832 2654 samaritanis,
856 2590 1006 2656 hospitium
1028 2591 1077 2642 tibi
1100 2594 1272 2658 negantibus,

161 2680 215 2714 non
234 2674 260 2714 te
272 2663 422 2722 vindicasti,
453 2664 499 2714 sed
513 2664 642 2729 patienter
664 2663 762 2724 ferens,
777 2662 918 2713 humiliter
932 2664 965 2713 ad
986 2663 1070 2714 alium
1085 2665 1176 2715 locum
1190 2667 1275 2719 decli-

160 2739 239 2799 nasti,
253 2748 347 2804 praesta
370 2739 439 2788 mihi
454 2738 574 2804 indigno,
590 2755 606 2789 o
621 2739 707 2803 dulcis
718 2739 815 2804 hospes
836 2738 942 2802 animae,
956 2750 994 2799 ut,
1013 2739 1087 2790 vitiis
1107 2741 1213 2793 cunctis
1227 2758 1276 2794 ex·

162 2808 256 2874 pulsis,
275 2818 380 2875 gratum
401 2808 450 2858 tibi
479 2808 506 2858 in
533 2810 611 2858 corde
629 2825 689 2860 meo
711 2809 862 2875 hospitium
888 2810 990 2860 valeam
1008 2825 1175 2878 praeparare3
1196 2823 1222 2864 et
1249 2813 1272 2864 si

160 2883 268 2949 quando
283 2887 318 2931 ob
340 2896 400 2932 mea
421 2881 551 2932 demerita
569 2882 607 2933 ibi
629 2892 750 2948 receptus
775 2898 829 2934 non
843 2882 936 2944 fueris,
951 2883 1006 2933 noli
1022 2884 1090 2934 mihi
1106 2884 1196 2947 irasci,
1218 2896 1277 2938 eta

161 2968 238 3004 servo
253 2962 300 3002 tuo
313 2952 342 3002 in
358 2952 397 3003 ira
410 2953 552 3013 declinare,
567 2964 613 3004 aut
634 2953 780 3005 vindictam
796 2955 829 3004 de
845 2970 889 3005 me
903 2970 1029 3019 sumere3
1046 2955 1091 3006 sed
1104 2964 1144 3016 tu,
1157 2956 1206 3024 qui
1222 2973 1276 3009 non

160 3022 259 3073 venisti
283 3022 388 3072 animas
405 3023 524 3088 perdere,
539 3025 585 3075 sed
602 3026 713 3088 salvare,
728 3023 871 3076 reconcilia
885 3041 929 3076 me
952 3025 1001 3076 tibi
1020 3041 1067 3092 per
1079 3036 1155 3078 tuam
1170 3027 1278 3080 miseri·

161 3093 290 3153 cordiam,
311 3103 338 3144 et
353 3094 387 3143 da
402 3105 432 3145 ut
445 3095 495 3144 tibi
516 3111 564 3162 per
578 3095 689 3162 dignam
707 3096 931 3163 praeparationem
957 3112 1003 3147 cor
1017 3097 1146 3164 aperiam,
1172 3098 1277 3168 tibique

163 3164 264 3229 placeat
272 3165 305 3214 ad
318 3178 362 3214 me
369 3179 477 3216 servum
487 3175 564 3217 tuum
577 3167 686 3228 intrare,
697 3177 723 3218 et
733 3182 777 3217 me
786 3166 995 3218 misericorditer
1004 3167 1171 3220 benedicere.
1183 3169 1278 3222 Amen.

639 3510 829 3636 Q,
