2632 4320
340 247 387 297 DE
402 245 556 298 ZACHAEO
573 245 620 296 ET
637 246 718 297 EIUS
735 247 916 301 CONVIVIO.

67 363 117 414 list
126 377 183 412 ssr.
193 389 225 400 -
232 362 338 414 Etcum
349 363 429 413 Jesus
440 362 556 413 venisset
564 362 602 412 ad

65 433 163 497 locum,
185 433 234 483 ubi
253 443 308 485 erat
327 449 496 501 sycomorus,
508 433 601 498 suspi-

64 503 148 566 ciens,
168 504 237 555 vidit
246 504 400 568 Zaclraeum,
421 521 477 555 non
494 513 601 555 tantum

63 576 125 627 visu
138 575 269 642 corporis,
282 577 328 627 sed
341 587 367 627 et
381 587 503 642 respectu
516 576 600 642 pieta-

63 647 107 708 tis,
123 647 277 713 approbans
303 647 365 698 illus
384 648 556 698 devotionem
575 657 601 698 et

62 717 239 768 desiderium.
265 718 370 768 Bonum
388 717 440 768 fuit
463 717 487 768 ei
510 717 600 768 videre

63 789 206 840 Christum
235 805 242 838 ι
268 788 314 838 sed
353 788 452 839 melius
478 787 562 839 videri
585 805 601 840 a

64 861 186 913 Christo.
207 860 263 912 Ubi
284 862 360 911 Beda
375 880 383 912 :
399 879 413 908 a
427 860 502 912 Vidit
522 861 599 913 lesus

60 932 199 983 videntem
223 947 261 991 se,
280 932 344 997 quia
368 931 442 998 eligit
457 931 599 998 eligentem

63 1019 101 1062 se,
116 1014 143 1055 et
160 1003 260 1054 amavit
274 1011 417 1054 amantem.
442 1005 521 1053 Hunc
535 1018 600 1053 sane

63 1078 189 1128 ordinem
201 1075 368 1142 proficiendi,
390 1076 442 1126 hoc
457 1087 496 1127 est
519 1093 600 1143 super

63 1147 144 1199 fidem
169 1146 319 1197 Dominicae
347 1147 542 1198 lncarnationis
564 1147 598 1197 ad

64 1217 248 1284 cognitionem
275 1217 426 1268 divinitatis
447 1218 600 1284 pervenien-

62 1289 99 1347 di,
116 1287 195 1354 quasi
223 1303 395 1354 sycomorum
414 1289 478 1338 lesu
503 1287 597 1338 faciem

60 1359 216 1426 speculandi
245 1360 337 1409 doctor
365 1359 488 1425 egregius
510 1369 599 1409 osten·

61 1433 110 1492 dit,
130 1447 192 1483 cum
221 1430 280 1481 ait:
303 1432 366 1482 Non
382 1431 451 1481 enim
472 1431 598 1498 judicavi

61 1519 101 1554 me
124 1504 196 1554 scire
210 1502 314 1569 aliquid
333 1504 467 1565 intervos,
479 1503 533 1552 nisi
546 1503 598 1553 Je-

60 1590 118 1626 sum
157 1575 312 1637 Christum,
346 1580 373 1624 et
396 1574 465 1624 hurtc
488 1573 597 1641 crucifi-

59 1663 127 1697 xum
139 1664 147 1697 :
159 1665 173 1694 n
189 1644 247 1696 haec
263 1644 348 1695 Beda.
365 1645 537 1711 Cognoscens
550 1660 596 1695 er-

60 1736 93 1786 go
119 1730 146 1770 et
170 1728 309 1784 acceptans
334 1718 409 1768 lesus
429 1717 595 1769 desiderium

60 1792 244 1853 Zachaei,eum
256 1801 287 1842 ut
297 1791 469 1842 descenderet
481 1791 594 1854 vocavit,

60 1866 152 1917 dicens
167 1883 174 1915 :
190 1865 316 1928 Zachaee,
326 1864 465 1930 festinans
483 1864 596 1914 descen-

59 1940 101 2002 de,
122 1938 188 2005 quia
203 1937 282 1988 hodie
296 1938 323 1988 in
335 1938 412 1988 domo
432 1944 478 1987 tua
490 1942 595 2003 oportet

58 2025 99 2061 me
116 2024 247 2060 manere:
264 2009 293 2059 in
308 2010 389 2059 domo
408 2009 519 2074 quidem
533 2022 594 2057 ma-

56 2083 155 2143 teriali,
183 2087 292 2148 propter
314 2081 487 2133 refectionem
513 2080 594 2131 Chri-

57 2154 90 2204 sti
115 2163 143 2204 et
162 2152 359 2217 discipulorum
383 2168 504 2213 suorum,
520 2150 595 2202 etad

57 2224 257 2275 ostendendum
283 2238 359 2274 suam
400 2222 593 2289 benignitatem

57 2293 192 2361 peccatori
226 2294 383 2357 revertenti;
407 2303 434 2345 et
455 2294 482 2344 in
510 2294 593 2344 domo

58 2366 232 2418 conscientiae
255 2366 398 2432 spirituali,
430 2381 479 2433 per
501 2367 593 2432 gratiae

56 2437 227 2489 infusionem
252 2440 429 2488 necessariam
453 2436 593 2503 peccatori.

56 2509 128 2559 Illud
145 2509 227 2560 etiam
249 2508 315 2559 dicit
332 2508 459 2558 Christus
484 2507 594 2558 cuilibet

57 2590 198 2643 nostrum;
213 2580 272 2630 vult
284 2579 357 2630 enim
371 2593 480 2630 manere
494 2579 522 2629 in
543 2579 594 2628 do·

57 2667 105 2702 mo
126 2650 350 2703 conscientiarum
384 2659 547 2712 nostrarum,
566 2659 594 2700 et

57 2721 118 2772 ideo
134 2722 215 2772 debet
239 2720 379 2786 praeparari
398 2721 430 2771 ad
447 2735 508 2771 eum
523 2719 594 2771 reci-

57 2794 200 2859 piendum.
221 2793 301 2844 Unde
318 2793 351 2843 de
369 2794 420 2844 ista
440 2793 505 2843 dicit
520 2792 595 2843 Psal—

57 2864 139 2915 mista
161 2880 170 2915 a
191 2864 307 2914 Domum
333 2869 406 2914 tuam
430 2864 504 2914 decet
526 2878 593 2914 san-

56 2935 179 2997 ctitudo,
208 2934 363 2986 Domine...
392 2934 488 2985 Gloria
520 2934 593 2985 enim

56 3018 152 3057 nostra
171 3005 230 3056 itaec
244 3011 298 3068 est,
326 3005 501 3056 testimonium
525 3019 591 3056 con-

56 3075 178 3127 scientiae
188 3082 298 3127 nostrae.
310 3075 382 3126 Bene
391 3076 469 3126 debet
478 3075 591 3126 domum

57 3160 138 3197 suam
156 3145 328 3212 spiritualem
350 3147 496 3196 emundare
512 3156 539 3196 et
552 3162 594 3196 or-

58 3228 139 3275 nare,
168 3215 216 3282 qui
244 3216 302 3266 vult
320 3225 427 3267 tantum
455 3215 591 3281 hospitem

57 3285 196 3350 recipere,
224 3285 326 3337 scilicet
349 3286 451 3353 Regem
476 3287 591 3353 gloriae,

56 3369 141 3421 quern
163 3371 213 3407 nec
227 3358 335 3417 coelum,
352 3372 400 3407 nec
423 3367 492 3408 terra
506 3368 593 3424 potest

56 3440 168 3493 capere3
191 3438 221 3479 ut
246 3427 283 3478 ibi
313 3437 426 3488 maneat,
443 3427 470 3478 id
492 3438 532 3479 est
547 3444 593 3495 per

54 3496 170 3563 gratiam
188 3497 330 3559 inhabitet,
347 3508 372 3549 et
394 3514 449 3549 non
467 3509 592 3551 transeat.

57 3568 112 3621 Ubi
128 3569 225 3633 Bedat
238 3588 252 3616 u
266 3570 346 3630 Quod
372 3580 462 3621 autem
479 3572 593 3623 descen-

54 3640 121 3692 dere
138 3640 172 3692 de
194 3656 335 3708 sycomoro
361 3641 499 3703 Zachaeus,
514 3653 540 3693 et
553 3644 593 3693 sic

55 3709 84 3761 in
109 3711 198 3765 domo
227 3727 276 3763 sua
296 3711 405 3764 Christo
424 3713 592 3764 mansionem

54 3798 207 3851 praeparare
220 3785 337 3851 jubetur,
352 3786 404 3836 hoc
419 3796 459 3837 est
476 3796 503 3837 et
519 3787 593 3852 quod

53 3854 204 3922 Apostolus
216 3857 273 3908 ait:
289 3856 360 3918 Quia
381 3862 408 3907 et
422 3857 448 3908 si
464 3856 593 3924 cognovi-

1136 266 1189 320 ¹79

654 376 714 411 mus
739 363 882 414 secundum
910 378 1017 416 carnem
1040 364 1186 428 Christum,

654 434 703 483 sed
716 433 771 496 iam
781 449 851 486 nunc
860 450 911 486 non
928 437 1064 500 novimus5
1076 436 1098 487 si
1112 438 1187 488 enim

654 515 779 556 mortuus
800 515 841 556 est
858 521 890 557 ex
907 507 1070 568 infirmitate,
1084 510 1131 559 sed
1144 509 1189 560 vi·
1213 539 1218 547 ·

653 574 691 625 vit
714 591 747 625 ex
774 576 874 628 virtute
895 578 944 628 Dei
963 596 970 629 z
989 597 1003 626 n
1020 579 1077 630 hac
1100 580 1187 631 Beda.

653 646 741 697 Verba
754 647 879 712 pradicta
893 648 1005 700 Domini
1018 651 1082 700 lesu
1095 666 1188 702 mora-

653 719 715 769 liter
725 720 823 785 exponi
835 732 960 786 ,possunt
981 723 1014 772 de
1035 722 1108 774 fideli
1131 723 1189 774 ani·

654 805 706 847 ma,
720 806 781 857 quae
801 792 899 842 domus
921 791 971 842 Dei
992 793 1099 854 dicitur,
1123 795 1187 860 quia

652 862 680 912 in
701 878 731 913 ea
753 863 878 914 Christus
893 880 940 930 per
951 865 1064 930 gratiam
1078 880 1188 919 manere

652 933 790 1000 dignatur;
806 944 832 984 et
847 935 898 985 hoc
913 935 999 998 hodie,
1012 935 1040 984 id
1057 937 1135 986 estin
1150 937 1188 988 vi·

652 1014 678 1054 ta
701 1005 824 1070 praesenti
841 1021 887 1071 per
907 1005 998 1072 gratiae
1016 1008 1185 1072 praelibatio·

652 1092 731 1142 nem;
755 1093 785 1128 ac
817 1078 897 1128 etiam
925 1078 1013 1141 hodie,
1037 1079 1064 1128 id
1090 1089 1130 1130 est
1156 1080 1185 1131 in

652 1148 808 1209 aeternitate,
820 1165 867 1214 per
886 1149 978 1216 gloriae
1004 1150 1106 1200 beatam
1122 1150 1187 1202 frui-

651 1217 764 1269 tionem.
787 1218 860 1269 Licet
889 1228 978 1270 autem
1005 1220 1132 1272 Christus
1155 1222 1184 1273 in

650 1289 771 1354 qualibet
798 1287 870 1339 fideli
897 1289 988 1339 anima
1018 1290 1119 1341 habitet
1138 1307 1185 1359 per

650 1359 741 1419 fidem,
769 1359 916 1425 specialiter
946 1370 1036 1411 tamen
1065 1362 1098 1411 ad
1133 1363 1185 1414 hoc

649 1430 725 1496 eligit
740 1440 845 1481 mentes
866 1432 979 1482 elevatas
995 1441 1020 1482 et
1030 1432 1185 1485 abstractas.

650 1505 734 1554 Debet
754 1512 843 1553 autem
859 1504 949 1554 anima
968 1505 1030 1555 talis
1048 1522 1107 1557 esse
1120 1509 1185 1558 abs·

649 1585 731 1625 tracta
747 1575 896 1640 tripliciter,
911 1575 1030 1626 scilicet:
1046 1593 1061 1628 a
1076 1579 1186 1631 deside-

648 1646 689 1696 rio
704 1649 795 1696 r'erum
808 1647 1014 1711 temporalium,
1028 1663 1042 1697 a
1058 1649 1185 1715 volupta-

649 1726 674 1767 te
705 1716 912 1766 delectationum
953 1718 1117 1777 carnalium,
1142 1722 1186 1770 vel

648 1785 783 1836 commodi
807 1786 962 1852 corporalis,
989 1796 1015 1836 et
1038 1802 1053 1837 a
1077 1789 1182 1854 seipsa,

647 1875 695 1924 per
708 1858 904 1910 abdicationem
919 1857 1034 1924 propria
1053 1860 1180 1912 volunta-

647 1931 690 1980 tis.
707 1932 756 1980 Per
779 1930 837 1980 haec
858 1930 929 1980 enim
944 1929 996 1980 tria
1016 1930 1181 1982 abstrahitur

646 2001 737 2052 anima
753 2001 786 2051 ab
800 2000 874 2051 omni
898 2000 1055 2066 impeditivo
1076 2002 1179 2066 salutis,

647 2082 740 2122 contra
754 2071 799 2121 illa
814 2071 873 2131 tria,
889 2073 921 2121 de
940 2070 1041 2137 quibus
1060 2071 1179 2125 dicitur:

648 2144 730 2194 Omne
753 2142 825 2208 quod
843 2147 884 2192 est
904 2141 931 2192 in
949 2141 1055 2205 neurada,
1075 2149 1123 2192 aut
1139 2149 1180 2194 est

647 2213 860 2280 concupiscentia
875 2213 1020 2276 oculorum,
1043 2220 1091 2264 aut
1114 2228 1180 2265 con·

647 2284 810 2352 cupiscentia
838 2283 938 2345 carnis,
977 2289 1026 2333 aut
1054 2284 1180 2348 superbia

647 2356 718 2406 vitae.
734 2356 808 2404 Hanc
822 2354 956 2419 triplicem
971 2353 1179 2403 abstractionem

646 2425 737 2476 docuit
760 2425 890 2486 Salvator,
903 2423 995 2473 dicens
1015 2440 1022 2472 :
1045 2424 1099 2484 Qui
1122 2424 1179 2475 vult

638 2496 736 2546 ¹venire
752 2499 816 2560 post
831 2507 880 2553 me,
896 2492 1011 2557 abrreget
1029 2506 1067 2554 se,
1090 2507 1179 2557 quan-

646 2578 705 2619 tum
731 2569 763 2617 ad
780 2565 906 2629 tertium;
930 2570 956 2614 et
978 2563 1056 2613 tollat
1074 2578 1180 2615 crucem

646 2656 731 2703 suam,
748 2646 881 2705 quantum
908 2636 943 2686 ad
966 2635 1129 2698 secundum;
1153 2642 1180 2686 et

646 2719 773 2780 sequatur
784 2725 834 2773 me,
849 2709 981 2770 videlicet,
1000 2706 1100 2759 relictis
1116 2724 1179 2758 om-

646 2786 741 2845 nibus,
761 2793 903 2851 ¹quantum
931 2782 963 2832 ad
987 2782 1115 2847 primum.
1146 2783 1179 2832 Et

646 2858 703 2908 haec
712 2854 956 2922 triplexabstractio
965 2853 998 2902 de
1006 2852 1180 2913 Zachaeo,cui

645 2930 703 2980 haec
728 2929 809 2981 verba
824 2928 893 2977 dicta
915 2937 988 2986 sunt,
1014 2925 1114 2976 scilicet
1125 2943 1133 2977 ε
1146 2927 1179 2977 Itt

646 3003 724 3054 domo
743 3007 789 3051 tua
812 3005 917 3066 oportet
933 3012 973 3049 me
995 3013 1110 3061 manere,
1126 3015 1177 3065 po-

645 3084 697 3126 test
709 3071 831 3139 intelligi.
845 3071 976 3132 Quamvis
992 3071 1065 3121 enim
1079 3071 1179 3137 princi·

645 3148 722 3214 pium
737 3145 875 3211 Evangelii
892 3144 983 3210 ipsum
1000 3144 1111 3195 divitem
1126 3159 1176 3209 ap-

645 3215 762 3284 pellavit,
786 3215 813 3266 in
842 3230 968 3281 processu
994 3225 1082 3264 tamen
1114 3228 1176 3262 eum
1245 3232 1247 3236 ’

645 3302 739 3338 verum
768 3300 912 3351 pauperem
943 3283 1044 3334 Christi
1076 3283 1177 3332 factum

645 3373 704 3409 esse
718 3365 921 3407 commemorat.
933 3355 1001 3404 Nam
1018 3353 1045 3402 in
1063 3367 1094 3402 eo
1104 3351 1178 3416 quod

645 3429 715 3479 dixit
738 3444 747 3479 ε
772 3427 846 3478 Ecce
881 3424 1022 3476 dimidium
1050 3424 1178 3472 bonorum

645 3516 762 3552 meorum
783 3500 817 3550 do
825 3497 999 3565 pauperibus,
1014 3504 1073 3556 eto,
1087 3492 1179 3545 innuit

645 3570 852 3622 abstractionem
866 3567 992 3635 primam,
1004 3563 1129 3615 sciliceta
1140 3577 1180 3612 re-

646 3643 698 3693 bus
726 3638 935 3706 temporalibus;
971 3635 1000 3684 in
1028 3648 1060 3684 eo
1088 3641 1176 3683 autem

645 3713 718 3779 quod
733 3712 862 3761 Zachaeus
880 3705 1001 3757 ascendit
1015 3703 1042 3753 in
1054 3702 1177 3761 arborem

646 3796 827 3851 sycomorum,
846 3774 1012 3843 significatur
1034 3772 1177 3823 abstractio

646 3870 661 3906 a
675 3851 817 3906 commodo
831 3845 981 3914 temporali,
1006 3845 1047 3895 vel
1062 3843 1178 3894 delecta-
