2632 4320
222 208 270 258 DE
285 207 379 258 DlVlT
382 207 403 257 E
422 205 589 257 EPULUNE
605 205 652 256 ET
666 204 807 256 LAZARO
823 205 990 259 MENDICO.

47 326 100 378 fuit
127 326 158 375 in
185 339 218 374 eo
239 332 375 389 peccatum
402 323 490 389 gulae,
521 320 583 388 quia

52 395 218 462 epulabatur
234 392 351 459 quotidie
369 392 515 458 splendide.
533 392 584 441 Fa·

48 471 86 520 cit
111 477 206 519 autem
239 468 350 534 gulosus
375 465 501 531 injuriam
535 479 585 514 na-

49 554 141 607 turae;
175 540 245 590 nulli
278 539 350 590 enim
385 538 496 589 animali
531 548 586 588 tam

51 627 185 679 magnum
203 625 300 676 corpus
317 608 436 670 habenti,
457 608 530 659 dedit
542 623 588 657 na-

51 695 110 735 tura
122 692 180 733 tam
193 697 304 747 parvum
324 697 354 731 os
372 692 397 731 et
413 681 523 739 collum,
541 678 589 728 sic·

52 769 80 808 ut
104 756 225 814 homini,
244 765 275 805 ut
298 771 344 820 per
363 755 415 804 hoc
435 754 467 804 ad
489 752 542 803 cibi
563 762 588 801 et

54 838 133 893 potus
153 825 310 892 parcitatem
340 834 365 874 et
382 821 588 889 temperantiam

54 915 101 949 nos
121 906 255 948 moneret.
276 897 341 947 Erat
359 907 384 947 et
400 896 459 946 sine
480 893 588 944 miseri-

54 970 153 1026 cordia,
175 968 242 1034 quia
255 967 369 1018 ulcerosi
394 965 517 1033 pauperis
537 981 588 1015 no·

55 1043 103 1094 luit
112 1041 254 1103 misereri;
266 1052 292 1090 et
308 1040 368 1091 ideo
377 1040 474 1091 frustra
487 1038 590 1089 miseri-

56 1117 173 1167 cordiam
200 1114 285 1180 petiit,
305 1113 353 1180 qui
376 1113 589 1164 misericordiam

56 1203 106 1237 non
123 1186 204 1248 fecit,
220 1194 247 1234 et
259 1184 320 1234 ideo
336 1184 416 1234 etiam
431 1192 560 1249 tanquam
574 1198 590 1232 a

55 1258 107 1308 Deo
141 1270 200 1306 non
222 1254 348 1320 cognitus
374 1264 443 1304 caret
470 1253 589 1316 nomine,

56 1327 98 1394 qui
111 1327 204 1376 Deum
214 1339 373 1390 cognoscere
386 1323 473 1373 noluit
486 1323 514 1372 in
529 1337 591 1388 pau·

57 1415 125 1465 pere.
152 1398 216 1447 Non
237 1397 312 1447 enim
333 1396 538 1462 reprehenditur
559 1411 591 1445 ex

56 1488 84 1522 eo
102 1470 180 1538 quod
197 1469 272 1520 dives
289 1479 354 1532 erat,
370 1469 415 1519 sed
432 1467 504 1534 quod
519 1466 590 1517 divi·

56 1543 103 1594 tias
114 1556 198 1592 avare
211 1539 352 1604 retinebat,
363 1549 389 1589 et
401 1538 470 1588 nihil
481 1537 590 1604 pauperi

56 1614 115 1664 dare
128 1610 249 1670 volebat,
264 1625 293 1660 ac
311 1624 354 1659 eas
368 1609 397 1659 in
412 1608 532 1659 vestibus
542 1623 591 1658 cu·

56 1683 136 1734 riosis
159 1692 186 1732 et
212 1680 300 1746 epulis
319 1679 437 1730 delicatis
456 1680 526 1730 male
543 1695 591 1728 ex-

57 1755 197 1822 pendebat,
214 1753 351 1820 nimisque
361 1752 468 1803 divitias
476 1751 592 1811 amabat,

58 1838 82 1878 et
93 1827 165 1877 circa
179 1839 226 1876 eas
241 1840 376 1876 corsuum
391 1834 530 1890 posuerat;
544 1837 593 1873 nec

59 1898 265 1966 reprehenditur
292 1914 325 1948 ex
353 1913 384 1948 eo
413 1897 486 1963 quod
508 1895 594 1946 aliena

59 1969 178 2029 abstulit,
200 1969 247 2019 sed
272 1968 344 2034 quod
363 1983 412 2018 sua
435 1984 489 2018 non
507 1965 592 2028 dedit;

61 2059 107 2094 nec
137 2040 238 2092 dicitur
264 2041 330 2108 quia
359 2040 513 2107 quempiam
542 2054 593 2104 op·

61 2117 165 2182 pressit,
183 2116 230 2166 sed
251 2114 315 2181 quia
334 2114 363 2164 in
386 2113 500 2179 acceptis
514 2113 594 2163 rebus

62 2201 88 2237 se
111 2185 219 2237 extulit.
244 2185 321 2236 Unde
351 2184 561 2253 chrysostomus
585 2198 594 2231 :

66 2258 151 2308 «Non
171 2265 264 2308 autem
285 2256 356 2323 quod
376 2255 450 2306 dives
465 2263 520 2305 erat
535 2264 595 2304 tor-

66 2329 204 2394 quebatur,
230 2328 276 2378 sed
301 2327 364 2394 quia
389 2327 515 2376 misertus
539 2340 594 2374 non

66 2400 125 2452 luit.
136 2401 199 2451 Non
208 2411 357 2464 accusatur,
366 2399 430 2466 quia
442 2414 484 2449 res
496 2399 595 2448 alienas

66 2472 171 2535 tulerit,
194 2488 250 2522 non
281 2470 346 2538 quia
373 2471 476 2521 adulter
499 2469 594 2531 fuerit,

68 2559 118 2593 non
135 2544 201 2610 quia
222 2543 333 2610 aliquod
357 2544 459 2594 malum
488 2541 593 2604 fecerit;

68 2614 120 2664 sola
128 2613 156 2664 in
168 2613 217 2664 illo
231 2614 426 2664 condemnatur
440 2612 594 2677 superbia.»

96 2681 113 2733 8
140 2686 254 2735 Furuan
275 2700 410 2734 omuino
432 2699 520 2733 nouuu
546 2697 595 2740 our

72 2769 157 2804 ursan
170 2771 319 2806 nnthwNT.
339 2784 369 2792 -
389 2754 467 2806 Unde
482 2762 508 2804 et
523 2752 595 2804 Gre-

72 2824 158 2888 gorius
180 2844 190 2876 .·
214 2844 228 2872 a
253 2825 325 2876 Hinc
348 2823 530 2890 colligendum
555 2833 594 2873 est

73 2910 119 2961 qua
128 2913 205 2963 poena
222 2897 394 2948 mulctandus
407 2897 450 2958 sit,
465 2895 513 2962 qui
527 2895 595 2946 alie·

10 3004 14 3025 ,
74 2981 103 3017 na
125 2969 226 3036 diripit,
251 2970 273 3020 si
299 2968 398 3019 inferni
422 2968 595 3019 damnatione

10 3044 14 3101 '.
74 3041 218 3103 percutitur,
242 3041 290 3108 qui
308 3042 415 3107 propria
435 3057 490 3090 non
510 3039 595 3106 largi-

73 3117 139 3162 tur:
165 3132 179 3160 u
203 3114 263 3163 haec
288 3111 450 3178 Gregorius.
480 3113 595 3161 Pensent

75 3195 129 3248 ergo
152 3202 204 3236 non
228 3187 318 3236 solum
341 3185 480 3243 seculares,
503 3183 548 3233 sed
571 3192 596 3232 et

76 3255 191 3321 religiosi,
207 3257 254 3324 qui
265 3256 423 3322 temporalia
437 3256 529 3306 illicite
543 3254 595 3305 sibi

77 3327 213 3387 annuunt,
228 3328 271 3378 vel
291 3326 421 3387 detinent,
444 3342 497 3394 qua
520 3341 596 3392 poena

78 3398 196 3459 puniendi
228 3409 301 3458 sunt,
331 3398 353 3448 si
381 3400 523 3448 damnatur
548 3397 595 3464 qui

77 3469 173 3534 propria
183 3486 238 3520 non
252 3469 335 3519 dedit.
348 3469 400 3528 Qui
417 3469 488 3518 enim
502 3468 596 3528 aliena,

77 3552 116 3590 seu
138 3541 231 3593 illicite
254 3540 393 3608 acquisita,
415 3550 441 3591 et
464 3541 596 3591 reddenda

78 3607 194 3673 detinent,
215 3622 309 3663 contra
330 3611 378 3662 Dei
393 3611 517 3662 mandata
533 3627 596 3677 pec-

77 3692 137 3744 caut,
159 3684 218 3739 sine
241 3682 341 3749 quibus
362 3698 441 3732 nemo
459 3692 546 3748 potest
564 3683 595 3732 ad

35 3794 38 3801 .
77 3751 148 3806 vium
161 3756 276 3822 ingredi,
289 3755 330 3806 vel
341 3754 445 3806 salvari.
458 3754 492 3805 Et
506 3765 595 3805 tamen

78 3826 145 3879 multi
157 3827 280 3889 credunt,
296 3827 342 3877 sed
359 3826 448 3888 stulte,
459 3827 532 3893 quod
542 3841 596 3877 rea·

37 3940 40 3945 ’
128 3942 505 4005 Vrrslnsussaarsr1,rouus
524 3942 567 3993 ΙΙΙ.

1118 223 1169 276 129

638 330 668 371 tu
681 330 762 397 tantae
774 321 878 387 injuriae
893 339 948 375 non
960 324 1092 388 obstante,
1107 325 1170 376 ani-

639 406 690 442 mae
717 407 812 444 eorum
839 394 1008 460 requiescant
1037 394 1065 446 in
1099 410 1170 462 pace.

640 461 708 512 Nam
729 461 793 526 quia
806 464 971 515 conscientia
985 480 1056 531 saepe
1070 464 1173 515 forma-

639 544 683 585 tur
710 535 858 585 secundum
880 536 907 586 id
930 538 963 588 ad
995 538 1067 604 quod
1090 539 1173 589 homo

640 608 770 672 afficitur;
802 608 862 661 ideo
890 611 969 662 multi
1000 611 1126 677 pecunias
1148 621 1174 663 et

641 680 799 745 temporalia
818 680 901 731 nimis
916 682 1066 749 diligentes,
1082 683 1115 734 de
1138 683 1175 733 il-

641 751 712 803 licite
729 752 878 819 ,acquisitis
905 754 1098 805 conscientiam
1121 769 1176 805 non

641 820 748 884 faciunt,
774 823 865 890 sicque
891 823 937 874 Dei
963 835 1094 891 praecepta
1108 841 1176 876 con·
1259 863 1262 870 ,

642 893 798 957 temnendo,
813 903 839 944 et
851 909 898 960 per
912 909 1083 960 consequens
1100 912 1176 946 mor-

642 967 729 1016 taliter
762 967 904 1032 peccando,
940 968 1028 1019 Deum
1062 970 1177 1033 graviter

642 1039 791 1100 offendunt,
814 1050 839 1090 et
861 1041 953 1091 omnia
978 1056 1026 1091 sua
1050 1040 1077 1090 in
1096 1040 1177 1091 bonis

642 1111 766 1163 exercitia
780 1114 890 1180 perdere
913 1130 966 1164 non
985 1123 1118 1164 metuunt.
1141 1113 1175 1164 Et

643 1185 760 1235 maxime
769 1184 820 1235 hoc
829 1186 969 1237 attendant
982 1184 1087 1236 domini
1098 1195 1176 1235 terra·

642 1270 703 1305 rum
718 1264 745 1304 et
758 1265 890 1322 potentes,
905 1256 952 1323 qui
967 1271 1063 1323 parum
1079 1255 1177 1305 timent

642 1336 726 1377 terras
740 1326 854 1377 aliorum
867 1328 919 1378 sibi
933 1328 1074 1388 attrahere,
1084 1336 1110 1377 et
1121 1327 1176 1376 mi-

644 1416 695 1450 nus
708 1410 829 1466 potentes
842 1400 868 1451 vi
882 1402 996 1452 veldolo
1008 1400 1174 1467 opprimere3

645 1490 692 1525 nec
708 1473 740 1523 ad
753 1474 841 1524 Deum
855 1485 949 1525 cuncta
958 1483 1111 1524 cernentem
1127 1489 1177 1524 cu-

644 1553 703 1595 rant
715 1544 854 1610 respicere.
871 1543 898 1594 Si
916 1544 1026 1594 arbores
1040 1545 1129 1594 solum
1147 1542 1176 1593 in

644 1616 728 1665 altum
748 1624 774 1664 et
788 1630 843 1664 non
867 1613 896 1663 in
916 1615 1002 1664 latum
1020 1624 1177 1674 crescerent,

645 1703 693 1738 nec
706 1703 735 1737 se
748 1687 897 1746 dilatarent,
907 1702 960 1736 una
970 1686 1051 1736 aliam
1064 1702 1118 1736 non
1131 1687 1179 1736 im-

645 1758 760 1824 pediret;
779 1757 824 1807 sed
843 1756 907 1822 quia
919 1756 1078 1807 crescuntin
1094 1757 1178 1806 latum

645 1841 671 1881 et
690 1846 718 1880 se
731 1830 857 1892 [dilatant
880 1844 934 1879 una
952 1827 1066 1893 impedit
1079 1827 1177 1891 aliam,

645 1905 682 1952 ita
696 1901 769 1969 quod
791 1916 846 1951 una
860 1899 1020 1966 quandoque
1040 1898 1179 1949 abscindi-

647 1984 699 2033 tur,
714 1984 822 2039 propter
834 1971 915 2022 aliam
928 1970 979 2022 sibi
993 1970 1120 2021 vicinam.
1134 1969 1178 2021 Sic

647 2059 722 2110 reges
750 2053 776 2094 et
803 2052 923 2110 potentes
951 2041 999 2108 qui
1025 2041 1125 2091 habent
1154 2050 1179 2090 et

647 2123 773 2181 quaerunt
793 2111 955 2174 dominium,
975 2113 998 2163 si
1017 2112 1104 2162 solum
1120 2127 1179 2162 cre-

648 2197 749 2237 scerent
766 2186 895 2251 inialtum
912 2201 1005 2236 versus
1019 2187 1127 2245 coelum,
1151 2194 1178 2235 et

647 2259 780 2324 erigerent
805 2273 833 2308 se
858 2258 890 2308 ad
907 2257 1008 2316 Deum,
1025 2271 1098 2307 unus
1123 2272 1178 2306 non

648 2328 790 2394 impediret
799 2329 895 2392 alium;
912 2339 938 2379 et
952 2328 1016 2395 quia
1025 2328 1138 2378 dilatant
1151 2342 1179 2377 se

649 2401 709 2466 plus
721 2400 812 2451 debito
826 2400 858 2450 ad
873 2409 987 2460 terrena,
1001 2409 1111 2464 propter
1126 2398 1178 2448 hoc

648 2486 720 2520 unus
747 2469 832 2520 alium
852 2469 975 2534 impedit,
1000 2478 1026 2518 et
1050 2468 1102 2518 alia
1127 2467 1178 2517 sibi

648 2540 767 2599 attrahit,
784 2555 814 2591 ac
830 2554 860 2589 ea
876 2554 947 2604 soepe
960 2538 1106 2588 heredibus
1123 2537 1181 2587 suis

649 2610 786 2676 relinquit.
802 2609 853 2659 Sed
865 2625 920 2658 non
936 2608 1066 2674 gaudeant
1082 2607 1181 2657 dehoc

647 2686 688 2735 vel
702 2683 867 2749 glorientur,
887 2681 951 2749 quia
969 2682 1056 2733 veniet
1072 2692 1180 2748 tempus

648 2774 702 2825 quo
711 2757 774 2824 ipsi,
784 2768 912 2824 tanquam
922 2755 1077 2823 parochiani
1092 2755 1182 2806 diabo-

647 2831 677 2891 li,
695 2846 757 2881 cum
771 2829 854 2880 divite'
874 2829 903 2879 in
922 2828 1027 2879 inferno
1041 2827 1181 2894 sepultura

648 2901 721 2952 asini
749 2900 923 2966 sepelientur,·
949 2908 975 2949 et
1000 2898 1045 2949 alii
1066 2913 1113 2964 per
1135 2913 1182 2948 eos

649 2972 748 3036 injuste
772 2969 893 3035 oppressi
917 2969 949 3019 ad
976 2969 1097 3035 requiem
1118 2983 1179 3018 cum

649 3044 748 3094 Lazaro
763 3041 952 3107 suscipientur.

681 3132 697 3183 9
725 3115 898 3164 Exnoarnrro
921 3130 954 3162 no
978 3129 1180 3164 ursrmconornu

651 3202 820 3238 inncrnuoau
834 3202 867 3236 nr
888 3202 1080 3236 rnunnarnrnu
1096 3201 1180 3235 roca·
1240 3187 1243 3194 '

648 3274 761 3308 annona.
781 3285 811 3294 —
827 3256 945 3306 Audiant
963 3257 1014 3306 hoc
1033 3255 1129 3305 terreni
1155 3263 1180 3302 et

650 3327 758 3387 miseri,
782 3343 851 3394 quos
882 3326 970 3392 pulvis
1000 3336 1076 3376 terrae
1108 3337 1181 3372 nunc

649 3399 799 3460 excaecavit,
813 3398 877 3465 quia
890 3397 994 3449 vexatio
1005 3407 1068 3447 tunc
1080 3395 1181 3444 intelle-

649 3481 722 3521 ctum
739 3469 777 3519 eis
790 3469 873 3520 dabit.
890 3469 966 3519 Unde
984 3466 1155 3532 Augustinus
1172 3481 1180 3514 :

650 3560 664 3588 «
680 3540 798 3591 Audiant
819 3539 869 3590 ista
890 3539 999 3598 divites,
1021 3536 1069 3602 qui
1085 3535 1182 3584 nolunt

650 3627 708 3663 esse
722 3609 916 3661 misericordes.
937 3608 1054 3658 Audiant
1071 3604 1180 3670 irrogari

649 3681 702 3732 sibi
724 3680 864 3747 supplicia,
885 3679 932 3744 qui
956 3678 1051 3727 nolunt
1073 3689 1183 3740 erogare

651 3751 779 3803 subsidia.
803 3750 921 3800 Audiant
938 3761 1081 3814 pauperem
1103 3744 1183 3795 refri-

653 3832 798 3892 gerantem,
823 3820 933 3873 audiant
958 3817 1067 3870 divitem
1095 3816 1183 3887 poenis

1074 3952 1090 4004 9
