2632 4320
152 259 207 308 414

152 362 245 411 cardos
268 359 394 425 baptizat,
415 360 462 409 sed
487 359 559 409 Deus
581 358 683 424 estqui

151 433 252 485 detinet
269 443 346 484 tuum
357 442 436 498 caput
450 432 584 483 invisibili
595 432 686 482 virtu-

151 515 180 556 te.
188 521 200 568 3.
217 506 254 555 ita
270 514 297 555 et
310 518 392 554 nunc.
409 504 508 554 Nullus
530 503 621 570 itaque
635 504 684 554 lu-

152 577 201 628 das
213 577 294 635 adsit,
306 578 398 627 nullus
412 593 519 641 avarus,
533 578 627 627 nullus
638 575 685 626 in-

152 644 290 699 hamanus
312 649 428 709 accedat,
453 649 548 698 nullus
569 646 684 697 crudelis

152 732 180 772 et
193 720 394 783 immisericors,
411 721 503 771 nullus
522 719 686 770 universali-

152 803 192 844 ter
208 791 386 856 immundus;
401 792 424 841 si
443 792 505 859 quis
520 806 579 840 non*
590 799 631 840 est
640 789 686 840 di-

152 863 282 928 scipulus,
295 863 424 913 discedat.
444 865 507 913 Non
519 863 618 928 recipit
627 877 682 922 eos,

151 935 273 1000 quinon
298 943 362 984 sunt
385 935 451 984 tales
475 935 532 984 haec
556 947 652 984 mensa
676 949 683 981 ι

152 1009 220 1058 Cum
234 1007 379 1074 discipulis
395 1009 470 1058 eni-m
485 1009 559 1070 nteit,
572 1006 619 1067 ait,
628 1007 683 1072 fa-

63 1106 72 1115 ·
152 1082 194 1131 cio
206 1079 327 1130 Pascha.
344 1081 408 1130 Haec
422 1089 462 1130 est
479 1079 526 1130 illa
540 1094 645 1137 mensa,
657 1088 683 1128 et

151 1153 222 1204 nihil
247 1152 340 1202 minus
356 1153 402 1203 illa
424 1152 522 1214 habet3
541 1151 592 1201 hoc
614 1151 685 1202 illud·

148 1235 189 1275 est
215 1224 381 1274 coenaculnm
409 1223 458 1273 ubi
477 1232 540 1273 tunc
562 1221 680 1282 fuerunt,

150 1297 213 1347 hinc
239 1297 275 1346 ad
295 1305 417 1345 montem
443 1295 585 1345 Olivamm
609 1295 682 1345 exie-

150 1377 225 1419 runt.
246 1368 383 1418 Exeamus
407 1377 433 1417 et
458 1383 513 1418 nos
530 1368 560 1417 in
582 1381 681 1417 manus

149 1453 308 1504 pauperum,
328 1437 386 1487 haec
411 1437 484 1487 enim
503 1439 577 1504 regio
602 1452 681 1487 mons

149 1517 194 1559 est.
212 1507 354 1558 Olivarum
379 1524 386 1558 :
414 1508 492 1558 olivae
519 1509 592 1560 enim
616 1519 681 1560 sunt

148 1579 275 1645 plantata
296 1578 326 1628 in
345 1579 427 1628 domo
444 1579 570 1641 Domini,
590 1580 618 1629 id
640 1589 681 1630 est

147 1666 298 1717 pauperum
317 1651 464 1701 multitudo
479 1652 563 1703 stillat
577 1653 679 1714 oleum,

147 1724 221 1789 quod
244 1723 290 1773 hic
312 1734 351 1775 est
364 1724 431 1774 utile
446 1725 535 1776 nobis.
550 1727 588 1776 lta
604 1725 679 1776 enim

147 1804 173 1845 et
193 1795 281 1846 Deum
296 1796 444 1861 propitium
461 1797 632 1858 habebimus,
653 1807 684 1848 et

147 1866 261 1916 multam
284 1882 454 1929 assumemus
477 1869 626 1918 mercedem
641 1885 678 1918 c»

146 1935 205 1987 hac
223 1937 445 2005 Chrysostomus.
469 1939 497 1988 Si
519 1955 613 2005 quem,
636 1954 679 1990 se-

144 2008 264 2057 cundum
282 2008 394 2071 sedam,
411 2019 503 2060 movet
515 2026 577 2060 cum
594 2027 680 2063 coena

145 2086 190 2127 tus
213 2078 333 2128 Salvator
350 2079 491 2143 Apostolis
511 2096 593 2131 suum
609 2082 680 2132 Cor-

66 2165 72 2178 ·
146 2162 206 2211 pus,
225 2162 256 2196 ac
271 2149 439 2213 Sanguinem
461 2151 584 2211 tradidit,
596 2166 683 2216 quare

144 2231 195 2266 nos
210 2217 293 2281 jejuni
308 2220 400 2268 eadem
416 2222 682 2287 sacramentaperci-

144 2285 252 2350 piamus
265 2287 274 2335 't
289 2287 397 2348 Audiat,
414 2289 480 2354 quia
492 2300 558 2341 tunc
571 2306 681 2342 necesse

143 2365 200 2406 erat
210 2356 330 2423 typicum
341 2359 446 2409 Pascha
458 2361 535 2426 prius
547 2377 682 2414 consum-

142 2427 221 2489 mari,
237 2438 266 2478 et.
276 2427 316 2480 sic
328 2430 364 2479 ad
373 2446 468 2482 verum
483 2433 584 2484 Pascha
595 2442 681 2487 trans-

142 2500 190 2561 ire,
206 2516 235 2552 ac
249 2502 304 2552 veri
317 2503 427 2555 Paschae
441 2518 605 2558 sacramenta
618 2509 679 2558 sub

143 2573 221 2626 stitui
231 2591 324 2640 ;.nunc
346 2587 436 2629 autem
452 2579 480 2629 in
502 2579 635 2632 honorem
652 2591 682 2632 et

143 2664 194 2713 pro
228 2649 374 2700 reverentia
414 2651 480 2702 tanti
516 2654 677 2704 sacrammti

142 2717 277 2783 placuisse
299 2720 438 2785 magistris
461 2723 595 2785 Ecclesiae,
617 2724 676 2789 pri-

142 2806 191 2840 mo
202 2805 251 2840 nos
271 2790 421 2844 Dominicae
442 2795 579 2846 Passionis
589 2797 677 2862 parti-

141 2859 277 2925 cipatione
301 2863 413 2924 muniri,
440 2875 469 2916 et
488 2866 680 2932 spiritualibus

142 2931 231 2996 epulis
252 2931 353 2994 satiari,
372 2935 471 2987 deinde
490 2939 604 2990 terrenis
626 2941 680 2991 ‹la-v

141 3003 225 3069 pibus
254 3017 352 3070 corpus
375 3008 460 3060 refici.
490 3011 559 3062 Sunt
585 3022 678 3064 autem

140 3075 193 3126 tria
206 3073 329 3126 sacrificii
343 3095 459 3144 genera:
472 3098 570 3145 unum,
584 3085 680 3137 Domi·

141 3146 198 3197 nici
227 3147 363 3214 corporis3
397 3153 528 3216 alterum,
566 3156 676 3207 contriti

140 3219 229 3269 cordis
237 3235 250 3283 3.
260 3219 379 3282 tertium,
394 3224 565 3277 mortihcntae:
574 3227 673 3278 carnis.

141 3291 255 3358 Oportet
271 3308 334 3359 ergo
354 3294 515 3347 sacrificium
530 3298 674 3350 humilita-

140 3363 186 3424 tis,
197 3367 344 3430 praecedere
361 3366 389 3417 in
402 3376 502 3428 mente,
520 3369 675 3421 afflictionis

140 3434 170 3486 in
194 3453 282 3501 carne,
307 3449 338 3490 ut
357 3439 467 3490 devotio
488 3439 620 3493 habeatur
644 3443 674 3493 in

140 3505 277 3560 Dominici
293 3510 413 3577 corporis
432 3512 677 3564 consecrationeet

140 3579 301 3644 receptione.
332 3582 528 3649 Appropinqua
550 3580 624 3633 nunc
647 3593 677 3635 et

139 3656 171 3698 tu
195 3651 228 3700 ad
248 3651 318 3702 hanc
334 3669 435 3705 coenam
455 3653 621 3715 mendicans,
643 3664 677 3706 ut

140 3718 340 3788 eleemosynam
377 3724 439 3775 inde
471 3725 592 3791 accipias.
630 3726 677 3776 An.

140 3794 214 3854 quod
221 3804 247 3845 te
260 3795 384 3847 hortauit
396 3798 548 3861 Anselmus,
560 3797 671 3849 dicens:

141 3878 155 3909 tt
164 3865 225 3918 lam
238 3885 317 3921 nunc
327 3871 439 3923 ascende
455 3887 517 3924 cum
528 3887 563 3924 eo
576 3872 608 3923 in
622 3885 675 3925 cce·

438 241 613 293 SECUNDAE
636 240 761 292 Pataris
784 240 901 292 CAPUT
923 243 990 294 LVl.

744 357 870 408 viaculum
889 364 1012 419 stratam,
1027 359 1153 424 prender
1163 367 1192 409 et
1207 359 1283 410 salu-

744 429 807 479 taris
832 445 915 480 coenae
941 431 1071 482 interesse
1092 431 1199 482 deliciis
1221 448 1281 500 gra-

744 502 838 552 tulare.
862 504 958 554 vincar
986 503 1155 554 iracundiam
1188 520 1281 567 amor,

744 573 870 624 timorem
890 576 1015 626 excludat
1040 575 1163 640 affectus,
1177 586 1209 629 ut
1227 578 1282 628 sal·

745 656 799 697 tem
812 649 846 698 de
860 649 941 700 micis
954 666 1056 700 mensae
1073 650 1149 702 illius
1165 652 1281 703 eleemo-

745 733 842 783 synam
860 721 979 785 praebeat
994 721 1180 784 mendicanti3
1200 723 1281 787 νάῃ

744 789 825 855 longe
839 801 890 851 sta
919 802 945 842 et
967 792 1047 858 quasi
1068 807 1174 858 pauper
1190 802 1281 844 aten-

743 859 812 910 dens
824 861 852 910 in
865 861 978 912 divitem
993 873 1024 912 ut
1035 862 1139 928 aliquid
1152 862 1278 929 accipias,

743 935 856 985 extende
878 951 1001 996 manum,
1027 936 1132 987 famem
1152 935 1281 1002 lacrymis

719 1046 721 1053 .
743 1005 848 1070 prode:
863 1026 878 1054 n
893 1008 949 1057 haec
970 1008 1121 1059 Anselmus.

776 1091 808 1126 10
825 1077 930 1128 Uarrus
948 1094 1023 1128 cunc
1038 1093 1236 1129 marronam
1252 1093 1280 1128 iu

742 1163 832 1197 aaran
853 1165 887 1198 ar
909 1166 936 1199 ru
952 1166 1103 1200 estanores
1122 1151 1278 1202 Mumm-

719 1216 721 1221 ’
742 1233 818 1285 nana.
843 1220 978 1271 -Coena
1008 1221 1120 1271 Domini
1153 1221 1223 1272 olim
1250 1222 1279 1272 in

742 1305 841 1340 manna
855 1291 1024 1358 praefigurata
1037 1291 1101 1353 ruit,
1113 1294 1194 1358 quod
1204 1294 1279 1344 Deus

718 1376 721 1427 ᾗ
741 1361 805 1412 filiis
825 1363 908 1413 lsrael
930 1363 957 1413 in
976 1364 1083 1414 deserto
1099 1364 1185 1415 dedit.
1199 1365 1279 1416 Dedit

717 1456 720 1491 ς
739 1433 840 1483 ludaeis
857 1433 973 1500 figuram
995 1435 1053 1485 veri
1069 1435 1152 1500 panis,
1171 1435 1278 1486 scilicet

717 1518 720 1523 ·
740 1519 837 1569 panem
861 1503 1026 1555 materialem
1040 1514 1068 1555 et
1087 1506 1276 1570 temporalem-5

740 1577 823 1627 nobis
842 1588 932 1627 autem
952 1578 1103 1640 veritatem,
1121 1578 1220 1628 acih'cet
1233 1594 1279 1629 su-

716 1650 992 1714 :persubstantialem
1033 1661 1062 1702 et
1111 1651 1275 1702 aeternalem.

739 1721 838 1771 Manna
854 1732 974 1775 creatum
992 1721 1045 1772 fuit
1060 1737 1076 1773 a
1091 1722 1149 1773 Deo
1163 1722 1276 1774 incoelo

715 1792 718 1805 ¹
739 1809 826 1854 aereo,
841 1796 888 1844 sed
909 1795 990 1861 panis
1002 1795 1083 1845 nobis
1097 1796 1276 1858 damnatiti-

739 1875 781 1915 cet
812 1866 947 1927 Christus,
966 1867 1108 1918 descendit
1144 1868 1180 1919 de
1211 1868 1276 1920 coelo

738 1951 811 1986 vero.
827 1936 911 1987 Coena
926 1936 1037 1986 Domini
1049 1937 1133 1987 etiam
1147 1937 1275 2004 praefigur

739 2015 797 2056 rata
817 2005 870 2056 fuit
894 2007 928 2056 in.
946 2022 1016 2072 agno
1038 2007 1170 2072 paschali,
1195 2024 1273 2075 quem

739 2077 812 2127 Deus
838 2077 928 2142 primo
954 2077 1083 2142 praecepit
1106 2078 1174 2129 liliis
1201 2080 1271 2130 larla

740 2147 916 2208 manducare,
942 2147 1053 2213 quando
1082 2148 1203 2199 decrevit
1230 2164 1272 2200 aaa

739 2222 772 2270 de
785 2220 941 2285 captivitate
960 2218 1124 2284 AEgyptiaca
1142 2219 1254 2271 liberare
1260 2237 1270 2284 ;

739 2294 776 2344 ita
794 2293 921 2343 Christus
943 2303 1148 2342 sacramentum.
1167 2294 1268 2347 Eucha-

739 2363 823 2414 ristiae
835 2372 900 2414 tunc
913 2362 1032 2428 primum
1050 2362 1175 2415 instituit
1186 2380 1267 2431 quaa-

737 2434 774 2483 do
785 2449 835 2484 nos
846 2450 862 2484 a
873 2433 1004 2483 diabolica
1020 2443 1154 2498 potestate
1175 2435 1265 2502 eripere

737 2505 831 2556 voluit.
859 2505 975 2565 Quando
999 2502 1049 2553 filii
1070 2505 1156 2555 lsrael
1174 2521 1263 2572 agnum

739 2576 1123 2641 Paschalemmanducabant,
1142 2576 1267 2628 succincti

737 2661 820 2715 erant,
831 2651 941 2701 baculos
953 2649 981 2699 in
994 2649 1123 2700 manibus
1136 2651 1262 2706 tenebra

737 2732 763 2772 et
775 2721 901 2784 stabant·,
920 2719 1205 2772 itaeommunicantes
1221 2721 1261 2769 dr.-
1308 2744 1310 2749 ·

736 2793 801 2842 bent
820 2807 878 2842 esse
901 2790 1030 2841 succincti
1052 2805 1101 2856 per
1124 2791 1221 2842 mentis
1238 2798 1260 2839 et
1308 2818 1310 2823 ·

736 2865 857 2932 corporis
870 2864 1032 2925 castitatem,
1043 2873 1071 2914 et
1080 2873 1173 2915 tenere
1187 2864 1260 2914 becu-

735 2940 789 2998 los,
819 2953 868 3005 per
903 2946 983 2988 rectae
1008 2936 1071 2987 fidei
1103 2937 1259 2993 mmmm,

735 3011 833 3061 debent
852 3010 936 3061 letiam
956 3009 1036 3060 erecti
1054 3019 1131 3061 stare:
1148 3010 1178 3061 in
1198 3009 1260 3059 bont

734 3081 801 3142 vita,
812 3096 895 3146 quem
909 3081 1119 3144 inchoaverunt,
1133 3090 1162 3130 et
1173 3094 1225 3131 non
1236 3090 1259 3128 sc

735 3153 833 3203 iterum
848 3167 980 3218 reponare
995 3151 1024 3202 in
1045 3153 1147 3214 lutum,
1168 3152 1202 3202 cle
1213 3162 1259 3216 qm

734 3227 787 3292 jam
800 3234 982 3277 surrexerunt.
997 3226 1097 3291 Agnus·
1107 3223 1260 3276 comelebt-

734 3307 778 3348 tur
800 3313 864 3348 cum
888 3296 998 3348 lactucis
1021 3296 1189 3362 agrestibus,
1209 3306 1260 3360 qtae

734 3377 800 3420 aunt
820 3382 935 3432 arnarae;
951 3376 977 3418 et
989 3383 1042 3417 nos
1053 3368 1192 3419 debemus
1200 3365 1261 3417 Cat·

734 3455 786 3506 pus
805 3438 917 3488 Domini
934 3439 1098 3488 manducare
1116 3454 1183 3488 cum
1193 3449 1261 3489 ann·

734 3526 767 3562 ra
798 3509 973 3561 contritione.
1005 3509 1061 3568 Qui
1092 3508 1260 3561 comedumt

733 3596 851 3648 agnum,
887 3583 1051 3633 tenebantur
1088 3580 1177 3646 pedes
1202 3590 1260 3631 suot

733 3657 864 3718 calceare3
880 3656 919 3708 sic
927 3655 1164 3708 communicantes
1173 3653 1262 3706 debuit
1277 3716 1285 3729 α

733 3728 814 3796 pedes
829 3742 905 3793 suos,
924 3728 952 3779 id
966 3737 1007 3779 est
1019 3725 1131 3778 affectus
1145 3735 1175 3778 et
1195 3720 1263 3776 deti-

733 3800 816 3862 deria,
833 3800 980 3860 custodire,
993 3798 1116 3850 cavendo
1128 3813 1166 3850 ne
1181 3797 1262 3864 aliq!

732 3873 901 3927 maculentur
914 3873 1002 3923 sorde.
1014 3871 1110 3937 Αςιιω
1131 3866 1265 3924 ΡικὶιιΒ
