2632 4320
147 274 197 325 162
461 273 636 324 SECUNDAE
655 273 778 323 PARTIS
794 273 911 325 CAPUT
925 276 995 328 XXI.
1035 285 1038 289 ’

136 391 254 457 jusmodi
268 402 342 443 erant
351 391 484 457 Apostoli.
495 419 528 429 -·
539 390 671 450 Secundo,

136 480 171 514 ne
183 464 216 514 de
227 462 357 513 memoria
368 462 528 524 laberentur,
542 463 588 513 sed
604 477 673 511 mor·

137 536 172 585 tis
188 534 288 601 jugiter
307 532 509 583 meditationem
533 533 672 591 haberent,

136 616 167 655 ut
177 604 312 656 exercitati
327 604 532 669 exspectatione,
550 619 611 653 curn
624 618 673 652 ve-

137 675 208 725 niret
219 673 368 739 persecutio
378 684 404 724 et
415 673 503 723 crucis
514 671 673 739 ignominia,

137 745 243 796 facilius
259 744 366 804 ferrent,
383 755 410 794 et
429 760 482 794 non
503 743 674 794 turbarentur

138 817 319 876 vehementer,
332 815 396 882 quia
408 815 545 865 tribulatio
554 830 675 881 praecog-

140 889 196 938 nita
212 898 238 939 et
258 897 407 953 exspectata
421 886 504 936 levior
522 886 673 950 invenitur-3

137 959 179 1009 uel
193 958 314 1009 videntes
328 974 390 1008 eum
414 957 484 1006 mori
503 956 676 1023 ignominio-

139 1044 177 1091 se,
196 1046 252 1079 non
264 1028 515 1080 scandalizarentur.
527 1057 556 1066 -
572 1028 674 1087 Tertio,

138 1113 170 1154 ut
193 1119 248 1153 non
263 1102 416 1152 dubitarent
431 1116 492 1151 eum
509 1111 675 1159 resurrectu-

139 1192 200 1227 rum
216 1175 285 1226 sicut
298 1173 466 1240 praedixerat,
481 1188 543 1222 cum
558 1172 675 1223 viderint

140 1262 170 1297 ea
184 1262 246 1312 quae
259 1247 293 1294 dc
309 1246 434 1294 Passione
455 1259 503 1294 sua
518 1244 676 1309 praedixerat

140 1316 260 1383 impleta.
275 1344 305 1353 -
320 1315 431 1374 Quarto,
448 1325 478 1365 ut
491 1315 590 1365 scirent
606 1330 676 1380 quo-

143 1387 216 1438 niam
231 1385 384 1436 Passionem
398 1385 535 1451 praevenit,
551 1395 576 1435 et
591 1400 676 1449 spon-

142 1468 237 1508 taneus
257 1456 290 1505 ad
316 1471 374 1505 cam
391 1455 508 1507 accessit.
520 1484 551 1493 -
563 1455 675 1515 Quinto,

128 1576 131 1582 .
143 1539 175 1579 ut
186 1537 276 1578 essent
290 1537 371 1578 testes
384 1527 457 1595 quod
471 1526 587 1578 scienter
601 1537 677 1592 pate-

143 1612 217 1653 retur
230 1611 257 1652 et
269 1600 431 1660 voluntarie,
445 1610 536 1664 utpote
551 1599 598 1666 qui
615 1614 678 1665 prae-

145 1675 220 1727 venit
236 1683 361 1733 mortem,
382 1683 407 1723 et
423 1673 556 1738 potuisset
575 1670 677 1737 fugere.

144 1776 176 1786 -
203 1746 324 1814 Mystice,
364 1745 518 1812 frequenter
556 1743 680 1811 praedixit

144 1820 286 1886 discipulis
302 1819 457 1869 Passionem
471 1833 558 1877 suam,
569 1832 615 1883 per
629 1816 680 1866 hoc

142 1892 295 1961 significans
304 1893 378 1958 quod
391 1891 528 1941 multoties
541 1899 610 1939 essct
618 1904 681 1955 pas-

144 1979 225 2014 surus
250 1963 280 2012 in
307 1960 436 2012 membris
459 1961 532 2024 suis;
554 1960 627 2010 unde
652 1958 680 2007 in

142 2034 256 2085 Actibus
281 2050 288 2082 :
313 2034 405 2094 Saule,
430 2032 522 2091 Saule,
547 2030 612 2096 quid
641 2044 682 2080 me

143 2103 339 2171 persequeris?
358 2102 393 2152 Et
408 2102 498 2161 Petro,
523 2100 682 2150 imminente

147 2177 273 2244 passione
287 2191 344 2234 sua,
366 2175 453 2224 dixit:
469 2174 545 2225 Vado
566 2174 681 2223 Romam

146 2249 245 2298 iterum
260 2244 388 2311 crucifigi.
404 2246 428 2295 Ο
438 2244 545 2311 quoties
561 2253 587 2294 et
600 2260 682 2310 quan·

147 2331 206 2372 tum
225 2319 307 2370 hodie
321 2317 456 2368 Dominus
475 2317 503 2367 in
521 2318 611 2368 electis
625 2317 683 2368 suis

147 2391 256 2457 patitur,
270 2389 317 2456 qui
331 2405 377 2456 per
396 2389 482 2439 malos
498 2387 683 2454 multipliciter

146 2473 174 2514 ct
187 2461 332 2513 crudeliter
345 2460 446 2527 saepius
456 2458 631 2525 affliguntur!

180 2549 196 2585 2
236 2534 390 2584 Jsausxrsrc
424 2547 508 2582 rocus
548 2532 683 2582 Pnssroxrs

148 2605 270 2656 Cunrsrr.
285 2633 315 2642 -
331 2604 370 2654 Et
391 2603 432 2653 ait
446 2602 503 2653 illis
519 2601 681 2668 specialiter,

146 2685 276 2740 tanquam
291 2674 349 2724 suis
363 2673 512 2723 secretariis
526 2682 551 2722 et
565 2672 680 2723 amicis:
699 2728 707 2741 .

146 2746 219 2798 Ecce
232 2743 403 2795 ascendimus
423 2742 635 2809 lerosolymam,
650 2743 681 2792 ad

146 2816 238 2866 locum
267 2813 415 2864 Passionis.
441 2812 526 2873 Quasi
558 2813 680 2863 diceret:

148 2887 209 2937 Jam
234 2884 263 2935 in
290 2893 418 2950 promptu
443 2893 483 2935 est
508 2894 538 2934 ut
566 2883 651 2949 patiar
675 2900 682 2933 :

150 2955 285 3018 Quoniam
312 2953 463 3007 tribulatio
472 2955 605 3020 proxima
632 2960 681 3004 est.

150 3030 184 3081 Et
197 3028 304 3079 attende
313 3029 386 3093 quod
399 3038 426 3079 et
441 3043 530 3093 supra.
541 3027 612 3078 Hinc
632 3042 683 3077 au-

148 3110 205 3151 tem
218 3098 281 3149 facit
306 3099 471 3149 mentionem
487 3099 521 3149 de
545 3099 605 3149 loco
618 3099 684 3149 Pas-

91 3181 94 3187 ’
150 3170 246 3232 sionis,
261 3170 362 3220 scilicet
377 3170 539 3233 Jerusalem
554 3169 627 3236 quia,
640 3185 684 3220 se-

150 3242 272 3294 cundum
287 3241 446 3307 Scripturas,
462 3240 491 3290 in
505 3240 594 3290 medio
607 3249 684 3290 terra·

152 3322 311 3380 operaturus
326 3320 382 3361 erat
400 3312 523 3361 salutem.
536 3310 619 3360 Terra
635 3325 685 3359 au-

153 3394 208 3434 em
222 3383 369 3433 Jerusalem
384 3380 412 3430 in
430 3380 519 3432 medio
533 3378 629 3429 mundi
646 3388 686 3429 est

152 3453 249 3520 posita,
268 3452 311 3504 cui
325 3452 359 3502 ab
381 3451 490 3503 Oriente
505 3450 604 3515 adjacet
618 3450 686 3499 Ara-

154 3526 207 3586 bia,
232 3540 293 3592 quae
316 3533 437 3589 tempore
460 3520 580 3572 filiorum
607 3520 686 3570 lsrael

153 3597 273 3649 solitudo
290 3605 346 3646 erat
356 3593 519 3655 vastissima,
539 3591 566 3640 id
584 3599 624 3641 est
637 3591 686 3640 de-

154 3679 266 3730 sertum,
281 3683 398 3727 eremus,
413 3676 482 3716 terra
496 3664 570 3715 invia
593 3674 619 3714 et
641 3663 687 3713 in-

153 3759 264 3811 aquosa,
288 3745 317 3795 in
331 3758 384 3810 qua
402 3739 518 3791 detinuit
532 3754 579 3790 eos
591 3737 688 3788 Domi-

155 3834 210 3869 nus
231 3816 405 3885 quadraginta
425 3813 511 3873 annis,
531 3827 631 3863 manna
654 3811 687 3862 ad

155 3891 372 3945 manducandum
384 3887 423 3938 eis
436 3885 540 3952 pluens,
554 3894 687 3951 etaquam

726 390 758 440 de
768 407 835 457 rupe
851 393 1018 458 producens;
1038 409 1120 461 quam
1134 394 1263 446 Arabiam

727 478 800 513 mare
820 473 957 514 mortuum
977 465 1074 516 dividit
1090 466 1217 517 aJudaea.
1238 468 1264 516 Α

727 535 840 586 merrdie
863 553 925 587 vcro
945 538 1046 602 adiacet
1069 541 1214 605 AEgyptus,
1236 549 1264 588 et

727 607 765 657 sic
785 605 849 658 tiliis
868 608 948 659 Israel
968 609 1002 659 de
1016 611 1133 676 AEgypto
1154 611 1187 660 ad
1211 611 1263 660 Ju-

728 677 814 728 daeam
829 680 1013 740 redeuntibus,
1025 695 1138 746 magnus
1147 686 1204 730 erat
1214 679 1264 730 cir·

728 749 825 813 cuitus,
848 750 911 816 quia
926 766 973 816 per
992 751 1120 801 Arabiam
1144 751 1264 802 circum-

729 821 806 872 duxit
823 838 869 873 eos
888 823 1034 873 Dominus.
1059 824 1103 875 Ab
1118 823 1264 875 Occidente

729 908 838 959 quoque
860 894 960 958 adjacet
977 909 1050 944 mare
1072 909 1218 960 magnum;
1237 905 1265 945 et

729 963 958 1029 aSeptemtrione
972 964 1049 1031 Syria
1071 975 1097 1015 et
1118 980 1192 1015 mare
1207 965 1265 1031 Cy-

730 1034 829 1100 prium.
860 1036 889 1085 ln
917 1034 969 1085 hoc
991 1051 1054 1102 ergo
1078 1036 1151 1102 quod
1178 1035 1264 1085 dicit:

729 1104 801 1155 Ecce
841 1104 1010 1155 ascendimus
1049 1105 1264 1173 lerosolymam,

729 1185 838 1241 apparet
871 1176 996 1226 voluntas
1033 1175 1171 1241 patiendi,
1200 1175 1266 1242 quia

730 1257 826 1312 sponte
851 1261 900 1296 sua
934 1245 1008 1296 venit
1030 1246 1063 1296 ad
1096 1245 1265 1296 Passionem.

730 1317 782 1368 Ubi
798 1317 1032 1384 chrysostomus:
1048 1317 1111 1366 «Ac
1131 1315 1154 1366 si
1172 1316 1264 1366 dicat:

729 1391 826 1442 Videte
860 1391 925 1456 quia
957 1390 1110 1440 voluntarie
1137 1390 1206 1441 vado
1235 1392 1267 1440 ad

731 1472 855 1523 mortem,
870 1477 950 1512 nemo
964 1477 1007 1512 me
1018 1470 1094 1511 vocat
1108 1460 1141 1511 ad
1156 1461 1266 1512 ieroso-

730 1535 842 1600 lymam‚
883 1547 962 1583 nemo
998 1532 1135 1596 admonet,
1164 1531 1268 1582 nullius

731 1604 868 1671 potestatis
896 1615 1058 1670 praeceptum
1090 1603 1183 1662 timeo,
1212 1604 1269 1654 nul·

731 1676 785 1726 lius
797 1675 930 1726 violentiae
946 1675 1103 1726 necessitate
1112 1675 1269 1741 compellor.

732 1747 802 1798 Cum
827 1761 891 1812 ergo
915 1746 1034 1796 videritis
1056 1761 1100 1795 me
1124 1745 1154 1795 in
1190 1760 1269 1796 cruce

733 1816 904 1882 pendentem,
920 1831 953 1866 ne
964 1815 1102 1867 aestimetis
1117 1831 1162 1866 me
1174 1815 1268 1866 homi-

734 1902 797 1937 nem
812 1903 870 1938 esse
885 1897 1006 1949 tantum3
1022 1902 1086 1937 nam
1108 1887 1172 1937 etsi
1188 1901 1268 1952 posse

735 1958 804 2008 mori
814 1957 936 2008 hominis
949 1968 999 2018 est,
1010 1958 1079 2009 velle
1091 1967 1184 2009 tamen
1199 1956 1268 2008 mori

734 2031 856 2082 hominis
877 2047 932 2081 non
949 2041 989 2081 est
999 2048 1005 2081 :
1017 2051 1031 2079 u
1046 2031 1102 2081 haec
1125 2030 1268 2090 Chrrsos·

735 2109 828 2152 tomus.
844 2100 894 2152 Hic
913 2101 1048 2152 Dominus
1064 2100 1182 2151 ostendit
1196 2100 1269 2167 quod

735 2174 763 2223 in
780 2173 895 2239 praelatis
909 2174 988 2225 debet
1008 2188 1066 2224 esse
1082 2172 1160 2239 vigor
1175 2174 1209 2223 ad
1225 2183 1269 2223 to-

734 2245 875 2295 lerandum
885 2245 1054 2311 martyrium,
1069 2243 1092 2295 si
1106 2259 1215 2295 necesse
1227 2244 1270 2303 sit,

735 2332 784 2382 pro
809 2332 888 2383 grege
911 2317 964 2367 sibi
986 2316 1150 2381 commisso;
1170 2327 1197 2367 et
1220 2315 1270 2365 hoc

735 2390 813 2440 docet
826 2405 873 2456 per
883 2389 1036 2455 exemplum
1050 2388 1103 2450 sui,
1116 2387 1164 2454 qui
1175 2389 1270 2438 volun·

736 2460 803 2511 tarie
816 2460 891 2511 venit
910 2460 939 2510 in
952 2459 1111 2518 Jerusalem,
1132 2458 1165 2509 ad
1182 2457 1269 2508 susci-

736 2530 866 2596 piendum
879 2539 993 2580 mortem
1004 2544 1053 2595 pro
1067 2528 1153 2578 salute
1163 2526 1270 2578 mundi.

768 2600 782 2652 3
800 2601 1060 2652 Pnarrslunraonuu
1072 2613 1106 2647 rr
1118 2597 1273 2648 Ganruruu

737 2689 763 2722 rn
780 2674 908 2724 szsronr
920 2671 1042 2722 Cnarsrr.
1062 2697 1093 2707 -
1109 2669 1143 2719 Et
1157 2668 1272 2733 subjun-

737 2743 776 2810 git
800 2760 808 2795 :
832 2743 871 2794 Et
894 2741 1149 2817 consummabuntur·
1171 2738 1270 2799 omnia,

737 2830 796 2881 quae
813 2815 846 2865 de
862 2814 939 2865 Filio
960 2812 1084 2883 dominis,
1110 2810 1137 2861 id
1154 2819 1195 2861 est
1207 2808 1272 2861 Vir-
1287 2832 1290 2837 ·

735 2886 817 2954 ginis,
832 2900 883 2951 per
909 2884 1060 2952 Prophetas
1073 2888 1137 2934 sunt
1159 2880 1271 2947 scripta,

737 2968 763 3009 et
786 2956 855 3007 bene
880 2955 975 3006 dicit:
1000 2955 1106 3016 omnia;
1129 2967 1195 3003 nam
1221 2951 1272 3002 trin

737 3027 917 3095 predixerant
939 3026 973 3075 de
993 3024 1114 3083 Christo,
1136 3022 1272 3085 sc'dicet:

738 3099 804 3166 quid
819 3107 888 3148 esset
904 3105 1021 3154 acturus,
1044 3093 1110 3160 quid
1135 3094 1272 3158 passurus,

738 3171 804 3238 quid
827 3186 875 3237 pro
890 3179 1005 3234 utroque
1018 3176 1185 3233 recepturus.
1197 3164 1271 3216 Con-

738 3257 804 3310 grue
832 3250 923 3292 autem
957 3254 986 3290 se
1023 3237 1124 3289 Filium
1155 3235 1275 3288 hominis

740 3313 872 3373 nominat,
894 3311 941 3362 ubi
962 3326 991 3361 se
1006 3325 1153 3377 passurum
1177 3306 1273 3376 praedi-

739 3394 789 3444 cat,
804 3393 834 3435 ut
850 3381 1018 3447 intelligatur
1037 3381 1111 3447 quod
1125 3380 1273 3431 secundum

740 3455 889 3505 humanam
904 3462 1036 3515 naturam,
1051 3466 1107 3502 non
1124 3449 1273 3503 secundum

740 3525 869 3584 divinam,
882 3538 1011 3590 passurus
1025 3533 1091 3574 erat.
1110 3522 1218 3574 Deinde
1228 3536 1274 3571 ex·

741 3594 821 3662 plicat
854 3609 915 3661 quae
950 3604 1062 3645 ventura
1097 3607 1182 3659 super
1215 3604 1273 3642 eum
1307 3600 1312 3617 ³

740 3678 824 3727 erant,
840 3677 865 3718 et
885 3666 1005 3718 seriatim
1020 3664 1145 3717 ordinem
1169 3662 1273 3717 Passio·
1310 3702 1312 3715 .

742 3737 785 3789 nis
804 3747 933 3789 enarrat:
950 3737 1088 3813 Tradetur·
1101 3734 1181 3799 enim,
1201 3731 1272 3785 scili·

742 3820 782 3861 cet
801 3826 816 3861 a
834 3810 910 3870 luda,
916 3809 1086 3876 principibus
1097 3807 1273 3865 sacerdotum
1309 3852 1312 3875 Ι

742 3888 768 3933 et
782 3881 887 3934 Scribis
901 3887 927 3933 et
938 3880 1090 3934 senioribus
1098 3895 1109 3945 ,·
1123 3877 1273 3933 etcondem·
1309 3918 1312 3933 .

1305 4080 1312 4231 l
