2632 4320
295 288 343 339 ou
354 287 561 340 susurrone
576 268 698 340 Peuuu
714 287 993 343 mscrruronuu.

71 413 112 456 est
142 402 216 469 quod
244 402 329 453 homo
362 417 391 453 se
419 402 609 464 commendet,

71 473 181 540 quando
201 472 302 523 scilicet
322 472 394 523 cedit
409 473 441 523 ad
465 471 628 523 utilitatem·

70 541 206 607 fidelium,¹
218 554 245 596 et
259 545 297 596 sic
311 545 456 610 Apostolus
469 560 611 596 commen·

70 615 145 668 davit
163 631 200 667 se.
218 617 268 666 Sed
289 616 366 667 valde
385 626 426 668 est
446 616 525 666 nobis
542 617 609 668 utile

70 697 98 739 et
129 687 310 738 necessarium
351 698 381 738 ut
415 703 608 755 cognoscamus

71 761 171 821 Deum,
203 760 274 811 unde
297 761 405 827 expedit
429 761 508 812 nobis
533 763 607 829 quod

71 831 291 898 magnitudinem
306 848 383 883 suam
404 833 484 884 nobis
498 835 605 896 revelet,

69 912 97 955 et
115 903 176 953 ideo
190 913 296 967 oportet
319 905 392 969 quod
412 904 469 969 ipse
483 919 512 955 se
526 905 606 956 nobis

69 972 170 1024 laudet.
182 973 243 1022 Non
258 983 299 1023 est
313 973 397 1039 igitur
410 974 509 1025 veritas
523 990 607 1041 quan-

68 1045 161 1112 doque
179 1046 290 1096 tacenda
310 1061 359 1112 pro
373 1045 482 1097 vitanda
504 1047 607 1112 jactan-

68 1119 115 1170 tis.
128 1137 143 1166 n
158 1118 236 1169 Unde
251 1129 277 1169 et
287 1119 440 1186 Gregorius
456 1137 491 1170 :n
504 1120 605 1172 lncauti

67 1199 134 1242 sunt
148 1190 277 1251 humiles,
290 1190 338 1256 qui
354 1206 382 1242 se
394 1191 536 1242 mendacio
550 1191 606 1243 illa·

66 1270 175 1328 queant,
199 1262 266 1312 dum
292 1261 474 1328 arrogantiam
497 1263 603 1330 vitant3

67 1334 132 1400 quia
155 1343 248 1384 contra
271 1335 410 1385 veritatem
435 1350 464 1385 se
489 1335 603 1401 erigunt,

66 1419 151 1472 quam
167 1405 333 1472 relinquunt.
345 1406 398 1465 Qui
411 1405 493 1465 enlm,
510 1420 604 1458 neces·

67 1479 147 1530 sitate
168 1489 288 1546 cogente,
312 1494 374 1530 vere
386 1480 420 1529 de
434 1494 462 1530 se
477 1479 547 1530 bona
561 1481 605 1531 lo-

66 1552 170 1618 quitur,
185 1562 259 1603 tanto
275 1553 362 1619 magis
376 1552 524 1604 humilitati
538 1555 604 1619 jun-

65 1623 146 1689 gitur,
176 1633 276 1690 quanto
306 1623 411 1673 veritati
442 1623 567 1675 sociatur.
588 1644 603 1673 n

65 1695 145 1747 Tunc
172 1695 261 1761 arguit
288 1711 303 1746 a
329 1695 430 1746 minori
450 1696 509 1747 :Si
534 1711 603 1764 ergo

65 1782 117 1836 ego
135 1768 191 1818 lavi
201 1767 285 1833 pedes
309 1773 415 1818 vestros
430 1769 564 1820 Dominus
577 1775 604 1820 et

63 1840 215 1908 Magister,
239 1840 272 1890 de
297 1856 352 1906 quo
374 1841 465 1892 minus
486 1841 602 1904 videtur,

63 1923 92 1967 et
109 1914 185 1982 quod
209 1913 300 1964 minus
325 1923 381 1964 erat
405 1914 548 1979 debiturn,
576 1921 603 1966 et

63 2000 112 2038 ros
135 1986 245 2037 sibimet
259 1985 385 2051 discipuli
403 1987 489 2038 multo
504 1986 601 2038 fortius

63 2057 168 2108 dehetis
182 2055 233 2106 hoc
248 2057 372 2123 exemplo
386 2058 522 2122 provocati
531 2058 602 2109 aiter

62 2126 178 2178 alterius
201 2126 294 2177 lauare
307 2126 399 2192 pedes,
424 2128 500 2177 etad
521 2143 602 2178 omne

63 2198 227 2266 obsequium
242 2198 382 2250 humiliari
398 2216 404 2250 ε
420 2200 484 2267 quia
501 2200 601 2268 Magi-

63 2278 120 2324 ster
144 2286 216 2332 sum,
241 2287 328 2322 meam
356 2272 507 2324 doctrinam
533 2273 601 2323 reci-

63 2343 143 2409 pite3
178 2352 203 2393 et
231 2342 295 2408 quia
324 2344 473 2406 Dominus,
492 2359 601 2395 meum

63 2416 222 2466 mandatum
237 2417 378 2467 custodite.
394 2417 444 2467 Hic
455 2431 502 2482 per
514 2433 602 2468 unum

63 2485 228 2551 obsequium
268 2486 436 2552 accipiuntur
466 2488 601 2553 synecdo-

61 2554 137 2607 chice
155 2555 246 2606 omnia
260 2556 312 2607 alia
331 2556 460 2624 obsequia
474 2557 599 2609 fraterna.

62 2624 146 2685 Quasi
171 2624 268 2676 diceret
282 2643 289 2676 :
304 2626 415 2677 Debetis
439 2627 515 2677 vobis
536 2643 601 2677 mu-

61 2707 108 2749 tua
122 2697 254 2764 obsequia
266 2698 429 2749 humilitatis
443 2710 468 2751 et
482 2699 601 2751 caritatis

60 2768 199 2830 exhibere,
232 2768 334 2820 scilicet
363 2769 480 2821 invicem
515 2769 601 2820 mini-

61 2850 156 2900 strare,
181 2840 297 2891 invicem
321 2841 433 2908 injurias
454 2842 600 2904 dimittere,

62 2926 111 2977 pro
126 2910 243 2962 invicem
262 2928 345 2964 orare.
366 2913 444 2964 Unde
459 2913 601 2982 Chrysor-

61 2987 149 3032 tomus
172 2997 181 3032 .·
206 3000 220 3028 u
242 2982 304 3032 Non
330 2982 358 3032 ln
386 2982 498 3034 lavando
519 2984 600 3050 pedes

61 3050 133 3103 hanc
158 3052 246 3118 legem
272 3051 366 3103 scribit
389 3053 489 3115 solum,
513 3054 559 3105 sed
574 3062 601 3104 et

61 3120 91 3172 in
117 3121 180 3172 aliis
202 3122 339 3183 omnibus,
368 3137 429 3188 quae
458 3123 528 3174 circa
549 3139 600 3175 nos

61 3192 231 3245 monstravit.
247 3212 260 3241 n
275 3193 440 3258 Exemplum
454 3193 523 3245 enim
538 3193 601 3245 dedi

59 3264 145 3329 vohis,
176 3271 205 3316 ut
228 3266 448 3332 quemadmodum
473 3282 524 3333 ego
540 3267 601 3333 feci

60 3333 152 3398 robis,
179 3334 350 3387 humiliando
369 3352 412 3387 me
433 3336 484 3388 sub
502 3336 597 3402 vobis;

60 3404 100 3484 ita
122 3410 150 3456 et
163 3419 212 3456 vos
226 3405 369 3456 inferiores
384 3406 504 3472 faciatis
519 3407 598 3459 vobis

59 3474 189 3537 invicem,
206 3483 233 3525 et
246 3475 364 3528 maxime
378 3476 407 3527 in
427 3492 490 3528 casu
504 3493 599 3529 neces-

59 3546 158 3600 sitatis.
181 3548 265 3609 Quasi
286 3549 408 3601 diceret:
424 3549 486 3601 Non
509 3552 598 3602 solum

59 3618 113 3670 hoc
138 3618 188 3671 feci
216 3631 325 3687 propter
349 3623 449 3688 pedum
473 3638 599 3690 corpora·

58 3689 130 3741 lium
148 3691 384 3754 emundationem,
412 3692 462 3743 sed·
488 3703 599 3760 propter

60 3760 227 3815 humilitatis
247 3763 438 3826 eruditionem,
458 3765 530 3816 etad
546 3764 597 3816 hoe

59 3833 110 3887 ieci
135 3843 166 3888 ut
188 3836 360 3887 ostenderem
375 3852 424 3888 vos
442 3837 475 3888 ad
496 3837 548 3888 hoc
562 3846 598 3888 te·

60 3905 130 3959 neri.
166 3907 321 3962 Secundum
352 3908 595 3978 chrysostomum,

1149 294 1201 363 397

666 402 818 456 Christiana
849 404 943 472 religio
975 406 1064 472 potius
1091 409 1203 460 attendit

666 475 779 525 modum
800 493 881 543 quam
897 494 974 545 opus,
990 478 1054 545 quia
1067 479 1201 533 Dominus

667 562 721 597 non
735 549 848 599 attendit
857 561 999 617 quantum,
1012 551 1058 602 sed
1070 566 1102 600 ex
1117 567 1202 618 quan-

666 631 703 682 to,
724 619 751 670 id
770 630 812 677 est
831 622 921 688 potius
944 623 996 674 hoe
1019 639 1101 691 quarn
1124 625 1200 677 illud.

667 692 700 742 Et
716 691 784 743 bene
799 693 889 744 docuit
909 693 1093 745 humilitatem
1107 711 1201 747 exem-

666 763 726 828 plo;
749 778 811 814 nem
834 764 862 814 in
882 765 1031 816 moralibus
1045 777 1071 817 et
1085 767 1114 817 in
1131 768 1201 818 acti·

667 832 719 884 bus
734 833 888 895 hominum,
902 836 964 900 plus
978 847 1089 887 movent
1106 852 1201 888 exem-

667 905 710 971 pla
723 922 805 973 quam
817 907 907 959 verba.
916 908 984 958 lllud
1000 909 1075 959 enim
1086 909 1138 960 hoc
1148 910 1203 977 agit

666 990 692 1030 et
705 981 795 1048 elegit,
810 982 883 1049 quod
900 982 951 1033 sibi
967 983 1074 1033 videtur
1088 986 1201 1047 bonum,

665 1053 737 1103 unde
752 1054 837 1120 magis
851 1053 967 1105 ostendit
981 1055 1044 1121 quis
1060 1056 1128 1107 illud
1145 1072 1203 1108 esse

665 1123 777 1185 bonurn,
791 1126 864 1190 quod
883 1125 996 1191 ipsemet
1017 1125 1100 1192 eligit,
1119 1142 1202 1192 quam

665 1195 737 1262 quod
752 1196 838 1248 docet.
855 1197 888 1248 Et
904 1197 967 1248 inde
981 1207 1021 1248 est
1033 1198 1106 1264 quod
1118 1214 1202 1264 quan·

665 1266 699 1316 do
722 1267 784 1333 quis
800 1269 876 1319 docet
897 1267 1009 1334 aliquid,
1024 1279 1050 1319 et
1065 1269 1138 1319 aliud
1157 1268 1201 1320 fa-

664 1337 709 1399 cit,
733 1339 820 1404 magis
839 1340 934 1390 suadet
952 1338 1012 1389 aliis
1035 1340 1108 1400 quod
1129 1338 1212 1403 facit,·

664 1422 746 1473 quern
762 1408 788 1459 id
803 1410 876 1475 quod
891 1410 981 1472 docet;
999 1419 1026 1460 et
1040 1408 1100 1458 ideo
1116 1408 1201 1459 maxi-

664 1497 709 1532 me
728 1482 909 1533 necessarium
931 1492 972 1534 est
995 1497 1027 1532 ex
1051 1481 1110 1547 ipso
1131 1480 1199 1532 facto

664 1552 726 1602 dare
737 1553 900 1618 exemplum.
911 1553 975 1603 Non
989 1559 1030 1602 est
1042 1566 1136 1602 servus
1145 1566 1201 1602 ma-

656 1622 707 1688 jor
726 1622 843 1674 Domino
859 1637 919 1684 suo,
943 1637 1026 1688 neque
1043 1621 1199 1689 Apostolus,

664 1693 691 1743 id
713 1703 754 1744 est
777 1694 879 1745 missus
902 1709 950 1744 seu
969 1693 1090 1754 nuntius,
1114 1693 1201 1760 major

663 1764 754 1829 eo'qui
768 1764 841 1815 misit
854 1764 939 1826 illum,
955 1773 981 1813 et
994 1763 1055 1814 ideo
1067 1763 1137 1814 sicut
1150 1779 1200 1829 ego

662 1833 810 1895 Dominus,
836 1845 862 1884 et
887 1833 1014 1900 Magister
1037 1842 1063 1884 et
1088 1833 1200 1884 mittens

663 1920 707 1955 me
727 1904 844 1955 humilio
861 1904 953 1968 vobis;
979 1904 1016 1955 ita
1032 1914 1059 1954 et
1071 1919 1119 1955 vos
1142 1904 1198 1954 hu-

663 1975 767 2027 miliare
780 1975 892 2037 debetis,
907 1985 932 2026 et
946 1974 1032 2026 facere
1046 1975 1198 2041 aequalibus

661 2047 766 2108 vestris,
783 2047 856 2113 quod
879 2061 923 2096 me
941 2046 1019 2097 vobis
1043 2045 1198 2097 minoribus

661 2116 748 2168 facere
774 2117 890 2169 vidistis.
914 2116 998 2177 Quasi
1020 2115 1129 2175 diceret,
1155 2131 1200 2167 se-

661 2187 782 2239 eundum
803 2188 1049 2256 chrysostomum:
1066 2186 1093 2236 Si
1115 2202 1131 2237 a
1154 2202 1198 2237 me

661 2258 719 2309 haec
729 2258 796 2310 faeta
810 2268 882 2319 sunt,
894 2259 981 2308 multo
993 2257 1081 2323 magis
1095 2255 1198 2307 avobis

661 2339 766 2396 oportet
791 2329 849 2381 haec
869 2328 944 2393 fieri3
967 2328 1101 2380 debitores
1123 2327 1198 2379 enirn

662 2419 712 2454 nos
729 2403 870 2454 constituit
883 2403 956 2453 Deus
982 2401 1040 2468 ipse
1054 2400 1197 2468 incipiens.

662 2476 716 2537 Qui
742 2477 816 2527 sedet
841 2490 922 2542 super
949 2473 1089 2525 Cherubim
1115 2475 1196 2539 pedes

660 2547 724 2598 lavit
753 2546 919 2613 proditoris;
946 2555 976 2595 tu
1004 2560 1066 2594 vero
1096 2544 1195 2606 home,

660 2630 730 2670 terra
749 2628 775 2670 et
794 2617 862 2669 cinis
875 2617 1004 2679 existens,
1019 2624 1045 2666 et
1062 2615 1151 2681 pulvis
1165 2626 1193 2668 et

660 2689 759 2751 lutum,
785 2688 892 2739 extollis
913 2687 1042 2753 teipsum,
1056 2694 1084 2735 et
1099 2700 1197 2751 magna

660 2759 748 2826 sapis!
776 2760 841 2810 Ecce
867 2768 1000 2825 quantum
1026 2756 1148 2822 exemplo
1170 2767 1197 2808 et

659 2830 742 2880 verbo
757 2845 802 2880 eos
817 2829 849 2880 ad
864 2825 1196 2896 humilitatemsinvitavit

660 2913 687 2954 et
701 2903 830 2954 doctrinae
851 2917 906 2953 suae
926 2902 960 2951 de
978 2898 1132 2951 humilitate
1154 2898 1197 2950 fe-

660 2985 733 3027 ctum
748 2985 774 3026 et
787 2975 942 3041 exemplum
956 2971 1120 3024 humilitatis
1133 2987 1197 3038 prae-

661 3046 745 3111 misit,
761 3046 827 3097 etin
842 3047 894 3098 hoc
907 3043 1114 3096 convenientem
1135 3060 1197 3094 mo-

660 3119 726 3169 dum
751 3116 865 3168 docendi
891 3115 1020 3177 ostendit,
1045 3115 1194 3166 secundum

660 3188 750 3239 illud:
768 3187 855 3255 Coepit
877 3187 960 3238 Jesus
977 3186 1075 3252 facere
1094 3190 1121 3235 et
1145 3184 1195 3235 rio-

659 3273 727 3324 cere,
745 3257 791 3309 hie
804 3258 885 3310 etiam
896 3257 1002 3324 aperuit
1014 3256 1043 3306 in
1058 3254 1109 3304 hoc
1122 3253 1195 3319 quod

659 3333 738 3384 Petro
765 3332 857 3384 dixit:
874 3331 951 3384 Scies
976 3334 1064 3379 autem
1086 3333 1193 3393 postea.

660 3406 737 3459 Unde
747 3405 919 3472 Augustinus
933 3420 941 3454 .·
957 3420 971 3448 n
985 3400 1043 3450 Hoc
1053 3407 1104 3458 est,
1119 3398 1195 3450 beate

659 3479 746 3545 Petre,
771 3479 845 3549 quod
870 3473 1026 3536 nesciebas,
1054 3487 1116 3523 cum
1145 3470 1194 3522 tibi

658 3551 745 3602 lavare
765 3550 847 3616 pedes
861 3562 915 3598 non
936 3543 1051 3603 sinebas,
1078 3541 1129 3592 hoc
1144 3540 1194 3591 tibi

658 3633 752 3690 postea
774 3619 913 3671 sciendum
935 3614 1069 3682 promisit,
1084 3612 1193 3678 quando

657 3703 689 3744 ut
707 3693 811 3744 sineres
827 3686 923 3739 terruit
937 3695 963 3737 te
980 3684 1107 3751 Magister
1120 3692 1193 3743 tuus,

658 3775 685 3816 et
698 3762 833 3815 Dominus
849 3768 912 3810 tuus
925 3758 1015 3809 lavans
1027 3754 1109 3821 pedes
1122 3763 1194 3805 tuos.

657 3834 818 3894 Didicimus,
839 3830 942 3890 fratres,
957 3826 1139 3878 humilitatem
1160 3825 1194 3878 ab

657 3905 786 3969 Excelso;
809 3901 941 3956 faciamus
958 3898 1075 3952 invicem
1097 3898 1193 3951 hurni-
