2632 4320
131 239 179 290 or
192 237 477 290 rxrroarnrrone
490 235 537 287 ao
554 235 773 295 ssQusuoon
791 241 981 303 euarsrun,
1001 242 1078 295 erc.
1142 260 1174 312 η
1257 226 1260 231 ’

63 355 128 407 euim
142 355 284 406 erubescet
301 352 429 413 infideles,
452 351 586 419 ignorabit

63 425 142 476 fatuas
162 425 293 492 virgines,
321 423 473 490 objurgabit
501 421 590 472 immi-

62 496 213 547 sericordes.
240 495 314 547 Unde
337 506 408 560 patet
434 495 505 560 quod
533 508 589 543 non

9 586 11 601 ·
62 568 144 618 solum
173 566 300 633 judicabit
331 567 417 617 Filius
442 566 470 616 in
504 565 590 615 forma

9 656 11 687 :
62 638 179 702 deitatis3
201 639 247 690 sed
268 640 349 690 etiam
362 639 439 689 Pater
453 649 479 688 et
492 637 588 699 Filius,

62 719 85 760 et
104 709 222 774 Spiritus
245 710 373 769 Sanctus,
403 724 520 776 quorum
550 718 590 758 est

9 778 11 787 '
62 797 110 831 una
123 781 262 847 majestas;
280 782 308 832 in
323 780 410 831 forma
424 792 512 831 tamen
529 780 590 830 visi-

64 850 105 902 bili
124 851 200 902 solus
226 853 313 902 Filius
330 852 476 918 apparebit,
503 861 533 901 ut
557 866 589 900 ex

10 974 15 985 ,
63 923 107 975 hoc
128 924 205 974 solus
228 924 315 976 Filius
334 925 455 975 hominis
471 925 589 990 judicare

62 995 167 1048 dicatur.
202 997 321 1048 Indivise
351 997 439 1065 itaque
471 998 589 1063 judicant

64 1068 130 1118 Pater
152 1078 178 1119 et
195 1068 283 1119 Filius
299 1083 414 1119 necnon
431 1077 457 1118 et
471 1067 588 1134 Spiritus

9 1132 12 1149 '
62 1139 177 1190 Sanctus.
195 1141 297 1190 Verum
322 1139 386 1206 quia
409 1139 528 1205 potentia
544 1154 588 1188 sa-

63 1211 164 1276 pientiae
178 1212 249 1262 cedit
265 1212 294 1262 in
309 1212 470 1262 discretione
485 1208 587 1275 judicii,

10 1322 13 1339 ,
62 1284 100 1334 ubi
111 1283 227 1350 equitas
241 1280 326 1348 magis
349 1291 388 1332 est
402 1279 588 1340 examinanda,

10 1396 13 1417 ,
61 1365 82 1404 et
94 1354 320 1405 considerandum
341 1353 407 1421 quid
424 1352 520 1419 cuique
538 1351 601 1407 de-⁸

10 1446 12 1451 ·
62 1425 148 1476 beatur
163 1440 213 1490 pro
227 1422 343 1483 meritis,
360 1422 484 1489 quamvis
496 1431 522 1471 et
535 1436 588 1486 po-

61 1497 135 1547 tentia
161 1495 198 1546 sit
224 1495 379 1553 exercenda,
404 1509 451 1544 nec
482 1493 588 1542 bonitas

60 1566 251 1628 subtrahenda;
280 1566 340 1616 ideo
362 1564 510 1631 specialiter
528 1564 587 1614 dis-

60 1639 152 1689 crimen
176 1636 271 1704 judicii
295 1635 451 1687 attribuitur
479 1636 587 1702 sapien-

61 1709 106 1768 tiae,
123 1709 188 1775 quia
209 1707 341 1772 judicium
363 1718 404 1758 est
419 1722 466 1773 per
479 1706 587 1773 sapien-

61 1779 120 1830 tiam
134 1780 265 1838 divinam,
281 1779 410 1844 sapientia
428 1789 516 1829 autem
531 1788 587 1829 tota

64 1851 274 1901 communicatur
290 1850 369 1910 Filio,
386 1860 412 1900 et
432 1849 491 1899 ideo
506 1849 586 1899 etiarn

65 1920 130 1971 solus
146 1921 232 1971 Filius
248 1919 346 1970 dicitur
359 1919 483 1985 judicare.
501 1921 586 1969 Tem-

64 2007 119 2058 pore
141 2010 206 2060 ergo
230 1993 423 2060 persecutionis
442 2009 496 2043 non
523 2009 586 2043 eru-

63 2064 143 2118 bescat
157 2065 331 2118 Christianus
344 2065 429 2116 fidelis
445 2081 492 2132 pro
506 2065 587 2115 Chri-

10 2144 12 2151 '
62 2148 95 2187 sto
109 2137 203 2204 afiligi,
226 2149 252 2187 et
274 2137 296 2187 si
313 2153 381 2202 opus
400 2136 480 2188 fuerit
501 2147 587 2187 morte

62 2207 131 2266 affici,
146 2223 176 2258 ac
193 2208 354 2258 substantiis
368 2209 473 2279 nudari,
489 2220 514 2260 et
533 2210 586 2260 ho-

63 2279 166 2330 noribus
181 2279 271 2344 dejici.
287 2280 420 2345 Tempore
433 2297 496 2332 vero
514 2282 586 2347 pacis

63 2363 114 2399 cum
130 2349 197 2400 vitia
214 2349 331 2399 maxime
352 2350 509 2416 subrepunt,
527 2368 586 2402 car-

64 2435 115 2471 nem
138 2419 254 2471 refrenet
279 2436 312 2470 ne
334 2421 467 2482 lasciviat,
490 2433 516 2473 et
537 2440 586 2489 pro

64 2488 162 2541 Christo
184 2507 241 2540 non
270 2501 392 2540 vereatur
414 2507 428 2541 a
455 2493 587 2557 proximis

63 2558 164 2627 despici,
188 2561 301 2625 injurias
318 2562 463 2613 verborum
484 2564 538 2629 pati
561 2576 587 2615 et

63 2630 127 2691 prior
141 2632 268 2698 proximo
285 2630 451 2696 satisfacere,
465 2644 497 2685 ut
509 2650 586 2685 vera-

61 2700 118 2752 citer
140 2702 273 2768 probetur
301 2703 377 2769 sequi
405 2697 584 2754 humilitatem

60 2771 145 2837 capitis
160 2773 215 2833 sui,
233 2786 259 2823 et
276 2772 365 2839 ipsum
383 2773 513 2826 confitens
528 2792 586 2826 me-

59 2851 139 2892 reatur
152 2842 188 2892 ab
203 2858 236 2891 eo
249 2843 411 2908 recognosci.

84 2927 100 2978 9
122 2913 258 2962 Crrmsres
281 2928 431 2965 urscrrunos
454 2931 586 2967 consora-

59 2994 105 3032 rua
123 2997 189 3032 rrsrs
207 2997 377 3034 remorer-:uno
394 2999 461 3042 oum
481 3001 586 3036 rarsi-1-

58 3066 99 3104 rus
122 3070 197 3104 saera
218 3070 377 3107 succensur.
394 3085 423 3094 —
448 3057 480 3107 Et
504 3074 537 3108 ne
553 3059 585 3109 ad

55 3123 242 3192 abnegandum
260 3141 298 3186 se,
318 3138 343 3178 et
360 3129 508 3180 tollendum
521 3145 585 3180 cru·

55 3210 108 3246 cem
131 3197 271 3247 auditores
290 3208 446 3260 terrcantur,
462 3201 522 3251 ideo
536 3202 586 3251 tri-

54 3268 138 3319 stibus
156 3269 218 3320 laeta
237 3269 385 3336 subjungit,
400 3273 493 3324 dicens
511 3291 518 3325 ε
536 3275 586 3325 Fi-

53 3337 104 3389 lius
115 3339 187 3390 enim
208 3339 330 3404 hominis,
354 3341 380 3391 id
404 3354 443 3393 est
457 3345 585 3411 Virginis,

53 3409 97 3472 qui
113 3409 150 3460 ita
162 3419 278 3460 sevocat
291 3422 399 3477 propter
413 3414 455 3464 sui
470 3415 586 3468 humili-

53 3491 141 3542 tatem,
153 3491 263 3549 propter
273 3483 361 3535 carnis
370 3486 517 3549 veritatem,
526 3505 587 3555 pro·

53 3560 110 3616 pter
119 3552 214 3602 Matris
225 3553 377 3617 puritatem,
386 3554 442 3607 sive
453 3557 587 3625 integrita-

54 3630 123 3682 tem,
148 3629 277 3674 venturus
295 3632 337 3675 est
355 3628 387 3676 ad
413 3628 586 3692 judicandum

53 3693 145 3766 orbem
156 3693 183 3744 in
196 3693 289 3760 gloria
305 3697 401 3748 Patr-is
413 3699 457 3749 sui
465 3715 523 3751 cum
534 3705 588 3752 An-

51 3765 122 3828 gelis
136 3765 204 3828 suis,
217 3765 245 3814 in
258 3765 345 3818 forma
357 3770 473 3834 gloriosa
483 3773 586 3834 iudica·

53 3833 100 3888 bit.
108 3836 162 3896 Qui
173 3837 250 3902 prius
263 3839 337 3890 venit
352 3840 473 3903 humilis,
487 3856 587 3898 ventu·

120 3950 190 4002 Vrra
208 3951 272 4003 Jrsu
288 3953 408 4018 Caarsrr,
422 3974 509 4012 ronus
525 3961 567 4015 lll.

643 368 689 403 rus
703 365 743 404 est
755 371 802 422 per
822 357 1064 409 manifestationem
1084 359 1177 426 gloriae

642 435 668 474 et
681 425 801 492 virtutis;
812 434 838 478 et
850 435 911 479 tunc
923 428 1024 491 reddet,
1036 429 1095 480 sine
1104 441 1176 481 tem-

642 495 715 560 poris
725 496 865 560 dilatione,
877 499 1024 566 unicuique,
1040 499 1099 551 sine
1113 516 1177 566 per-

642 582 770 617 sonarum
785 570 947 636 acceptione,
970 570 1017 620 ubi
1038 587 1093 621 non
1113 587 1177 637 per-

641 652 724 699 sonae,
757 641 803 690 sed
840 656 920 706 opera
956 641 1175 708 considerantur;

640 709 713 760 unde
722 711 853 777 sequitur,
865 713 1007 763 secundum
1020 727 1102 780 opera
1115 728 1173 777 sua,

642 781 700 831 sine
729 781 928 844 diminutione,
962 783 1041 849 justis
1065 785 1175 852 quidem

641 853 792 918 praemium,
816 854 919 906 scilicet
943 855 1057 922 gloriam
1079 857 1176 910 animae

640 925 807 991 etcorporis;
824 925 884 976 aliis
899 934 987 976 autem
1000 926 1174 992 supplicium,

640 994 739 1045 scilicet
760 1011 867 1061 poenam
890 995 1041 1062 utriusque.
1066 997 1116 1047 Hic
1134 1008 1175 1049 est

640 1066 714 1115 locus
731 1067 850 1116 merendi
861 1075 886 1116 et
896 1066 1027 1117 liberandi
1040 1067 1174 1132 animam;

640 1135 678 1184 ibi
700 1135 825 1186 mittendi
846 1145 873 1186 et
893 1136 1049 1202 recipiendi,
1076 1152 1174 1188 seeun-

640 1208 704 1257 dum
720 1209 824 1260 merita.
843 1209 960 1260 Ambula
980 1209 1025 1258 hic
1048 1210 1114 1260 dum
1129 1211 1174 1260 lu-

640 1298 697 1332 cem
710 1281 802 1342 habes,
814 1297 848 1332 ne
868 1281 904 1332 ibi
921 1282 1037 1334 tenebrae
1055 1293 1081 1333 te
1096 1299 1173 1334 com-

640 1355 813 1420 prehendant.
830 1354 942 1421 Suscipe
953 1355 998 1406 hic
1008 1366 1133 1416 mortem,
1144 1367 1174 1407 ut

640 1427 1172 1493 ibisuspiciasvitamimmortalem.Noli

639 1499 743 1559 timere,
770 1499 835 1565 quia
855 1498 980 1551 tristibus
1002 1501 1060 1550 laeta
1079 1515 1174 1551 succe-

639 1570 717 1620 dunt.
732 1569 825 1620 Times
840 1580 965 1630 mortem,
983 1570 1045 1620 audi
1059 1569 1173 1637 gloriam

639 1639 847 1705 triumphantis;
868 1640 969 1690 vereris
986 1656 1101 1701 crucem,
1123 1658 1173 1692 au-

639 1714 724 1763 sculta
735 1713 902 1778 Angelorum
913 1713 1072 1765 ministeria.
1084 1717 1173 1765 Atten-

638 1784 704 1834 dect
714 1782 758 1832 hic
765 1783 878 1833 verbum
886 1784 1032 1845 Bernardi,
1039 1785 1086 1850 qui
1095 1784 1172 1835 dicit:

639 1854 713 1904 «Vis
730 1853 798 1904 scire
820 1869 881 1920 quae
898 1854 996 1905 debeas
1010 1855 1071 1904 Jesu
1090 1854 1173 1904 Chri-

638 1924 700 1975 sto?
723 1924 810 1975 Debes
834 1923 859 1974 ei
885 1923 967 1975 vitam
995 1933 1083 1986 tuam;
1108 1924 1173 1990 quia

638 1995 695 2061 ipse
718 1994 801 2045 vitam
823 2011 899 2045 suam
918 1994 1008 2062 posuit
1028 2011 1076 2060 pro
1091 2004 1144 2045 tua.
1157 2015 1170 2041 n

639 2067 680 2122 Er
693 2066 757 2130 quia
781 2067 861 2116 rudes
883 2075 958 2117 erant
977 2066 1115 2131 Apostoli,
1139 2081 1172 2115 ne

638 2153 700 2188 eum
721 2137 759 2187 sic
788 2146 930 2187 venturum
952 2136 1122 2198 dubitarent,
1146 2145 1171 2186 et

637 2209 739 2276 fatigati
748 2209 942 2273 exspectatione
951 2207 1102 2268 deficerent,
1111 2223 1172 2274 pro-

638 2281 754 2331 mittitur
775 2281 802 2330 in
825 2281 950 2345 praesenti
971 2279 1126 2337 consolatio,
1140 2289 1171 2329 ut

637 2351 717 2401 citius
735 2350 842 2401 credant
856 2351 888 2401 de
910 2350 1010 2401 futuro.
1027 2350 1104 2401 Unde
1117 2351 1171 2400 bo-

640 2440 690 2474 nus
703 2424 837 2490 Magister,
854 2438 888 2473 ne
903 2423 1029 2489 discipuli
1044 2424 1170 2489 despera-

638 2495 710 2546 tione
733 2494 899 2561 frangantur,
917 2504 963 2544 aut
986 2494 1074 2552 taedio,
1103 2493 1170 2544 sub-

638 2566 734 2630 jungit,
750 2581 796 2615 eos
815 2565 977 2615 consolando
992 2581 998 2613 z
1013 2564 1093 2615 Amen
1110 2563 1170 2613 dico

637 2636 721 2697 vobis,
745 2645 776 2685 ut
799 2634 883 2684 securi
899 2635 931 2684 de
954 2634 1005 2684 hoc
1019 2633 1088 2692 sitis,
1110 2640 1172 2684 sunt

637 2706 745 2771 quidam
763 2705 853 2755 dehic
868 2704 1001 2754 staretibus
1018 2704 1169 2769 discipulis,

637 2778 682 2843 qui
705 2792 755 2827 non
769 2776 917 2843 gustabunt
939 2780 1049 2826 mortem
1066 2785 1172 2840 tempo·

637 2852 729 2909 ralem,
752 2857 866 2916 quaeest
886 2847 997 2914 quidam
1023 2857 1117 2913 gustus
1134 2863 1171 2897 re-

637 2931 731 2984 spectu
750 2919 846 2969 mortis
872 2929 986 2977 aetrrnae,
1008 2918 1050 2967 vel
1076 2928 1170 2984 gustus

637 2991 745 3053 dicitur,
759 2999 890 3056 quantum
902 2988 935 3039 ad
948 2988 1042 3047 bonos,
1053 2988 1099 3053 qui
1116 3005 1170 3038 non

638 3071 794 3128 permanent
807 3061 834 3110 in
846 3071 945 3123 morte;
959 3061 1041 3111 donec
1055 3061 1169 3121 videant,

638 3132 723 3182 oculis
736 3130 929 3196 corporalibus,
941 3130 1042 3180 Filium
1058 3130 1171 3180 hominis

638 3204 780 3254 venientem
797 3204 823 3253 in
849 3216 1011 3269 regnasua,
1034 3201 1061 3251 id
1088 3211 1128 3251 est
1142 3200 1170 3248 in

637 3290 667 3325 ea
694 3274 812 3326 claritate
835 3272 930 3339 regni,
959 3287 1039 3338 quam
1061 3269 1170 3320 habebit

638 3347 744 3396 eumad
759 3345 931 3411 judicandum
944 3344 1041 3403 veniet,
1056 3351 1087 3392 ut
1104 3354 1172 3406 qua-

638 3419 671 3469 lis
699 3428 739 3469 est
756 3429 885 3470 venturus
915 3427 1022 3483 postea,
1048 3411 1172 3479 praesenti

638 3504 747 3555 quoque
773 3501 893 3557 tempore
923 3489 1120 3538 demonstretur
1147 3493 1173 3533 et

637 3570 761 3628 appareat
785 3578 792 3612 ε
813 3562 864 3612 hoc
886 3570 926 3612 cst
956 3560 1040 3609 donec
1065 3555 1174 3606 videant

637 3634 843 3686 similitudinem
858 3635 950 3702 gloriae
970 3645 1051 3697 quam
1063 3643 1173 3695 corpora

637 3707 791 3765 electorum,
813 3707 937 3773 quicum
954 3716 1025 3753 nunc
1040 3701 1172 3751 confiten-

638 3787 690 3842 tur,
714 3779 851 3829 habebunt
874 3778 902 3827 in
927 3773 1046 3825 Ecclesia
1072 3775 1173 3824 trium·

639 3849 748 3914 phante,
764 3860 792 3900 ut
812 3863 858 3916 per
872 3848 922 3898 hoc
937 3854 1059 3911 speretur
1076 3853 1173 3895 aeterna

1059 3975 1075 4010 2
