2632 4320
96 273 155 335 itia.

94 384 226 435 desiderio
248 384 394 435 illuminari
416 385 627 450 postulaverunt,

94 455 208 506 confessi
230 456 314 506 David
338 455 424 505 tilium
448 470 494 520 per
511 469 627 514 carnem,

94 527 180 576 Deum
208 526 337 576 etiamin
363 542 395 575 eo
419 541 477 576 esse
497 536 630 574 noverunt

96 612 143 662 per
160 592 374 663 inspirationem.
395 596 446 646 Ubi
463 596 630 662 Chrysosto-

96 681 156 716 mus
178 683 186 718 .·
213 686 227 713 a
254 668 410 732 Opportune
436 677 526 717 autem
549 665 629 715 oblati

98 748 160 788 sunt
179 749 242 788 ante
260 738 354 788 faciem
370 737 472 788 Christi
492 737 547 787 duo
558 736 630 796 caeci,

99 818 138 868 ut,
163 809 261 874 apertis
281 809 375 871 oculis,
394 808 470 874 quasi
482 818 564 858 testes
574 807 631 857 vir-

97 881 163 931 tutis
182 883 240 946 ejus
266 883 439 932 ascenderent
464 892 525 932 curn
546 896 577 931 eo
603 880 631 929 in

96 954 251 1004 Jerusalem.
285 954 319 1004 Hi
346 953 510 1004 currentium
540 952 633 1018 strepi·

97 1037 156 1075 tum
187 1026 347 1086 audiebant,
376 1036 401 1075 et
424 1041 552 1090 personas
577 1040 630 1074 non

96 1099 231 1159 ridebant,
250 1099 319 1149 nihil
340 1099 428 1148 solum
446 1099 576 1149 habentes
599 1097 632 1147 de

94 1180 150 1220 toto
163 1186 273 1237 corpore
287 1182 379 1235 praeter
391 1186 484 1220 vocem
496 1186 503 1232 ;
525 1180 550 1219 et
572 1170 632 1219 ideo

94 1243 159 1308 quia
186 1244 299 1309 pedibus
318 1259 379 1292 eum
403 1242 479 1308 sequi
502 1258 557 1292 non
581 1258 632 1307 po-

94 1322 191 1373 terant,
217 1328 281 1363 voce
301 1313 481 1378 sequebantur
506 1329 513 1361 ι
536 1331 550 1358 n
573 1312 632 1362 haec

97 1383 317 1450 Chrysostontnr.
356 1384 395 1432 De
428 1397 484 1432 uno
516 1382 630 1432 istorum

95 1465 212 1518 tanturn,
234 1455 336 1504 scilicet
352 1454 501 1517 famosiori,
528 1455 632 1503 Marcus

97 1526 262 1577 mentionem
284 1526 393 1585 faciens,
418 1527 451 1577 de
474 1526 528 1576 alio
550 1526 632 1576 tacuit

97 1598 190 1650 minus
226 1610 300 1650 noto.
336 1599 389 1651 Ubi
428 1600 631 1665 Augustinus:

98 1688 112 1716 a
126 1670 184 1719 Hoc
195 1679 284 1720 autern
297 1670 396 1720 iactum
408 1679 433 1719 et
446 1670 552 1719 Marcus
562 1684 633 1719 com-

98 1750 238 1800 memorat,
253 1741 299 1791 sed
313 1742 346 1790 de
365 1757 423 1790 uno
435 1756 505 1791 caeco
522 1740 630 1793 factum.

98 1810 167 1861 N'am
185 1812 302 1862 duorum
323 1827 455 1862 caecorum
476 1828 546 1879 quos
568 1814 633 1862 Mat·

98 1881 188 1934 threus
209 1883 380 1949 interposuit,
401 1900 487 1933 unum
505 1883 589 1935 fuisse
603 1885 631 1935 in

98 1953 272 2006 {incivitate
294 1954 515 2018 famosissimum,
531 1970 563 2005 ex
581 1955 636 2006 hoc·

97 2026 161 2077 satis
183 2037 300 2093 apparet,
321 2028 395 2092 quod
414 2036 552 2077 etnomen
575 2028 633 2093 ejus

97 2106 125 2147 et
142 2097 225 2162 patris
244 2098 301 2162 ejus
318 2099 423 2146 Marcus
441 2112 632 2147 commemora·

95 2165 143 2216 vit.
161 2167 328 2217 Bartimaeus
342 2167 411 2216 enirn
437 2167 464 2216 T
463 2167 535 2217 imaet'
541 2167 630 2232 filiur,

94 2252 126 2287 ex
140 2237 231 2304 aliqua
250 2253 348 2302 magna
362 2236 489 2287 felicitate
501 2239 630 2302 deiectus,

94 2306 244 2358 notissima
258 2318 286 2358 et
307 2306 495 2358 famosissima²
515 2307 631 2359 miseriae

94 2379 156 2440 fuit,
176 2382 251 2447 quod
272 2398 328 2431 non
354 2382 444 2432 solum
469 2397 565 2443 caecus,
590 2398 633 2433 re-

94 2467 155 2502 rum
172 2453 253 2504 etiam
274 2454 413 2504 mendicus
433 2454 550 2505 sedebat.
564 2455 634 2505 Hinc

96 2536 138 2577 est
157 2540 220 2594 ergo
240 2527 314 2595 quod
340 2527 430 2594 ipsum
451 2527 538 2577 voluit
563 2542 633 2577 com-

97 2611 246 2648 memorare
263 2599 390 2661 Marcus,¹
404 2600 480 2661 cujus
498 2597 632 2647 illumina-

95 2669 135 2719 tio
154 2678 210 2718 tam
230 2670 327 2719 claram
350 2669 451 2720 famam
469 2669 533 2719 huic
548 2669 634 2720 mira-

98 2739 158 2789 culo
178 2740 349 2804 comparavit,
370 2755 453 2805 quam
478 2750 534 2790 erat
559 2739 633 2790 iliius

100 2820 164 2859 nota
187 2810 330 2860 calamitas.
351 2830 364 2856 n
391 2810 467 2860 Unde
487 2820 517 2859 et
533 2810 633 2862 Beda:

100 2897 115 2926 u
138 2880 174 2930 Et
194 2880 263 2930 bene
285 2882 398 2941 Marcus,
427 2880 474 2947 qui
502 2880 633 2932 Gentibus

100 2950 232 3002 scribebat
257 2951 442 3018 Evangeiium,
466 2968 553 3003 unum
569 2952 637 3003 dicit

98 3018 291 3081 illuminatum,
320 3034 350 3072 ut
380 3039 474 3074 eorum
497 3040 566 3090 quos
587 3023 633 3074 in-

99 3093 226 3143 stituebat
237 3094 269 3144 ad
286 3093 377 3154 fidem,
392 3095 532 3145 salvationi
547 3095 633 3163 figura
667 3148 669 3153 ,

98 3177 266 3232 congrueret.
306 3168 447 3218 Matthaeus
478 3184 550 3228 vero,
584 3171 631 3236 qui

97 3236 219 3289 Hebraeis
244 3253 324 3288 suum
349 3239 481 3291 scribebat
507 3241 631 3307 Erange-
666 3242 669 3303 ,

98 3308 179 3370 lium,
209 3310 283 3376 quod
312 3309 339 3358 in
367 3310 497 3361 Gentium
522 3327 632 3378 quoquc
666 3310 670 3341 ²

96 3381 220 3433 notitiam
247 3391 302 3433 erat
327 3394 535 3448 perventurum,
562 3395 632 3435 recte
667 3412 670 3433 ;

98 3453 166 3505 duos
180 3455 245 3505 dicit
255 3455 431 3516 illuminatos,
442 3465 473 3506 ut
481 3455 514 3507 ad
526 3464 634 3506 utrum·
666 3478 669 3495 ÷

97 3540 150 3591 que
182 3528 313 3592 populum
345 3542 427 3577 uuam
454 3527 632 3593 eamdemque
666 3522 670 3595 j

95 3593 157 3646 fidei
176 3598 289 3662 gratiam
304 3597 436 3664 pertinere
447 3599 566 3660 doceret;
583 3597 631 3664 qui
666 3618 669 3665 j

94 3664 176 3716 etiarn
187 3668 218 3717 in·
230 3671 356 3736 sequenti
371 3669 486 3719 tectione
499 3668 630 3732 deasino,

96 3735 126 3786 in
149 3752 204 3803 quo
231 3741 366 3791 Dominus
395 3742 485 3792 sedere
508 3741 631 3807 dignatus
666 3772 669 3809 t

97 3812 147 3872 e'st,
173 3813 294 3861 eamdem
317 3812 502 3880 Evangelicam
527 3826 631 3862 serrare
665 3834 669 3879 i

98 3880 262 3947 Scripturam
286 3881 413 3936 curavit:
440 3905 454 3934 n
470 3885 526 3936 haec
544 3885 629 3936 Beda.
665 3886 670 3919 i

378 267 553 320 SEGUNDAE
567 265 694 317 Pauus
708 265 825 318 CAPUT
840 266 934 318 xxiv.

682 381 858 443 Bartimaeus,
879 383 927 449 qui
945 383 1026 449 fitius
1042 382 1221 448 pinguedinis·

683 453 891 518 interpretatur,
919 452 1052 519 significat
1079 453 1220 504 hominem

684 524 712 573 in
722 524 825 574 deliciis
839 524 1145 587 carnalibusnutritum,
1160 524 1221 574 ideo

682 594 781 644 dicitur
811 611 912 658 caecus,
947 595 1049 645 scilicet
1080 595 1220 660 sapientiae

684 669 788 718 lumine
803 668 931 733 privatus,
954 669 986 717 de
1011 683 1065 734 qua
1077 668 1178 718 dicitur
1192 668 1220 717 in

683 739 757 789 Job:
776 738 856 799 Quod
880 753 930 789 non
949 737 1083 788 invenitur
1104 738 1132 788 in
1147 744 1222 789 terra

685 809 805 859 suaviter
839 809 998 871 viventium,
1022 808 1087 874 quia
1120 808 1223 859 deliciae

685 882 803 932 carnales
824 881 951 932 hebetant
986 882 1162 932 intellectum.
1192 882 1224 931 Et

685 953 756 1016 talis,
770 969 832 1002 cum
847 953 922 1003 audit
937 953 970 1001 de
984 952 1128 1012 Salvatore,
1144 952 1223 1002 debet

685 1023 800 1087 clamare
813 1040 860 1090 per
876 1023 1026 1073 orationem
1040 1024 1182 1082 devotam,¹
1193 1032 1223 1073 ut

685 1094 719 1145 ab
744 1095 791 1145 ilio
818 1096 930 1160 recipiat
956 1094 1092 1160 sapientiae
1110 1095 1222 1155 iumen,

685 1168 733 1234 qui
755 1169 804 1217 dat
817 1168 937 1217 omnibus
958 1167 1104 1232 affluenter,
1119 1167 1221 1217 'saltem

685 1239 718 1288 de
737 1237 894 1288 necessariis
908 1237 941 1286 ad
961 1239 1083 1287 salutem.

718 1309 731 1360 3
757 1312 853 1362 Tuast
875 1327 960 1361 circos
986 1326 1130 1361 rscnsraus
1157 1327 1221 1369 Qum

685 1381 846 1432 sronrrrcar?
860 1411 890 1418 -
902 1381 1002 1431 Turba
1017 1387 1105 1431 cutem
1120 1381 1220 1431 doctri-

685 1470 748 1504 nam
761 1454 860 1504 Christi
875 1453 1036 1513 auscuitans,
1052 1453 1147 1503 videns
1160 1469 1220 1504 sor-

685 1526 761 1576 didas
773 1537 868 1589 vestes,
882 1543 936 1575 non
952 1525 1124 1576 conscientiae
1139 1526 1220 1576 clari·

685 1608 777 1660 tatem,
798 1599 956 1664 increpabat
978 1612 1026 1649 eos
1046 1604 1220 1661 uincerent,-

685 1669 750 1735 quia
770 1685 817 1735 per
837 1671 983 1719 clamorem
1007 1684 1088 1719 suum
1112 1670 1223 1720 turbam·

685 1741 720 1790 ab
738 1741 873 1791 audiendo
893 1739 994 1790 Christi
1008 1739 1162 1790 doctrinam
1175 1740 1222 1791 im-

686 1812 837 1878 pediebant.
866 1813 902 1882 Et
928 1811 957 1861 hi
983 1810 1136 1878 significant
1166 1828 1221 1873 eos,

685 1884 734 1952 qui
755 1900 770 1934 a
791 1885 862 1935 bono
885 1896 965 1950 opere
984 1884 1127 1935 retrahunt
1144 1885 1221 1936 alios.

685 1954 823 2005 Habemus
843 1964 932 2005 autem
959 1954 1091 2020 triplicem
1115 1956 1221 2005 turbam

666 2088 669 2095 Ι
684 2026 875 2090 impedientem
891 2041 898 2074 ε
914 2040 994 2074 unam
1010 2040 1026 2074 a
1039 2040 1127 2089 carne,
1141 2026 1223 2077 aliam

685 2097 826 2157 amundo,
847 2096 952 2146 tertiam
971 2097 1004 2146 ab
1025 2095 1143 2157 inferno,
1157 2097 1222 2163 quia

685 2167 800 2217 carnalia
822 2167 953 2217 desideria
971 2178 997 2216 et
1011 2166 1221 2233 persecutiones,

686 2239 786 2289 scilicet
811 2239 907 2289 mundi
932 2249 959 2289 et
985 2239 1106 2299 diaboli,
1141 2239 1226 2290 nobis·

686 2314 800 2375 obstant,
822 2325 854 2364 ut
869 2326 1003 2365 taceamus
1017 2329 1034 2364 a
1048 2314 1222 2366 confessione

686 2389 796 2455 peccati,
814 2389 847 2439 ab
862 2387 1040 2438 aedificatione
1062 2388 1193 2454 proximi,
1206 2404 1224 2440 a

667 2458 765 2508 iaude
783 2459 841 2509 Dei.
863 2458 960 2508 infelix
981 2458 1038 2508 haec
1051 2459 1131 2510 turba
1144 2460 1221 2510 omni

687 2531 757 2581 bono
774 2530 882 2580 obsistit
903 2547 910 2580 ε
929 2531 1007 2580 turba
1024 2530 1222 2582 desideriorum

686 2601 772 2651 carnis
802 2601 922 2666 increpat
956 2601 1117 2664 alliciendo;
1143 2603 1222 2653 mtba

687 2682 863 2738 tyrannorum
894 2671 989 2721 mundi
1013 2671 1136 2737 increpat
1158 2687 1223 2738 per-

686 2745 835 2810 sequendo;
851 2743 930 2794 turba
942 2743 1099 2793 daemonum
1122 2742 1221 2794 inferni

686 2817 805 2882 increpat
827 2816 993 2881 decipiendo.
1015 2816 1067 2864 Sed
1081 2816 1221 2882 quomodo

685 2888 811 2938 tacebunt
824 2887 853 2937 in
868 2887 998 2945 oratione,
1011 2886 1075 2936 caeci
1085 2901 1136 2951 per
1146 2885 1222 2952 igno

686 2958 799 3008 rantiam
809 2957 909 3008 mentis
923 2956 1055 3023 praecipue
1064 2956 1098 3006 de
1110 2957 1220 3023 proprio

686 3038 765 3088 statu,
790 3027 908 3078 mendici
922 3043 971 3093 per
986 3026 1120 3077 defectum
1133 3028 1222 3079 virtu-

686 3098 731 3159 tis,
744 3109 771 3149 et
784 3109 858 3148 extra
880 3098 961 3159 viam,
987 3097 1089 3148 scilicet
1103 3097 1220 3150 salutis?

685 3169 777 3220 Atilii
791 3169 881 3236 magis
895 3169 1049 3221 clamabant
1057 3169 1219 3230 insistendo,

685 3242 770 3290 donec
795 3239 937 3306 strepitum
960 3241 1046 3290 turbae
1069 3241 1219 3300 vincerent,

685 3310 813 3360 timentes
835 3327 868 3360 ne
891 3324 923 3360 ex
940 3309 1124 3375 increpatione
1149 3310 1221 3361 alio-

685 3396 746 3431 rum
769 3381 946 3446 impediretur
965 3381 1078 3440 auditio,
1102 3389 1129 3431 et
1145 3396 1223 3432 exau·

685 3452 753 3503 ditio
771 3453 919 3519 petitionis,
936 3468 968 3504 ac
988 3468 1086 3503 vocum
1110 3468 1222 3518 eornm3

685 3533 713 3574 et
736 3523 949 3574 misericordiam
968 3524 1105 3589 petebant,
1128 3523 1224 3575 diceu-

685 3601 747 3647 tes:
763 3597 885 3659 Domine,
908 3597 1036 3663 miserere
1058 3595 1156 3659 nostri,
1176 3596 1225 3664 fili

665 3667 784 3749 pDauirt.
800 3668 829 3717 In
846 3669 898 3718 hoc
923 3678 948 3718 et
971 3682 1021 3717 nos
1045 3667 1225 3719 exhortamur

685 3743 718 3792 ad
739 3740 870 3791 orationis
890 3739 1132 3802 continuationem,
1150 3741 1222 3792 etin

685 3829 716 3865 ea
729 3813 963 3880 perseverantiam.
977 3811 1030 3862 Ubi
1046 3810 1223 3880 chrysosto-

685 3895 763 3936 mus:
776 3902 789 3931 u
808 3883 982 3934 Irritabantur
995 3881 1081 3944 vetiti,
1115 3882 1221 3951 tnagis-
1234 3908 1237 3915 ·
