<?xml version="1.0" encoding="UTF-8"?>
<!DOCTYPE html PUBLIC "-//W3C//DTD XHTML 1.0 Transitional//EN"
    "http://www.w3.org/TR/xhtml1/DTD/xhtml1-transitional.dtd">
<html xmlns="http://www.w3.org/1999/xhtml" xml:lang="en" lang="en">
 <head>
  <title>
</title>
<meta http-equiv="Content-Type" content="text/html;charset=utf-8" />
  <meta name='ocr-system' content='tesseract 3.04.00' />
  <meta name='ocr-capabilities' content='ocr_page ocr_carea ocr_par ocr_line ocrx_word'/>
</head>
<body>
  <div class='ocr_page' id='page_1' title='image "./vitajesuchristi01rigogoog_0091.png"; bbox 0 0 2632 4320; ppageno 0'>
   <div class='ocr_carea' id='block_1_1' title="bbox 140 236 955 300">
    <p class='ocr_par' dir='ltr' id='par_1_1' title="bbox 140 236 955 300">
     <span class='ocr_line' id='line_1_1' title="bbox 140 236 955 300; baseline -0.01 -2"><span class='ocrx_word' id='word_1_1' title='bbox 140 247 174 300; x_wconf 82' lang='lat'>82</span> <span class='ocrx_word' id='word_1_2' title='bbox 440 238 617 292; x_wconf 80' lang='lat' dir='ltr'>SECUNDAE</span> <span class='ocrx_word' id='word_1_3' title='bbox 637 236 763 285; x_wconf 79' lang='lat' dir='ltr'>PARTIS</span> <span class='ocrx_word' id='word_1_4' title='bbox 786 239 906 290; x_wconf 86' lang='lat' dir='ltr'><strong>CAPUT</strong></span> <span class='ocrx_word' id='word_1_5' title='bbox 922 242 955 290; x_wconf 90' lang='lat' dir='ltr'>X.</span> 
     </span>
    </p>
   </div>
   <div class='ocr_carea' id='block_1_2' title="bbox 137 353 674 497">
    <p class='ocr_par' dir='ltr' id='par_1_2' title="bbox 137 353 674 497">
     <span class='ocr_line' id='line_1_2' title="bbox 139 353 673 431; baseline -0.026 -16"><span class='ocrx_word' id='word_1_6' title='bbox 139 377 223 431; x_wconf 87' lang='lat' dir='ltr'>quam</span> <span class='ocrx_word' id='word_1_7' title='bbox 255 361 374 411; x_wconf 86' lang='lat' dir='ltr'>animam</span> <span class='ocrx_word' id='word_1_8' title='bbox 400 357 454 408; x_wconf 91' lang='lat' dir='ltr'>nisi</span> <span class='ocrx_word' id='word_1_9' title='bbox 481 365 588 422; x_wconf 85' lang='lat' dir='ltr'>propter</span> <span class='ocrx_word' id='word_1_10' title='bbox 614 353 673 402; x_wconf 84' lang='lat' dir='ltr'>for-</span> 
     </span>
     <span class='ocr_line' id='line_1_3' title="bbox 137 428 674 497; baseline -0.022 -10"><span class='ocrx_word' id='word_1_11' title='bbox 137 435 301 486; x_wconf 88' lang='lat' dir='ltr'>nicationem</span> <span class='ocrx_word' id='word_1_12' title='bbox 332 430 432 497; x_wconf 89' lang='lat' dir='ltr'>peccati</span> <span class='ocrx_word' id='word_1_13' title='bbox 460 428 593 487; x_wconf 85' lang='lat' dir='ltr'>dimittit,</span> <span class='ocrx_word' id='word_1_14' title='bbox 626 440 674 493; x_wconf 89' lang='lat' dir='ltr'>per</span> 
     </span>
    </p>
   </div>
   <div class='ocr_carea' id='block_1_3' title="bbox 132 502 673 2702">
    <p class='ocr_par' dir='ltr' id='par_1_3' title="bbox 136 502 673 989">
     <span class='ocr_line' id='line_1_4' title="bbox 137 502 672 576; baseline -0.017 -15"><span class='ocrx_word' id='word_1_15' title='bbox 137 526 220 576; x_wconf 87' lang='lat' dir='ltr'>quam</span> <span class='ocrx_word' id='word_1_16' title='bbox 240 508 366 559; x_wconf 90' lang='lat' dir='ltr'>Christus</span> <span class='ocrx_word' id='word_1_17' title='bbox 389 521 405 555; x_wconf 90' lang='lat' dir='ltr'>a</span> <span class='ocrx_word' id='word_1_18' title='bbox 421 505 501 555; x_wconf 88' lang='lat' dir='ltr'>nobis</span> <span class='ocrx_word' id='word_1_19' title='bbox 517 502 629 563; x_wconf 75' lang='lat' dir='ltr'>recedit.</span> <span class='ocrx_word' id='word_1_20' title='bbox 642 530 672 539; x_wconf 95' lang='lat'>—</span> 
     </span>
     <span class='ocr_line' id='line_1_5' title="bbox 137 579 672 646; baseline -0.019 -13"><span class='ocrx_word' id='word_1_21' title='bbox 137 581 273 633; x_wconf 87' lang='lat' dir='ltr'>Moraliter</span> <span class='ocrx_word' id='word_1_22' title='bbox 286 580 332 646; x_wconf 83' lang='lat' dir='ltr'>qui</span> <span class='ocrx_word' id='word_1_23' title='bbox 345 579 456 629; x_wconf 80' lang='lat' dir='ltr'>dimittit</span> <span class='ocrx_word' id='word_1_24' title='bbox 470 590 582 628; x_wconf 81' lang='lat' dir='ltr'>uxorem</span> <span class='ocrx_word' id='word_1_25' title='bbox 596 588 672 624; x_wconf 82' lang='lat' dir='ltr'>suam</span> 
     </span>
     <span class='ocr_line' id='line_1_6' title="bbox 136 648 673 722; baseline -0.019 -16"><span class='ocrx_word' id='word_1_26' title='bbox 136 654 314 722; x_wconf 85' lang='lat' dir='ltr'>spiritualem,</span> <span class='ocrx_word' id='word_1_27' title='bbox 341 651 443 702; x_wconf 88' lang='lat' dir='ltr'>scilicet</span> <span class='ocrx_word' id='word_1_28' title='bbox 471 648 625 707; x_wconf 83' lang='lat' dir='ltr'>Ecclesiam,</span> <span class='ocrx_word' id='word_1_29' title='bbox 647 653 673 697; x_wconf 88' lang='lat' dir='ltr'>et</span> 
     </span>
     <span class='ocr_line' id='line_1_7' title="bbox 136 721 671 789; baseline -0.013 -13"><span class='ocrx_word' id='word_1_30' title='bbox 136 726 219 777; x_wconf 86' lang='lat' dir='ltr'>aliam</span> <span class='ocrx_word' id='word_1_31' title='bbox 249 726 334 787; x_wconf 88' lang='lat' dir='ltr'>ducit,</span> <span class='ocrx_word' id='word_1_32' title='bbox 360 723 461 775; x_wconf 90' lang='lat' dir='ltr'>scilicet</span> <span class='ocrx_word' id='word_1_33' title='bbox 484 721 671 789; x_wconf 81' lang='lat' dir='ltr'>pinguiorem,</span> 
     </span>
     <span class='ocr_line' id='line_1_8' title="bbox 136 791 671 858; baseline -0.017 -10"><span class='ocrx_word' id='word_1_34' title='bbox 136 795 300 858; x_wconf 57' lang='lat' dir='ltr'>merchatum</span> <span class='ocrx_word' id='word_1_35' title='bbox 313 811 367 844; x_wconf 91' lang='lat' dir='ltr'>non</span> <span class='ocrx_word' id='word_1_36' title='bbox 386 793 459 844; x_wconf 87' lang='lat' dir='ltr'>enim</span> <span class='ocrx_word' id='word_1_37' title='bbox 476 791 575 858; x_wconf 87' lang='lat' dir='ltr'>quaerit</span> <span class='ocrx_word' id='word_1_38' title='bbox 588 791 671 856; x_wconf 90' lang='lat' dir='ltr'>spiri-</span> 
     </span>
     <span class='ocr_line' id='line_1_9' title="bbox 137 861 671 928; baseline -0.011 -12"><span class='ocrx_word' id='word_1_39' title='bbox 137 862 244 917; x_wconf 76' lang='lat' dir='ltr'>tualenl</span> <span class='ocrx_word' id='word_1_40' title='bbox 252 865 381 925; x_wconf 85' lang='lat' dir='ltr'>fructum,</span> <span class='ocrx_word' id='word_1_41' title='bbox 401 863 447 914; x_wconf 91' lang='lat' dir='ltr'>sed</span> <span class='ocrx_word' id='word_1_42' title='bbox 465 862 612 928; x_wconf 85' lang='lat' dir='ltr'>temporale</span> <span class='ocrx_word' id='word_1_43' title='bbox 626 861 671 911; x_wconf 92' lang='lat' dir='ltr'>lu-</span> 
     </span>
     <span class='ocr_line' id='line_1_10' title="bbox 137 953 221 989; baseline 0 -1"><span class='ocrx_word' id='word_1_44' title='bbox 137 953 221 989; x_wconf 87' lang='lat' dir='ltr'>crum.</span> 
     </span>
    </p>

    <p class='ocr_par' dir='ltr' id='par_1_4' title="bbox 132 1008 673 2702">
     <span class='ocr_line' id='line_1_11' title="bbox 169 1008 669 1059; baseline -0.012 0"><span class='ocrx_word' id='word_1_45' title='bbox 169 1008 183 1059; x_wconf 86' lang='lat'>3</span> <span class='ocrx_word' id='word_1_46' title='bbox 202 1009 352 1059; x_wconf 77' lang='lat' dir='ltr'>Cousrrruu</span> <span class='ocrx_word' id='word_1_47' title='bbox 366 1020 551 1058; x_wconf 72' lang='lat' dir='ltr'>corruerimus</span> <span class='ocrx_word' id='word_1_48' title='bbox 570 1019 669 1055; x_wconf 72' lang='lat' dir='ltr'>eanre-</span> 
     </span>
     <span class='ocr_line' id='line_1_12' title="bbox 135 1091 670 1131; baseline -0.011 0"><span class='ocrx_word' id='word_1_49' title='bbox 135 1096 193 1131; x_wconf 71' lang='lat' dir='ltr'>crn</span> <span class='ocrx_word' id='word_1_50' title='bbox 217 1095 382 1130; x_wconf 74' lang='lat' dir='ltr'>uarnnmmo</span> <span class='ocrx_word' id='word_1_51' title='bbox 407 1091 613 1127; x_wconf 69' lang='lat' dir='ltr'>murreouruuie.</span> <span class='ocrx_word' id='word_1_52' title='bbox 640 1105 670 1114; x_wconf 95' lang='lat'>-</span> 
     </span>
     <span class='ocr_line' id='line_1_13' title="bbox 136 1145 671 1216; baseline -0.007 -16"><span class='ocrx_word' id='word_1_53' title='bbox 136 1149 278 1216; x_wconf 89' lang='lat' dir='ltr'>Proposito</span> <span class='ocrx_word' id='word_1_54' title='bbox 292 1164 355 1215; x_wconf 87' lang='lat' dir='ltr'>ergo</span> <span class='ocrx_word' id='word_1_55' title='bbox 366 1148 439 1215; x_wconf 88' lang='lat' dir='ltr'>quod</span> <span class='ocrx_word' id='word_1_56' title='bbox 454 1157 494 1197; x_wconf 91' lang='lat' dir='ltr'>est</span> <span class='ocrx_word' id='word_1_57' title='bbox 506 1145 671 1198; x_wconf 87' lang='lat' dir='ltr'>necessitatis</span> 
     </span>
     <span class='ocr_line' id='line_1_14' title="bbox 134 1218 671 1282; baseline -0.007 -12"><span class='ocrx_word' id='word_1_58' title='bbox 134 1220 165 1271; x_wconf 88' lang='lat' dir='ltr'>in</span> <span class='ocrx_word' id='word_1_59' title='bbox 185 1221 283 1272; x_wconf 90' lang='lat' dir='ltr'>virtute</span> <span class='ocrx_word' id='word_1_60' title='bbox 304 1218 486 1280; x_wconf 83' lang='lat' dir='ltr'>continentiae,</span> <span class='ocrx_word' id='word_1_61' title='bbox 500 1232 671 1282; x_wconf 88' lang='lat' dir='ltr'>consequen-</span> 
     </span>
     <span class='ocr_line' id='line_1_15' title="bbox 135 1289 669 1357; baseline -0.007 -15"><span class='ocrx_word' id='word_1_62' title='bbox 135 1301 176 1342; x_wconf 85' lang='lat' dir='ltr'>ter</span> <span class='ocrx_word' id='word_1_63' title='bbox 194 1291 303 1357; x_wconf 91' lang='lat' dir='ltr'>ponitur</span> <span class='ocrx_word' id='word_1_64' title='bbox 327 1290 394 1339; x_wconf 90' lang='lat' dir='ltr'>illud</span> <span class='ocrx_word' id='word_1_65' title='bbox 414 1289 487 1354; x_wconf 91' lang='lat' dir='ltr'>quod</span> <span class='ocrx_word' id='word_1_66' title='bbox 505 1298 546 1339; x_wconf 90' lang='lat' dir='ltr'>est</span> <span class='ocrx_word' id='word_1_67' title='bbox 572 1303 669 1354; x_wconf 90' lang='lat' dir='ltr'>super·</span> 
     </span>
     <span class='ocr_line' id='line_1_16' title="bbox 135 1361 668 1431; baseline -0.006 -18"><span class='ocrx_word' id='word_1_68' title='bbox 135 1363 301 1429; x_wconf 85' lang='lat' dir='ltr'>erogationis</span> <span class='ocrx_word' id='word_1_69' title='bbox 314 1372 340 1413; x_wconf 91' lang='lat' dir='ltr'>et</span> <span class='ocrx_word' id='word_1_70' title='bbox 351 1361 467 1422; x_wconf 90' lang='lat' dir='ltr'>consilii,</span> <span class='ocrx_word' id='word_1_71' title='bbox 479 1361 584 1431; x_wconf 88' lang='lat' dir='ltr'>scilicet</span> <span class='ocrx_word' id='word_1_72' title='bbox 602 1377 668 1411; x_wconf 90' lang='lat' dir='ltr'>con-</span> 
     </span>
     <span class='ocr_line' id='line_1_17' title="bbox 133 1435 668 1486; baseline -0.006 0"><span class='ocrx_word' id='word_1_73' title='bbox 133 1435 247 1486; x_wconf 84' lang='lat' dir='ltr'>tinentia</span> <span class='ocrx_word' id='word_1_74' title='bbox 280 1436 313 1485; x_wconf 92' lang='lat' dir='ltr'>ab</span> <span class='ocrx_word' id='word_1_75' title='bbox 348 1435 423 1484; x_wconf 89' lang='lat' dir='ltr'>omni</span> <span class='ocrx_word' id='word_1_76' title='bbox 454 1444 513 1484; x_wconf 91' lang='lat' dir='ltr'>actu</span> <span class='ocrx_word' id='word_1_77' title='bbox 546 1449 668 1484; x_wconf 87' lang='lat' dir='ltr'>venereo.</span> 
     </span>
     <span class='ocr_line' id='line_1_18' title="bbox 133 1506 670 1572; baseline -0.004 -15"><span class='ocrx_word' id='word_1_78' title='bbox 133 1507 266 1572; x_wconf 84' lang='lat' dir='ltr'>Discipuli</span> <span class='ocrx_word' id='word_1_79' title='bbox 278 1507 352 1557; x_wconf 91' lang='lat' dir='ltr'>enim</span> <span class='ocrx_word' id='word_1_80' title='bbox 367 1507 418 1556; x_wconf 96' lang='lat' dir='ltr'>hoc</span> <span class='ocrx_word' id='word_1_81' title='bbox 432 1506 580 1568; x_wconf 88' lang='lat' dir='ltr'>audientes,</span> <span class='ocrx_word' id='word_1_82' title='bbox 596 1507 670 1572; x_wconf 90' lang='lat' dir='ltr'>quod</span> 
     </span>
     <span class='ocr_line' id='line_1_19' title="bbox 132 1576 671 1628; baseline -0.004 0"><span class='ocrx_word' id='word_1_83' title='bbox 132 1576 274 1628; x_wconf 81' lang='lat' dir='ltr'>vinculum</span> <span class='ocrx_word' id='word_1_84' title='bbox 300 1576 468 1627; x_wconf 87' lang='lat' dir='ltr'>matrimonii</span> <span class='ocrx_word' id='word_1_85' title='bbox 490 1587 530 1627; x_wconf 91' lang='lat' dir='ltr'>est</span> <span class='ocrx_word' id='word_1_86' title='bbox 551 1577 671 1627; x_wconf 89' lang='lat' dir='ltr'>indisso·</span> 
     </span>
     <span class='ocr_line' id='line_1_20' title="bbox 135 1646 671 1712; baseline -0.002 -15"><span class='ocrx_word' id='word_1_87' title='bbox 135 1646 229 1707; x_wconf 90' lang='lat' dir='ltr'>lubile,</span> <span class='ocrx_word' id='word_1_88' title='bbox 244 1657 270 1698; x_wconf 91' lang='lat' dir='ltr'>et</span> <span class='ocrx_word' id='word_1_89' title='bbox 286 1647 352 1698; x_wconf 92' lang='lat' dir='ltr'>moti</span> <span class='ocrx_word' id='word_1_90' title='bbox 365 1663 397 1698; x_wconf 86' lang='lat' dir='ltr'>ex</span> <span class='ocrx_word' id='word_1_91' title='bbox 408 1647 497 1697; x_wconf 89' lang='lat' dir='ltr'>verbis</span> <span class='ocrx_word' id='word_1_92' title='bbox 512 1648 578 1712; x_wconf 86' lang='lat' dir='ltr'>ejus,</span> <span class='ocrx_word' id='word_1_93' title='bbox 592 1647 671 1696; x_wconf 85' lang='lat' dir='ltr'>dixe-</span> 
     </span>
     <span class='ocr_line' id='line_1_21' title="bbox 135 1718 671 1770; baseline 0 -2"><span class='ocrx_word' id='word_1_94' title='bbox 135 1728 201 1768; x_wconf 89' lang='lat' dir='ltr'>runt</span> <span class='ocrx_word' id='word_1_95' title='bbox 216 1718 239 1770; x_wconf 89' lang='lat' dir='ltr'>ei</span> <span class='ocrx_word' id='word_1_96' title='bbox 258 1734 264 1768; x_wconf 94' lang='lat'><strong>:</strong></span> <span class='ocrx_word' id='word_1_97' title='bbox 281 1719 314 1769; x_wconf 88' lang='lat' dir='ltr'>Si</span> <span class='ocrx_word' id='word_1_98' title='bbox 327 1719 366 1769; x_wconf 89' lang='lat' dir='ltr'>ita</span> <span class='ocrx_word' id='word_1_99' title='bbox 385 1725 425 1769; x_wconf 87' lang='lat' dir='ltr'>est</span> <span class='ocrx_word' id='word_1_100' title='bbox 449 1732 532 1768; x_wconf 83' lang='lat' dir='ltr'>causa</span> <span class='ocrx_word' id='word_1_101' title='bbox 556 1718 671 1768; x_wconf 87' lang='lat' dir='ltr'>hominis</span> 
     </span>
     <span class='ocr_line' id='line_1_22' title="bbox 134 1790 670 1856; baseline 0 -16"><span class='ocrx_word' id='word_1_102' title='bbox 134 1804 193 1841; x_wconf 87' lang='lat' dir='ltr'>cum</span> <span class='ocrx_word' id='word_1_103' title='bbox 216 1805 305 1841; x_wconf 87' lang='lat' dir='ltr'>uxore</span> <span class='ocrx_word' id='word_1_104' title='bbox 329 1792 402 1856; x_wconf 92' lang='lat' dir='ltr'>quod</span> <span class='ocrx_word' id='word_1_105' title='bbox 426 1807 482 1841; x_wconf 92' lang='lat' dir='ltr'>non</span> <span class='ocrx_word' id='word_1_106' title='bbox 505 1790 592 1856; x_wconf 87' lang='lat' dir='ltr'>possit</span> <span class='ocrx_word' id='word_1_107' title='bbox 610 1806 670 1840; x_wconf 84' lang='lat' dir='ltr'>earn</span> 
     </span>
     <span class='ocr_line' id='line_1_23' title="bbox 136 1860 670 1927; baseline -0.002 -15"><span class='ocrx_word' id='word_1_108' title='bbox 136 1860 191 1912; x_wconf 90' lang='lat' dir='ltr'>nisi</span> <span class='ocrx_word' id='word_1_109' title='bbox 206 1863 287 1911; x_wconf 92' lang='lat' dir='ltr'>modo</span> <span class='ocrx_word' id='word_1_110' title='bbox 309 1862 435 1927; x_wconf 88' lang='lat' dir='ltr'>praedicto</span> <span class='ocrx_word' id='word_1_111' title='bbox 456 1861 670 1921; x_wconf 61' lang='lat' dir='ltr'>dimitteretur</span> 
     </span>
     <span class='ocr_line' id='line_1_24' title="bbox 135 1931 671 1998; baseline -0.004 -16"><span class='ocrx_word' id='word_1_112' title='bbox 135 1932 248 1998; x_wconf 83' lang='lat' dir='ltr'>expedit</span> <span class='ocrx_word' id='word_1_113' title='bbox 262 1931 367 1982; x_wconf 85' lang='lat' dir='ltr'>nubere.</span> <span class='ocrx_word' id='word_1_114' title='bbox 383 1933 421 1981; x_wconf 84' lang='lat' dir='ltr'>Ac</span> <span class='ocrx_word' id='word_1_115' title='bbox 444 1932 466 1980; x_wconf 93' lang='lat' dir='ltr'>si</span> <span class='ocrx_word' id='word_1_116' title='bbox 488 1931 596 1981; x_wconf 87' lang='lat' dir='ltr'>dicant:</span> <span class='ocrx_word' id='word_1_117' title='bbox 611 1933 671 1981; x_wconf 86' lang='lat' dir='ltr'>Me-</span> 
     </span>
     <span class='ocr_line' id='line_1_25' title="bbox 135 2000 671 2068; baseline 0 -16"><span class='ocrx_word' id='word_1_118' title='bbox 135 2000 190 2052; x_wconf 91' lang='lat' dir='ltr'>lius</span> <span class='ocrx_word' id='word_1_119' title='bbox 209 2011 250 2052; x_wconf 90' lang='lat' dir='ltr'>est</span> <span class='ocrx_word' id='word_1_120' title='bbox 268 2001 426 2067; x_wconf 89' lang='lat' dir='ltr'>simpliciter</span> <span class='ocrx_word' id='word_1_121' title='bbox 446 2003 593 2063; x_wconf 85' lang='lat' dir='ltr'>continere,</span> <span class='ocrx_word' id='word_1_122' title='bbox 606 2019 671 2068; x_wconf 90' lang='lat' dir='ltr'>pro-</span> 
     </span>
     <span class='ocr_line' id='line_1_26' title="bbox 134 2072 671 2138; baseline 0.002 -16"><span class='ocrx_word' id='word_1_123' title='bbox 134 2082 195 2138; x_wconf 88' lang='lat' dir='ltr'>pter</span> <span class='ocrx_word' id='word_1_124' title='bbox 209 2087 280 2122; x_wconf 91' lang='lat' dir='ltr'>onus</span> <span class='ocrx_word' id='word_1_125' title='bbox 293 2081 319 2121; x_wconf 90' lang='lat' dir='ltr'>et</span> <span class='ocrx_word' id='word_1_126' title='bbox 333 2087 412 2137; x_wconf 84' lang='lat' dir='ltr'>grave</span> <span class='ocrx_word' id='word_1_127' title='bbox 423 2072 530 2136; x_wconf 90' lang='lat' dir='ltr'>pondus</span> <span class='ocrx_word' id='word_1_128' title='bbox 544 2088 671 2134; x_wconf 84' lang='lat' dir='ltr'>uxorum,</span> 
     </span>
     <span class='ocr_line' id='line_1_27' title="bbox 134 2141 672 2208; baseline 0.002 -16"><span class='ocrx_word' id='word_1_129' title='bbox 134 2152 162 2192; x_wconf 88' lang='lat' dir='ltr'>et</span> <span class='ocrx_word' id='word_1_130' title='bbox 180 2143 265 2191; x_wconf 90' lang='lat' dir='ltr'>multa</span> <span class='ocrx_word' id='word_1_131' title='bbox 289 2141 460 2191; x_wconf 89' lang='lat' dir='ltr'>incommoda</span> <span class='ocrx_word' id='word_1_132' title='bbox 475 2157 537 2208; x_wconf 80' lang='lat' dir='ltr'>quae</span> <span class='ocrx_word' id='word_1_133' title='bbox 559 2154 672 2208; x_wconf 89' lang='lat' dir='ltr'>possunt</span> 
     </span>
     <span class='ocr_line' id='line_1_28' title="bbox 133 2211 671 2278; baseline 0.007 -18"><span class='ocrx_word' id='word_1_134' title='bbox 133 2211 197 2261; x_wconf 91' lang='lat' dir='ltr'>inde</span> <span class='ocrx_word' id='word_1_135' title='bbox 217 2211 317 2261; x_wconf 86' lang='lat' dir='ltr'>venire.</span> <span class='ocrx_word' id='word_1_136' title='bbox 339 2211 417 2260; x_wconf 88' lang='lat' dir='ltr'>Unde</span> <span class='ocrx_word' id='word_1_137' title='bbox 437 2211 671 2278; x_wconf 75' lang='lat' dir='ltr'>chrysostomus:</span> 
     </span>
     <span class='ocr_line' id='line_1_29' title="bbox 135 2281 672 2348; baseline 0.009 -19"><span class='ocrx_word' id='word_1_138' title='bbox 135 2298 150 2327; x_wconf 81' lang='lat' dir='ltr'>u</span> <span class='ocrx_word' id='word_1_139' title='bbox 173 2281 274 2331; x_wconf 90' lang='lat' dir='ltr'>Levius</span> <span class='ocrx_word' id='word_1_140' title='bbox 299 2291 340 2330; x_wconf 91' lang='lat' dir='ltr'>est</span> <span class='ocrx_word' id='word_1_141' title='bbox 363 2292 457 2331; x_wconf 84' lang='lat' dir='ltr'>contra</span> <span class='ocrx_word' id='word_1_142' title='bbox 478 2283 672 2348; x_wconf 88' lang='lat' dir='ltr'>concupiscen-</span> 
     </span>
     <span class='ocr_line' id='line_1_30' title="bbox 134 2350 670 2420; baseline 0.006 -19"><span class='ocrx_word' id='word_1_143' title='bbox 134 2350 201 2402; x_wconf 89' lang='lat' dir='ltr'>tiam</span> <span class='ocrx_word' id='word_1_144' title='bbox 226 2351 349 2417; x_wconf 87' lang='lat' dir='ltr'>praeliari,</span> <span class='ocrx_word' id='word_1_145' title='bbox 372 2362 399 2402; x_wconf 88' lang='lat' dir='ltr'>et</span> <span class='ocrx_word' id='word_1_146' title='bbox 421 2361 514 2403; x_wconf 88' lang='lat' dir='ltr'>contra</span> <span class='ocrx_word' id='word_1_147' title='bbox 541 2354 670 2420; x_wconf 89' lang='lat' dir='ltr'>seipsum,</span> 
     </span>
     <span class='ocr_line' id='line_1_31' title="bbox 134 2424 671 2488; baseline 0.004 -16"><span class='ocrx_word' id='word_1_148' title='bbox 134 2437 218 2488; x_wconf 90' lang='lat' dir='ltr'>quam</span> <span class='ocrx_word' id='word_1_149' title='bbox 243 2433 336 2473; x_wconf 90' lang='lat' dir='ltr'>contra</span> <span class='ocrx_word' id='word_1_150' title='bbox 360 2424 503 2474; x_wconf 90' lang='lat' dir='ltr'>mulierem</span> <span class='ocrx_word' id='word_1_151' title='bbox 529 2427 671 2476; x_wconf 76' lang='lat' dir='ltr'>malam.»</span> 
     </span>
     <span class='ocr_line' id='line_1_32' title="bbox 134 2494 673 2564; baseline 0.004 -18"><span class='ocrx_word' id='word_1_152' title='bbox 134 2494 212 2546; x_wconf 93' lang='lat' dir='ltr'>Unde</span> <span class='ocrx_word' id='word_1_153' title='bbox 222 2503 248 2545; x_wconf 87' lang='lat' dir='ltr'>et</span> <span class='ocrx_word' id='word_1_154' title='bbox 257 2494 445 2562; x_wconf 79' lang='lat' dir='ltr'>Hieronymus</span> <span class='ocrx_word' id='word_1_155' title='bbox 460 2515 469 2547; x_wconf 90' lang='lat'>.·</span> <span class='ocrx_word' id='word_1_156' title='bbox 483 2514 497 2545; x_wconf 84' lang='lat' dir='ltr'>u</span> <span class='ocrx_word' id='word_1_157' title='bbox 513 2497 599 2549; x_wconf 89' lang='lat' dir='ltr'>Grave</span> <span class='ocrx_word' id='word_1_158' title='bbox 608 2515 673 2564; x_wconf 90' lang='lat' dir='ltr'>pon·</span> 
     </span>
     <span class='ocr_line' id='line_1_33' title="bbox 133 2568 671 2636; baseline 0.011 -20"><span class='ocrx_word' id='word_1_159' title='bbox 133 2568 185 2618; x_wconf 91' lang='lat' dir='ltr'>dus</span> <span class='ocrx_word' id='word_1_160' title='bbox 206 2583 274 2617; x_wconf 87' lang='lat' dir='ltr'>uxor</span> <span class='ocrx_word' id='word_1_161' title='bbox 287 2578 336 2629; x_wconf 87' lang='lat' dir='ltr'>est,</span> <span class='ocrx_word' id='word_1_162' title='bbox 355 2569 377 2619; x_wconf 94' lang='lat' dir='ltr'>si</span> <span class='ocrx_word' id='word_1_163' title='bbox 393 2578 501 2636; x_wconf 87' lang='lat' dir='ltr'>excepta</span> <span class='ocrx_word' id='word_1_164' title='bbox 515 2586 595 2622; x_wconf 89' lang='lat' dir='ltr'>causa</span> <span class='ocrx_word' id='word_1_165' title='bbox 612 2570 671 2622; x_wconf 87' lang='lat' dir='ltr'>for-</span> 
     </span>
     <span class='ocr_line' id='line_1_34' title="bbox 134 2639 670 2702; baseline 0.015 -14"><span class='ocrx_word' id='word_1_166' title='bbox 134 2639 284 2702; x_wconf 85' lang='lat' dir='ltr'>nicationis,</span> <span class='ocrx_word' id='word_1_167' title='bbox 301 2658 356 2691; x_wconf 90' lang='lat' dir='ltr'>non</span> <span class='ocrx_word' id='word_1_168' title='bbox 373 2642 435 2692; x_wconf 89' lang='lat' dir='ltr'>licet</span> <span class='ocrx_word' id='word_1_169' title='bbox 452 2658 511 2693; x_wconf 88' lang='lat' dir='ltr'>eam</span> <span class='ocrx_word' id='word_1_170' title='bbox 524 2644 670 2697; x_wconf 85' lang='lat' dir='ltr'>dimittere.</span> 
     </span>
    </p>
   </div>
   <div class='ocr_carea' id='block_1_4' title="bbox 47 2710 670 2778">
    <p class='ocr_par' dir='ltr' id='par_1_5' title="bbox 47 2710 670 2778">
     <span class='ocr_line' id='line_1_35' title="bbox 47 2710 670 2778; baseline 0.016 -20"><span class='ocrx_word' id='word_1_171' title='bbox 47 2746 50 2750; x_wconf 51' lang='grc'><strong><em>,</em></strong></span> <span class='ocrx_word' id='word_1_172' title='bbox 135 2710 209 2771; x_wconf 88' lang='lat' dir='ltr'>Quid</span> <span class='ocrx_word' id='word_1_173' title='bbox 235 2713 309 2761; x_wconf 90' lang='lat' dir='ltr'>enim</span> <span class='ocrx_word' id='word_1_174' title='bbox 333 2713 355 2762; x_wconf 89' lang='lat' dir='ltr'>si</span> <span class='ocrx_word' id='word_1_175' title='bbox 373 2716 518 2765; x_wconf 89' lang='lat' dir='ltr'>temulenta</span> <span class='ocrx_word' id='word_1_176' title='bbox 532 2715 624 2778; x_wconf 88' lang='lat' dir='ltr'>fuerit,</span> <span class='ocrx_word' id='word_1_177' title='bbox 647 2719 670 2768; x_wconf 91' lang='lat' dir='ltr'>si</span> 
     </span>
    </p>
   </div>
   <div class='ocr_carea' id='block_1_5' title="bbox 134 2780 673 3923">
    <p class='ocr_par' dir='ltr' id='par_1_6' title="bbox 134 2780 672 3205">
     <span class='ocr_line' id='line_1_36' title="bbox 134 2780 672 2851; baseline 0.013 -21"><span class='ocrx_word' id='word_1_178' title='bbox 134 2780 270 2845; x_wconf 90' lang='lat' dir='ltr'>iracunda,</span> <span class='ocrx_word' id='word_1_179' title='bbox 283 2783 305 2831; x_wconf 92' lang='lat' dir='ltr'>si</span> <span class='ocrx_word' id='word_1_180' title='bbox 319 2783 420 2848; x_wconf 88' lang='lat' dir='ltr'>gulosa,</span> <span class='ocrx_word' id='word_1_181' title='bbox 435 2784 458 2834; x_wconf 90' lang='lat' dir='ltr'>si</span> <span class='ocrx_word' id='word_1_182' title='bbox 473 2800 547 2851; x_wconf 88' lang='lat' dir='ltr'>vaga,</span> <span class='ocrx_word' id='word_1_183' title='bbox 562 2787 585 2835; x_wconf 90' lang='lat' dir='ltr'>si</span> <span class='ocrx_word' id='word_1_184' title='bbox 601 2803 672 2837; x_wconf 91' lang='lat' dir='ltr'>mor·</span> 
     </span>
     <span class='ocr_line' id='line_1_37' title="bbox 134 2854 671 2921; baseline 0.011 -18"><span class='ocrx_word' id='word_1_185' title='bbox 134 2854 210 2914; x_wconf 87' lang='lat' dir='ltr'>bosa,</span> <span class='ocrx_word' id='word_1_186' title='bbox 227 2854 250 2903; x_wconf 94' lang='lat' dir='ltr'>si</span> <span class='ocrx_word' id='word_1_187' title='bbox 263 2855 402 2921; x_wconf 85' lang='lat' dir='ltr'>jurgatrix,</span> <span class='ocrx_word' id='word_1_188' title='bbox 416 2855 438 2904; x_wconf 93' lang='lat' dir='ltr'>si</span> <span class='ocrx_word' id='word_1_189' title='bbox 453 2857 603 2908; x_wconf 77' lang='lat' dir='ltr'>maledica?</span> <span class='ocrx_word' id='word_1_190' title='bbox 626 2860 671 2909; x_wconf 88' lang='lat' dir='ltr'>Ti·</span> 
     </span>
     <span class='ocr_line' id='line_1_38' title="bbox 135 2924 671 2990; baseline 0.013 -17"><span class='ocrx_word' id='word_1_191' title='bbox 135 2924 232 2974; x_wconf 89' lang='lat' dir='ltr'>menda</span> <span class='ocrx_word' id='word_1_192' title='bbox 247 2925 297 2974; x_wconf 89' lang='lat' dir='ltr'>erit</span> <span class='ocrx_word' id='word_1_193' title='bbox 316 2925 481 2990; x_wconf 88' lang='lat' dir='ltr'>hujusmodi,</span> <span class='ocrx_word' id='word_1_194' title='bbox 499 2927 602 2990; x_wconf 88' lang='lat' dir='ltr'>eterit,</span> <span class='ocrx_word' id='word_1_195' title='bbox 622 2946 671 2980; x_wconf 90' lang='lat' dir='ltr'>ve-</span> 
     </span>
     <span class='ocr_line' id='line_1_39' title="bbox 136 2994 670 3058; baseline 0.015 -13"><span class='ocrx_word' id='word_1_196' title='bbox 136 2994 230 3054; x_wconf 91' lang='lat' dir='ltr'>limus,</span> <span class='ocrx_word' id='word_1_197' title='bbox 257 2995 387 3058; x_wconf 88' lang='lat' dir='ltr'>nolimus,</span> <span class='ocrx_word' id='word_1_198' title='bbox 404 2998 570 3051; x_wconf 85' lang='lat' dir='ltr'>sustinenda.</span> <span class='ocrx_word' id='word_1_199' title='bbox 600 3002 670 3053; x_wconf 91' lang='lat' dir='ltr'>Cum</span> 
     </span>
     <span class='ocr_line' id='line_1_40' title="bbox 135 3067 670 3131; baseline 0.021 -15"><span class='ocrx_word' id='word_1_200' title='bbox 135 3067 210 3118; x_wconf 89' lang='lat' dir='ltr'>enim</span> <span class='ocrx_word' id='word_1_201' title='bbox 221 3068 300 3118; x_wconf 89' lang='lat' dir='ltr'>liberi</span> <span class='ocrx_word' id='word_1_202' title='bbox 317 3086 445 3131; x_wconf 88' lang='lat' dir='ltr'>essemus,</span> <span class='ocrx_word' id='word_1_203' title='bbox 457 3072 606 3126; x_wconf 87' lang='lat' dir='ltr'>voluntarie</span> <span class='ocrx_word' id='word_1_204' title='bbox 620 3092 670 3126; x_wconf 91' lang='lat' dir='ltr'>nos</span> 
     </span>
     <span class='ocr_line' id='line_1_41' title="bbox 135 3136 474 3205; baseline 0.003 -16"><span class='ocrx_word' id='word_1_205' title='bbox 135 3136 257 3189; x_wconf 87' lang='lat' dir='ltr'>servituti</span> <span class='ocrx_word' id='word_1_206' title='bbox 272 3141 443 3205; x_wconf 89' lang='lat' dir='ltr'>subjecimus.</span> <span class='ocrx_word' id='word_1_207' title='bbox 460 3163 474 3191; x_wconf 76' lang='lat' dir='ltr'>n</span> 
     </span>
    </p>

    <p class='ocr_par' dir='ltr' id='par_1_7' title="bbox 135 3209 673 3923">
     <span class='ocr_line' id='line_1_42' title="bbox 167 3209 670 3274; baseline 0.02 -15"><span class='ocrx_word' id='word_1_208' title='bbox 167 3225 186 3274; x_wconf 91' lang='lat'>4</span> <span class='ocrx_word' id='word_1_209' title='bbox 199 3209 258 3260; x_wconf 81' lang='lat' dir='ltr'>Cuu</span> <span class='ocrx_word' id='word_1_210' title='bbox 275 3225 327 3260; x_wconf 77' lang='lat' dir='ltr'>sou</span> <span class='ocrx_word' id='word_1_211' title='bbox 342 3228 426 3263; x_wconf 79' lang='lat' dir='ltr'>ouum</span> <span class='ocrx_word' id='word_1_212' title='bbox 437 3229 537 3266; x_wconf 73' lang='lat' dir='ltr'>carena</span> <span class='ocrx_word' id='word_1_213' title='bbox 553 3233 670 3268; x_wconf 79' lang='lat' dir='ltr'>rossuur</span> 
     </span>
     <span class='ocr_line' id='line_1_43' title="bbox 136 3285 671 3348; baseline 0.017 -17"><span class='ocrx_word' id='word_1_214' title='bbox 136 3297 319 3348; x_wconf 72' lang='lat' dir='ltr'>conmissurus·</span> <span class='ocrx_word' id='word_1_215' title='bbox 342 3285 464 3335; x_wconf 74' lang='lat' dir='ltr'>vannum?</span> <span class='ocrx_word' id='word_1_216' title='bbox 485 3315 515 3325; x_wconf 92' lang='lat'><em>-</em></span> <span class='ocrx_word' id='word_1_217' title='bbox 541 3289 574 3339; x_wconf 88' lang='lat' dir='ltr'>Et</span> <span class='ocrx_word' id='word_1_218' title='bbox 597 3289 671 3340; x_wconf 85' lang='lat' dir='ltr'>dixit</span> 
     </span>
     <span class='ocr_line' id='line_1_44' title="bbox 135 3351 668 3423; baseline 0.021 -23"><span class='ocrx_word' id='word_1_219' title='bbox 135 3351 270 3401; x_wconf 90' lang='lat' dir='ltr'>Dominus</span> <span class='ocrx_word' id='word_1_220' title='bbox 295 3354 482 3418; x_wconf 90' lang='lat' dir='ltr'>respondendo</span> <span class='ocrx_word' id='word_1_221' title='bbox 506 3357 668 3423; x_wconf 89' lang='lat' dir='ltr'>discipulis:</span> 
     </span>
     <span class='ocr_line' id='line_1_45' title="bbox 136 3421 670 3489; baseline 0.013 -16"><span class='ocrx_word' id='word_1_222' title='bbox 136 3421 199 3473; x_wconf 90' lang='lat' dir='ltr'>Nou</span> <span class='ocrx_word' id='word_1_223' title='bbox 224 3437 314 3474; x_wconf 86' lang='lat' dir='ltr'>omnes</span> <span class='ocrx_word' id='word_1_224' title='bbox 337 3426 446 3489; x_wconf 84' lang='lat' dir='ltr'>capiunt</span> <span class='ocrx_word' id='word_1_225' title='bbox 469 3428 575 3478; x_wconf 82' lang='lat' dir='ltr'>verbum</span> <span class='ocrx_word' id='word_1_226' title='bbox 597 3430 670 3480; x_wconf 85' lang='lat' dir='ltr'>istud</span> 
     </span>
     <span class='ocr_line' id='line_1_46' title="bbox 135 3495 671 3565; baseline 0.019 -22"><span class='ocrx_word' id='word_1_227' title='bbox 135 3495 319 3559; x_wconf 82' lang='lat' dir='ltr'>continentiae,</span> <span class='ocrx_word' id='word_1_228' title='bbox 335 3496 437 3549; x_wconf 91' lang='lat' dir='ltr'>scilicet</span> <span class='ocrx_word' id='word_1_229' title='bbox 456 3508 486 3548; x_wconf 92' lang='lat' dir='ltr'>ut</span> <span class='ocrx_word' id='word_1_230' title='bbox 500 3499 630 3565; x_wconf 90' lang='lat' dir='ltr'>impleant</span> <span class='ocrx_word' id='word_1_231' title='bbox 645 3512 671 3553; x_wconf 86' lang='lat' dir='ltr'>et</span> 
     </span>
     <span class='ocr_line' id='line_1_47' title="bbox 135 3567 671 3635; baseline 0.019 -21"><span class='ocrx_word' id='word_1_232' title='bbox 135 3578 163 3614; x_wconf 92' lang='lat' dir='ltr'>se</span> <span class='ocrx_word' id='word_1_233' title='bbox 177 3567 341 3629; x_wconf 86' lang='lat' dir='ltr'>contineant,</span> <span class='ocrx_word' id='word_1_234' title='bbox 358 3569 423 3635; x_wconf 92' lang='lat' dir='ltr'>quia</span> <span class='ocrx_word' id='word_1_235' title='bbox 445 3586 500 3620; x_wconf 88' lang='lat' dir='ltr'>non</span> <span class='ocrx_word' id='word_1_236' title='bbox 514 3587 610 3623; x_wconf 90' lang='lat' dir='ltr'>omnes</span> <span class='ocrx_word' id='word_1_237' title='bbox 627 3589 671 3624; x_wconf 89' lang='lat' dir='ltr'>ca-</span> 
     </span>
     <span class='ocr_line' id='line_1_48' title="bbox 136 3639 671 3710; baseline 0.017 -23"><span class='ocrx_word' id='word_1_238' title='bbox 136 3651 199 3701; x_wconf 85' lang='lat' dir='ltr'>pere</span> <span class='ocrx_word' id='word_1_239' title='bbox 218 3639 322 3701; x_wconf 88' lang='lat' dir='ltr'>volunt,</span> <span class='ocrx_word' id='word_1_240' title='bbox 345 3657 394 3691; x_wconf 92' lang='lat' dir='ltr'>nec</span> <span class='ocrx_word' id='word_1_241' title='bbox 415 3657 510 3693; x_wconf 90' lang='lat' dir='ltr'>omnes</span> <span class='ocrx_word' id='word_1_242' title='bbox 531 3654 671 3710; x_wconf 88' lang='lat' dir='ltr'>acceptum</span> 
     </span>
     <span class='ocr_line' id='line_1_49' title="bbox 135 3707 672 3769; baseline 0.02 -13"><span class='ocrx_word' id='word_1_243' title='bbox 135 3707 243 3769; x_wconf 87' lang='lat' dir='ltr'>habent,</span> <span class='ocrx_word' id='word_1_244' title='bbox 267 3712 357 3763; x_wconf 89' lang='lat' dir='ltr'>audiet</span> <span class='ocrx_word' id='word_1_245' title='bbox 379 3711 450 3763; x_wconf 91' lang='lat' dir='ltr'>enim</span> <span class='ocrx_word' id='word_1_246' title='bbox 474 3715 629 3766; x_wconf 82' lang='lat' dir='ltr'>luxuriosus</span> <span class='ocrx_word' id='word_1_247' title='bbox 646 3726 672 3768; x_wconf 88' lang='lat' dir='ltr'>et</span> 
     </span>
     <span class='ocr_line' id='line_1_50' title="bbox 137 3777 673 3849; baseline 0.022 -23"><span class='ocrx_word' id='word_1_248' title='bbox 137 3777 261 3844; x_wconf 89' lang='lat' dir='ltr'>displicet</span> <span class='ocrx_word' id='word_1_249' title='bbox 279 3783 317 3845; x_wconf 76' lang='lat' dir='ltr'>ei,</span> <span class='ocrx_word' id='word_1_250' title='bbox 342 3784 392 3834; x_wconf 87' lang='lat' dir='ltr'>sed</span> <span class='ocrx_word' id='word_1_251' title='bbox 406 3784 501 3849; x_wconf 83' lang='lat' dir='ltr'>quibus</span> <span class='ocrx_word' id='word_1_252' title='bbox 518 3785 610 3836; x_wconf 80' lang='lat' dir='ltr'>datum</span> <span class='ocrx_word' id='word_1_253' title='bbox 632 3793 673 3838; x_wconf 87' lang='lat' dir='ltr'>est</span> 
     </span>
     <span class='ocr_line' id='line_1_51' title="bbox 138 3849 673 3923; baseline 0.022 -25"><span class='ocrx_word' id='word_1_254' title='bbox 138 3863 154 3898; x_wconf 87' lang='lat' dir='ltr'>a</span> <span class='ocrx_word' id='word_1_255' title='bbox 168 3849 224 3900; x_wconf 89' lang='lat' dir='ltr'>Deo</span> <span class='ocrx_word' id='word_1_256' title='bbox 242 3866 274 3901; x_wconf 90' lang='lat' dir='ltr'>ex</span> <span class='ocrx_word' id='word_1_257' title='bbox 288 3853 396 3918; x_wconf 87' lang='lat' dir='ltr'>speciali</span> <span class='ocrx_word' id='word_1_258' title='bbox 411 3869 532 3919; x_wconf 90' lang='lat' dir='ltr'>munere,</span> <span class='ocrx_word' id='word_1_259' title='bbox 547 3857 611 3923; x_wconf 92' lang='lat' dir='ltr'>quia</span> <span class='ocrx_word' id='word_1_260' title='bbox 624 3867 673 3910; x_wconf 85' lang='lat' dir='ltr'>sta-</span> 
     </span>
    </p>
   </div>
   <div class='ocr_carea' id='block_1_6' title="bbox 719 355 1283 3068">
    <p class='ocr_par' dir='ltr' id='par_1_8' title="bbox 719 355 1283 3068">
     <span class='ocr_line' id='line_1_52' title="bbox 728 355 1259 424; baseline 0.013 -20"><span class='ocrx_word' id='word_1_261' title='bbox 728 363 772 404; x_wconf 86' lang='lat' dir='ltr'>tus</span> <span class='ocrx_word' id='word_1_262' title='bbox 786 355 856 406; x_wconf 90' lang='lat' dir='ltr'>altus</span> <span class='ocrx_word' id='word_1_263' title='bbox 866 367 914 416; x_wconf 85' lang='lat' dir='ltr'>est,</span> <span class='ocrx_word' id='word_1_264' title='bbox 925 358 958 409; x_wconf 88' lang='lat' dir='ltr'>ad</span> <span class='ocrx_word' id='word_1_265' title='bbox 968 373 1049 424; x_wconf 84' lang='lat' dir='ltr'>quem</span> <span class='ocrx_word' id='word_1_266' title='bbox 1065 375 1120 408; x_wconf 90' lang='lat' dir='ltr'>non</span> <span class='ocrx_word' id='word_1_267' title='bbox 1131 360 1259 419; x_wconf 85' lang='lat' dir='ltr'>valemus,</span> 
     </span>
     <span class='ocr_line' id='line_1_53' title="bbox 728 424 1260 492; baseline 0.015 -19"><span class='ocrx_word' id='word_1_268' title='bbox 728 424 781 474; x_wconf 87' lang='lat' dir='ltr'>nisi</span> <span class='ocrx_word' id='word_1_269' title='bbox 794 441 825 475; x_wconf 84' lang='lat' dir='ltr'>ex</span> <span class='ocrx_word' id='word_1_270' title='bbox 838 427 931 492; x_wconf 87' lang='lat' dir='ltr'>gratia,</span> <span class='ocrx_word' id='word_1_271' title='bbox 942 430 1091 480; x_wconf 85' lang='lat' dir='ltr'>ascendere.</span> <span class='ocrx_word' id='word_1_272' title='bbox 1104 430 1184 480; x_wconf 85' lang='lat' dir='ltr'>Unde</span> <span class='ocrx_word' id='word_1_273' title='bbox 1196 431 1260 481; x_wconf 91' lang='lat' dir='ltr'>dicit</span> 
     </span>
     <span class='ocr_line' id='line_1_54' title="bbox 728 495 1262 565; baseline 0.013 -21"><span class='ocrx_word' id='word_1_274' title='bbox 728 495 842 561; x_wconf 83' lang='lat' dir='ltr'>Sapiens</span> <span class='ocrx_word' id='word_1_275' title='bbox 869 499 943 563; x_wconf 89' lang='lat' dir='ltr'>quod</span> <span class='ocrx_word' id='word_1_276' title='bbox 969 500 1056 550; x_wconf 86' lang='lat' dir='ltr'>Nemo</span> <span class='ocrx_word' id='word_1_277' title='bbox 1086 505 1177 565; x_wconf 76' lang='lat' dir='ltr'>potest</span> <span class='ocrx_word' id='word_1_278' title='bbox 1204 515 1262 551; x_wconf 85' lang='lat' dir='ltr'>erse</span> 
     </span>
     <span class='ocr_line' id='line_1_55' title="bbox 727 569 1259 634; baseline 0.011 -16"><span class='ocrx_word' id='word_1_279' title='bbox 727 569 870 634; x_wconf 83' lang='lat' dir='ltr'>continens,</span> <span class='ocrx_word' id='word_1_280' title='bbox 895 571 949 621; x_wconf 84' lang='lat' dir='ltr'>uisi</span> <span class='ocrx_word' id='word_1_281' title='bbox 972 572 1047 622; x_wconf 86' lang='lat' dir='ltr'>Deus</span> <span class='ocrx_word' id='word_1_282' title='bbox 1061 572 1112 622; x_wconf 83' lang='lat' dir='ltr'>det.</span> <span class='ocrx_word' id='word_1_283' title='bbox 1130 574 1168 623; x_wconf 85' lang='lat' dir='ltr'>Ac</span> <span class='ocrx_word' id='word_1_284' title='bbox 1179 573 1203 623; x_wconf 88' lang='lat' dir='ltr'>si</span> <span class='ocrx_word' id='word_1_285' title='bbox 1217 574 1259 624; x_wconf 92' lang='lat' dir='ltr'>di·</span> 
     </span>
     <span class='ocr_line' id='line_1_56' title="bbox 726 642 1260 712; baseline 0.007 -21"><span class='ocrx_word' id='word_1_286' title='bbox 726 652 768 691; x_wconf 92' lang='lat' dir='ltr'>cat</span> <span class='ocrx_word' id='word_1_287' title='bbox 783 658 789 692; x_wconf 92' lang='lat'><strong>:</strong></span> <span class='ocrx_word' id='word_1_288' title='bbox 806 642 867 692; x_wconf 90' lang='lat' dir='ltr'>Non</span> <span class='ocrx_word' id='word_1_289' title='bbox 886 658 956 703; x_wconf 89' lang='lat' dir='ltr'>casu,</span> <span class='ocrx_word' id='word_1_290' title='bbox 975 660 1023 694; x_wconf 87' lang='lat' dir='ltr'>seu</span> <span class='ocrx_word' id='word_1_291' title='bbox 1047 645 1154 695; x_wconf 86' lang='lat' dir='ltr'>fortuna</span> <span class='ocrx_word' id='word_1_292' title='bbox 1175 646 1260 712; x_wconf 82' lang='lat' dir='ltr'>virgi·</span> 
     </span>
     <span class='ocr_line' id='line_1_57' title="bbox 727 712 1260 782; baseline 0.009 -20"><span class='ocrx_word' id='word_1_293' title='bbox 727 727 774 762; x_wconf 88' lang='lat' dir='ltr'>nes</span> <span class='ocrx_word' id='word_1_294' title='bbox 788 712 870 777; x_wconf 81' lang='lat' dir='ltr'>fiunt3</span> <span class='ocrx_word' id='word_1_295' title='bbox 886 715 933 764; x_wconf 86' lang='lat' dir='ltr'>sed</span> <span class='ocrx_word' id='word_1_296' title='bbox 948 715 995 782; x_wconf 92' lang='lat' dir='ltr'>qui</span> <span class='ocrx_word' id='word_1_297' title='bbox 1016 731 1032 766; x_wconf 93' lang='lat' dir='ltr'>a</span> <span class='ocrx_word' id='word_1_298' title='bbox 1049 716 1107 766; x_wconf 86' lang='lat' dir='ltr'>Deo</span> <span class='ocrx_word' id='word_1_299' title='bbox 1121 726 1217 780; x_wconf 89' lang='lat' dir='ltr'>petunt</span> <span class='ocrx_word' id='word_1_300' title='bbox 1236 728 1260 768; x_wconf 91' lang='lat' dir='ltr'>et</span> 
     </span>
     <span class='ocr_line' id='line_1_58' title="bbox 726 781 1259 850; baseline 0.009 -18"><span class='ocrx_word' id='word_1_301' title='bbox 726 781 847 833; x_wconf 82' lang='lat' dir='ltr'>laborant</span> <span class='ocrx_word' id='word_1_302' title='bbox 865 794 897 834; x_wconf 89' lang='lat' dir='ltr'>ut</span> <span class='ocrx_word' id='word_1_303' title='bbox 910 785 1049 850; x_wconf 86' lang='lat' dir='ltr'>accipiant.</span> <span class='ocrx_word' id='word_1_304' title='bbox 1065 786 1144 836; x_wconf 90' lang='lat' dir='ltr'>Unde</span> <span class='ocrx_word' id='word_1_305' title='bbox 1157 786 1259 837; x_wconf 83' lang='lat' dir='ltr'>Hiero·</span> 
     </span>
     <span class='ocr_line' id='line_1_59' title="bbox 725 856 1259 922; baseline 0.009 -19"><span class='ocrx_word' id='word_1_306' title='bbox 725 869 825 922; x_wconf 85' lang='lat' dir='ltr'>nymus</span> <span class='ocrx_word' id='word_1_307' title='bbox 845 873 855 905; x_wconf 89' lang='lat'>.·</span> <span class='ocrx_word' id='word_1_308' title='bbox 879 873 893 902; x_wconf 79' lang='lat' dir='ltr'>a</span> <span class='ocrx_word' id='word_1_309' title='bbox 917 856 1003 905; x_wconf 87' lang='lat' dir='ltr'>Nemo</span> <span class='ocrx_word' id='word_1_310' title='bbox 1027 866 1101 921; x_wconf 90' lang='lat' dir='ltr'>putet</span> <span class='ocrx_word' id='word_1_311' title='bbox 1125 857 1177 907; x_wconf 86' lang='lat' dir='ltr'>sub</span> <span class='ocrx_word' id='word_1_312' title='bbox 1210 858 1259 908; x_wconf 88' lang='lat' dir='ltr'>hoc</span> 
     </span>
     <span class='ocr_line' id='line_1_60' title="bbox 724 927 1261 987; baseline 0.007 -12"><span class='ocrx_word' id='word_1_313' title='bbox 724 927 815 987; x_wconf 82' lang='lat' dir='ltr'>verbo,</span> <span class='ocrx_word' id='word_1_314' title='bbox 833 928 875 977; x_wconf 90' lang='lat' dir='ltr'>vel</span> <span class='ocrx_word' id='word_1_315' title='bbox 896 929 982 978; x_wconf 82' lang='lat' dir='ltr'>fatum</span> <span class='ocrx_word' id='word_1_316' title='bbox 1003 929 1045 978; x_wconf 86' lang='lat' dir='ltr'>vel</span> <span class='ocrx_word' id='word_1_317' title='bbox 1065 928 1201 979; x_wconf 85' lang='lat' dir='ltr'>fortunam</span> <span class='ocrx_word' id='word_1_318' title='bbox 1215 930 1261 979; x_wconf 88' lang='lat' dir='ltr'>in-</span> 
     </span>
     <span class='ocr_line' id='line_1_61' title="bbox 724 999 1262 1067; baseline 0.006 -19"><span class='ocrx_word' id='word_1_319' title='bbox 724 999 838 1056; x_wconf 89' lang='lat' dir='ltr'>troduci.</span> <span class='ocrx_word' id='word_1_320' title='bbox 853 1001 926 1066; x_wconf 90' lang='lat' dir='ltr'>quod</span> <span class='ocrx_word' id='word_1_321' title='bbox 944 1000 972 1050; x_wconf 93' lang='lat' dir='ltr'>hi</span> <span class='ocrx_word' id='word_1_322' title='bbox 985 1009 1050 1050; x_wconf 89' lang='lat' dir='ltr'>sunt</span> <span class='ocrx_word' id='word_1_323' title='bbox 1063 999 1192 1066; x_wconf 82' lang='lat' dir='ltr'>virgines,</span> <span class='ocrx_word' id='word_1_324' title='bbox 1203 1001 1262 1067; x_wconf 87' lang='lat' dir='ltr'>qui-</span> 
     </span>
     <span class='ocr_line' id='line_1_62' title="bbox 725 1073 1260 1141; baseline 0.006 -19"><span class='ocrx_word' id='word_1_325' title='bbox 725 1073 776 1122; x_wconf 89' lang='lat' dir='ltr'>bus</span> <span class='ocrx_word' id='word_1_326' title='bbox 793 1088 808 1121; x_wconf 89' lang='lat' dir='ltr'>a</span> <span class='ocrx_word' id='word_1_327' title='bbox 824 1073 879 1123; x_wconf 92' lang='lat' dir='ltr'>Deo</span> <span class='ocrx_word' id='word_1_328' title='bbox 896 1075 988 1124; x_wconf 90' lang='lat' dir='ltr'>datum</span> <span class='ocrx_word' id='word_1_329' title='bbox 1002 1073 1038 1124; x_wconf 87' lang='lat' dir='ltr'>sit</span> <span class='ocrx_word' id='word_1_330' title='bbox 1052 1083 1097 1124; x_wconf 91' lang='lat' dir='ltr'>aut</span> <span class='ocrx_word' id='word_1_331' title='bbox 1110 1090 1181 1140; x_wconf 85' lang='lat' dir='ltr'>quos</span> <span class='ocrx_word' id='word_1_332' title='bbox 1196 1074 1260 1141; x_wconf 87' lang='lat' dir='ltr'>qui-</span> 
     </span>
     <span class='ocr_line' id='line_1_63' title="bbox 724 1142 1258 1207; baseline 0.007 -16"><span class='ocrx_word' id='word_1_333' title='bbox 724 1143 786 1192; x_wconf 88' lang='lat' dir='ltr'>dem</span> <span class='ocrx_word' id='word_1_334' title='bbox 812 1142 845 1192; x_wconf 86' lang='lat' dir='ltr'>ad</span> <span class='ocrx_word' id='word_1_335' title='bbox 868 1143 919 1192; x_wconf 90' lang='lat' dir='ltr'>hoc</span> <span class='ocrx_word' id='word_1_336' title='bbox 939 1159 1017 1194; x_wconf 88' lang='lat' dir='ltr'>casus</span> <span class='ocrx_word' id='word_1_337' title='bbox 1038 1143 1191 1207; x_wconf 60' lang='lat' dir='ltr'>adduxerim</span> <span class='ocrx_word' id='word_1_338' title='bbox 1213 1145 1258 1195; x_wconf 85' lang='lat' dir='ltr'>sed</span> 
     </span>
     <span class='ocr_line' id='line_1_64' title="bbox 724 1212 1258 1281; baseline 0.006 -19"><span class='ocrx_word' id='word_1_339' title='bbox 724 1212 769 1263; x_wconf 90' lang='lat' dir='ltr'>his</span> <span class='ocrx_word' id='word_1_340' title='bbox 792 1213 885 1262; x_wconf 87' lang='lat' dir='ltr'>datum</span> <span class='ocrx_word' id='word_1_341' title='bbox 908 1224 950 1264; x_wconf 91' lang='lat' dir='ltr'>est</span> <span class='ocrx_word' id='word_1_342' title='bbox 971 1215 1019 1280; x_wconf 89' lang='lat' dir='ltr'>qui</span> <span class='ocrx_word' id='word_1_343' title='bbox 1042 1215 1191 1280; x_wconf 84' lang='lat' dir='ltr'>petierunt,</span> <span class='ocrx_word' id='word_1_344' title='bbox 1211 1216 1258 1281; x_wconf 89' lang='lat' dir='ltr'>qui</span> 
     </span>
     <span class='ocr_line' id='line_1_65' title="bbox 724 1285 1260 1352; baseline 0.002 -17"><span class='ocrx_word' id='word_1_345' title='bbox 724 1285 876 1345; x_wconf 90' lang='lat' dir='ltr'>voluerunt,</span> <span class='ocrx_word' id='word_1_346' title='bbox 891 1285 938 1350; x_wconf 88' lang='lat' dir='ltr'>qui</span> <span class='ocrx_word' id='word_1_347' title='bbox 957 1296 988 1336; x_wconf 87' lang='lat' dir='ltr'>ut</span> <span class='ocrx_word' id='word_1_348' title='bbox 1006 1287 1160 1352; x_wconf 88' lang='lat' dir='ltr'>acciperent</span> <span class='ocrx_word' id='word_1_349' title='bbox 1180 1287 1260 1336; x_wconf 87' lang='lat' dir='ltr'>labo-</span> 
     </span>
     <span class='ocr_line' id='line_1_66' title="bbox 725 1358 1259 1424; baseline 0.002 -16"><span class='ocrx_word' id='word_1_350' title='bbox 725 1368 857 1408; x_wconf 88' lang='lat' dir='ltr'>raverunt.</span> <span class='ocrx_word' id='word_1_351' title='bbox 870 1358 955 1408; x_wconf 89' lang='lat' dir='ltr'>Omni</span> <span class='ocrx_word' id='word_1_352' title='bbox 970 1359 1044 1408; x_wconf 89' lang='lat' dir='ltr'>enim</span> <span class='ocrx_word' id='word_1_353' title='bbox 1063 1358 1164 1424; x_wconf 90' lang='lat' dir='ltr'>petenti</span> <span class='ocrx_word' id='word_1_354' title='bbox 1180 1359 1259 1409; x_wconf 82' lang='lat' dir='ltr'>dabi-</span> 
     </span>
     <span class='ocr_line' id='line_1_67' title="bbox 724 1424 1260 1497; baseline -0.002 -17"><span class='ocrx_word' id='word_1_355' title='bbox 724 1441 777 1490; x_wconf 91' lang='lat' dir='ltr'>tur,</span> <span class='ocrx_word' id='word_1_356' title='bbox 788 1440 814 1480; x_wconf 88' lang='lat' dir='ltr'>et</span> <span class='ocrx_word' id='word_1_357' title='bbox 823 1445 947 1495; x_wconf 87' lang='lat' dir='ltr'>quaerens</span> <span class='ocrx_word' id='word_1_358' title='bbox 958 1424 1086 1490; x_wconf 85' lang='lat' dir='ltr'>inveniet,</span> <span class='ocrx_word' id='word_1_359' title='bbox 1097 1437 1123 1480; x_wconf 92' lang='lat' dir='ltr'>et</span> <span class='ocrx_word' id='word_1_360' title='bbox 1135 1431 1260 1497; x_wconf 80' lang='lat' dir='ltr'>pulsanti</span> 
     </span>
     <span class='ocr_line' id='line_1_68' title="bbox 724 1501 1261 1567; baseline 0.002 -17"><span class='ocrx_word' id='word_1_361' title='bbox 724 1501 867 1567; x_wconf 84' lang='lat' dir='ltr'>aperietur.</span> <span class='ocrx_word' id='word_1_362' title='bbox 880 1520 894 1548; x_wconf 77' lang='lat' dir='ltr'>n</span> <span class='ocrx_word' id='word_1_363' title='bbox 905 1501 981 1551; x_wconf 90' lang='lat' dir='ltr'>Unde</span> <span class='ocrx_word' id='word_1_364' title='bbox 991 1510 1017 1551; x_wconf 94' lang='lat' dir='ltr'>et</span> <span class='ocrx_word' id='word_1_365' title='bbox 1029 1501 1261 1567; x_wconf 83' lang='lat' dir='ltr'>Chrysostomus:</span> 
     </span>
     <span class='ocr_line' id='line_1_69' title="bbox 725 1571 1257 1637; baseline 0.009 -20"><span class='ocrx_word' id='word_1_366' title='bbox 725 1588 738 1617; x_wconf 81' lang='lat' dir='ltr'>u</span> <span class='ocrx_word' id='word_1_367' title='bbox 756 1572 816 1621; x_wconf 90' lang='lat' dir='ltr'>Non</span> <span class='ocrx_word' id='word_1_368' title='bbox 839 1571 916 1634; x_wconf 88' lang='lat' dir='ltr'>dixit,</span> <span class='ocrx_word' id='word_1_369' title='bbox 934 1588 989 1621; x_wconf 90' lang='lat' dir='ltr'>non</span> <span class='ocrx_word' id='word_1_370' title='bbox 1011 1587 1106 1622; x_wconf 90' lang='lat' dir='ltr'>omnes</span> <span class='ocrx_word' id='word_1_371' title='bbox 1130 1583 1257 1637; x_wconf 89' lang='lat' dir='ltr'>possunt;</span> 
     </span>
     <span class='ocr_line' id='line_1_70' title="bbox 724 1644 1260 1710; baseline 0.002 -17"><span class='ocrx_word' id='word_1_372' title='bbox 724 1644 780 1704; x_wconf 89' lang='lat' dir='ltr'>sed,</span> <span class='ocrx_word' id='word_1_373' title='bbox 794 1659 845 1694; x_wconf 87' lang='lat' dir='ltr'>uon</span> <span class='ocrx_word' id='word_1_374' title='bbox 863 1657 952 1694; x_wconf 86' lang='lat' dir='ltr'>omnes</span> <span class='ocrx_word' id='word_1_375' title='bbox 970 1645 1087 1710; x_wconf 83' lang='lat' dir='ltr'>capiunt,</span> <span class='ocrx_word' id='word_1_376' title='bbox 1106 1644 1136 1693; x_wconf 91' lang='lat' dir='ltr'>id</span> <span class='ocrx_word' id='word_1_377' title='bbox 1146 1653 1189 1694; x_wconf 89' lang='lat' dir='ltr'>est</span> <span class='ocrx_word' id='word_1_378' title='bbox 1199 1660 1260 1694; x_wconf 83' lang='lat' dir='ltr'>om·</span> 
     </span>
     <span class='ocr_line' id='line_1_71' title="bbox 724 1726 1260 1783; baseline 0.004 -18"><span class='ocrx_word' id='word_1_379' title='bbox 724 1731 771 1766; x_wconf 88' lang='lat' dir='ltr'>nes</span> <span class='ocrx_word' id='word_1_380' title='bbox 783 1732 876 1783; x_wconf 87' lang='lat' dir='ltr'>capere</span> <span class='ocrx_word' id='word_1_381' title='bbox 887 1726 1010 1782; x_wconf 84' lang='lat' dir='ltr'>possunt,</span> <span class='ocrx_word' id='word_1_382' title='bbox 1026 1732 1081 1765; x_wconf 90' lang='lat' dir='ltr'>non</span> <span class='ocrx_word' id='word_1_383' title='bbox 1103 1726 1194 1766; x_wconf 86' lang='lat' dir='ltr'>tamen</span> <span class='ocrx_word' id='word_1_384' title='bbox 1215 1732 1260 1767; x_wconf 85' lang='lat' dir='ltr'>ca-</span> 
     </span>
     <span class='ocr_line' id='line_1_72' title="bbox 725 1788 1259 1855; baseline -0.002 -16"><span class='ocrx_word' id='word_1_385' title='bbox 725 1805 787 1855; x_wconf 86' lang='lat' dir='ltr'>pere</span> <span class='ocrx_word' id='word_1_386' title='bbox 812 1789 915 1840; x_wconf 87' lang='lat' dir='ltr'>volunt.</span> <span class='ocrx_word' id='word_1_387' title='bbox 941 1788 968 1838; x_wconf 91' lang='lat' dir='ltr'>Si</span> <span class='ocrx_word' id='word_1_388' title='bbox 999 1789 1073 1839; x_wconf 87' lang='lat' dir='ltr'>enim</span> <span class='ocrx_word' id='word_1_389' title='bbox 1095 1788 1208 1854; x_wconf 89' lang='lat' dir='ltr'>quidam</span> <span class='ocrx_word' id='word_1_390' title='bbox 1231 1789 1259 1839; x_wconf 89' lang='lat' dir='ltr'>in</span> 
     </span>
     <span class='ocr_line' id='line_1_73' title="bbox 725 1859 1261 1926; baseline 0 -16"><span class='ocrx_word' id='word_1_391' title='bbox 725 1875 815 1926; x_wconf 86' lang='lat' dir='ltr'>pugna</span> <span class='ocrx_word' id='word_1_392' title='bbox 832 1860 938 1918; x_wconf 89' lang='lat' dir='ltr'>cadunt,</span> <span class='ocrx_word' id='word_1_393' title='bbox 963 1875 1013 1909; x_wconf 90' lang='lat' dir='ltr'>nos</span> <span class='ocrx_word' id='word_1_394' title='bbox 1033 1859 1187 1910; x_wconf 85' lang='lat' dir='ltr'>cadentium</span> <span class='ocrx_word' id='word_1_395' title='bbox 1211 1876 1261 1910; x_wconf 88' lang='lat' dir='ltr'>ne-</span> 
     </span>
     <span class='ocr_line' id='line_1_74' title="bbox 725 1930 1260 1998; baseline 0 -18"><span class='ocrx_word' id='word_1_396' title='bbox 725 1931 860 1998; x_wconf 85' lang='lat' dir='ltr'>gligentiae</span> <span class='ocrx_word' id='word_1_397' title='bbox 885 1931 1017 1996; x_wconf 89' lang='lat' dir='ltr'>imputare</span> <span class='ocrx_word' id='word_1_398' title='bbox 1043 1930 1183 1989; x_wconf 87' lang='lat' dir='ltr'>debemus,</span> <span class='ocrx_word' id='word_1_399' title='bbox 1206 1932 1260 1981; x_wconf 84' lang='lat' dir='ltr'>non</span> 
     </span>
     <span class='ocr_line' id='line_1_75' title="bbox 725 2001 1258 2060; baseline -0.002 -8"><span class='ocrx_word' id='word_1_400' title='bbox 725 2003 875 2054; x_wconf 87' lang='lat' dir='ltr'>difficultati</span> <span class='ocrx_word' id='word_1_401' title='bbox 893 2002 1009 2053; x_wconf 87' lang='lat' dir='ltr'>virtutis.</span> <span class='ocrx_word' id='word_1_402' title='bbox 1032 2001 1148 2060; x_wconf 87' lang='lat' dir='ltr'>Quando</span> <span class='ocrx_word' id='word_1_403' title='bbox 1170 2011 1258 2051; x_wconf 87' lang='lat' dir='ltr'>autem</span> 
     </span>
     <span class='ocr_line' id='line_1_76' title="bbox 725 2073 1262 2135; baseline -0.004 -11"><span class='ocrx_word' id='word_1_404' title='bbox 725 2074 814 2124; x_wconf 84' lang='lat' dir='ltr'>dicit:</span> <span class='ocrx_word' id='word_1_405' title='bbox 831 2073 933 2135; x_wconf 84' lang='lat' dir='ltr'>Quibus</span> <span class='ocrx_word' id='word_1_406' title='bbox 947 2074 1038 2123; x_wconf 88' lang='lat' dir='ltr'>datum</span> <span class='ocrx_word' id='word_1_407' title='bbox 1054 2078 1111 2132; x_wconf 89' lang='lat' dir='ltr'>est;</span> <span class='ocrx_word' id='word_1_408' title='bbox 1134 2087 1189 2121; x_wconf 89' lang='lat' dir='ltr'>non</span> <span class='ocrx_word' id='word_1_409' title='bbox 1211 2073 1262 2123; x_wconf 89' lang='lat' dir='ltr'>hoc</span> 
     </span>
     <span class='ocr_line' id='line_1_77' title="bbox 725 2143 1260 2211; baseline 0 -16"><span class='ocrx_word' id='word_1_410' title='bbox 725 2144 858 2211; x_wconf 84' lang='lat' dir='ltr'>significat</span> <span class='ocrx_word' id='word_1_411' title='bbox 881 2143 1010 2209; x_wconf 89' lang='lat' dir='ltr'>quoniam</span> <span class='ocrx_word' id='word_1_412' title='bbox 1032 2143 1196 2209; x_wconf 85' lang='lat' dir='ltr'>quibusdam</span> <span class='ocrx_word' id='word_1_413' title='bbox 1212 2144 1260 2195; x_wconf 83' lang='lat' dir='ltr'>da·</span> 
     </span>
     <span class='ocr_line' id='line_1_78' title="bbox 725 2217 1283 2284; baseline -0.005 -14"><span class='ocrx_word' id='word_1_414' title='bbox 725 2230 784 2283; x_wconf 88' lang='lat' dir='ltr'>tur,</span> <span class='ocrx_word' id='word_1_415' title='bbox 815 2217 978 2284; x_wconf 89' lang='lat' dir='ltr'>quibusdam</span> <span class='ocrx_word' id='word_1_416' title='bbox 1002 2233 1058 2266; x_wconf 88' lang='lat' dir='ltr'>non</span> <span class='ocrx_word' id='word_1_417' title='bbox 1088 2217 1184 2279; x_wconf 80' lang='lat' dir='ltr'>datur3</span> <span class='ocrx_word' id='word_1_418' title='bbox 1214 2217 1283 2267; x_wconf 85' lang='lat' dir='ltr'>sed=</span> 
     </span>
     <span class='ocr_line' id='line_1_79' title="bbox 725 2287 1260 2353; baseline -0.007 -13"><span class='ocrx_word' id='word_1_419' title='bbox 725 2290 792 2341; x_wconf 93' lang='lat' dir='ltr'>illud</span> <span class='ocrx_word' id='word_1_420' title='bbox 813 2289 940 2346; x_wconf 89' lang='lat' dir='ltr'>ostendit,</span> <span class='ocrx_word' id='word_1_421' title='bbox 966 2287 1030 2353; x_wconf 89' lang='lat' dir='ltr'>quia</span> <span class='ocrx_word' id='word_1_422' title='bbox 1053 2287 1105 2337; x_wconf 87' lang='lat' dir='ltr'>nisi</span> <span class='ocrx_word' id='word_1_423' title='bbox 1127 2287 1260 2338; x_wconf 84' lang='lat' dir='ltr'>auxilium</span> 
     </span>
     <span class='ocr_line' id='line_1_80' title="bbox 725 2358 1260 2429; baseline -0.002 -19"><span class='ocrx_word' id='word_1_424' title='bbox 725 2361 817 2429; x_wconf 83' lang='lat' dir='ltr'>gratiae</span> <span class='ocrx_word' id='word_1_425' title='bbox 836 2360 1028 2426; x_wconf 88' lang='lat' dir='ltr'>acceperimus,</span> <span class='ocrx_word' id='word_1_426' title='bbox 1043 2358 1112 2409; x_wconf 90' lang='lat' dir='ltr'>nihil</span> <span class='ocrx_word' id='word_1_427' title='bbox 1130 2374 1163 2409; x_wconf 87' lang='lat' dir='ltr'>ex</span> <span class='ocrx_word' id='word_1_428' title='bbox 1181 2360 1260 2410; x_wconf 87' lang='lat' dir='ltr'>nobis</span> 
     </span>
     <span class='ocr_line' id='line_1_81' title="bbox 724 2430 1258 2492; baseline -0.004 -10"><span class='ocrx_word' id='word_1_429' title='bbox 724 2433 855 2483; x_wconf 85' lang='lat' dir='ltr'>valemus.</span> <span class='ocrx_word' id='word_1_430' title='bbox 872 2431 1008 2492; x_wconf 89' lang='lat' dir='ltr'>Quoniam</span> <span class='ocrx_word' id='word_1_431' title='bbox 1027 2439 1117 2479; x_wconf 89' lang='lat' dir='ltr'>autem</span> <span class='ocrx_word' id='word_1_432' title='bbox 1141 2430 1258 2480; x_wconf 90' lang='lat' dir='ltr'>volenti·</span> 
     </span>
     <span class='ocr_line' id='line_1_82' title="bbox 725 2500 1259 2571; baseline -0.004 -17"><span class='ocrx_word' id='word_1_433' title='bbox 725 2505 776 2554; x_wconf 91' lang='lat' dir='ltr'>bus</span> <span class='ocrx_word' id='word_1_434' title='bbox 791 2503 876 2571; x_wconf 88' lang='lat' dir='ltr'>gratia</span> <span class='ocrx_word' id='word_1_435' title='bbox 891 2518 945 2551; x_wconf 90' lang='lat' dir='ltr'>non</span> <span class='ocrx_word' id='word_1_436' title='bbox 961 2511 1082 2568; x_wconf 90' lang='lat' dir='ltr'>negatur,</span> <span class='ocrx_word' id='word_1_437' title='bbox 1095 2500 1121 2550; x_wconf 92' lang='lat' dir='ltr'>in</span> <span class='ocrx_word' id='word_1_438' title='bbox 1138 2502 1259 2568; x_wconf 85' lang='lat' dir='ltr'>Evange-</span> 
     </span>
     <span class='ocr_line' id='line_1_83' title="bbox 724 2574 1259 2634; baseline -0.007 -5"><span class='ocrx_word' id='word_1_439' title='bbox 724 2579 761 2629; x_wconf 95' lang='lat' dir='ltr'>lio</span> <span class='ocrx_word' id='word_1_440' title='bbox 779 2576 913 2627; x_wconf 88' lang='lat' dir='ltr'>Dominus</span> <span class='ocrx_word' id='word_1_441' title='bbox 927 2574 1011 2624; x_wconf 91' lang='lat' dir='ltr'>dicit:</span> <span class='ocrx_word' id='word_1_442' title='bbox 1028 2574 1125 2634; x_wconf 86' lang='lat' dir='ltr'>Petite,</span> <span class='ocrx_word' id='word_1_443' title='bbox 1141 2581 1167 2625; x_wconf 87' lang='lat' dir='ltr'>et</span> <span class='ocrx_word' id='word_1_444' title='bbox 1181 2575 1259 2625; x_wconf 70' lang='lat' dir='ltr'>datt-</span> 
     </span>
     <span class='ocr_line' id='line_1_84' title="bbox 725 2644 1259 2712; baseline -0.011 -11"><span class='ocrx_word' id='word_1_445' title='bbox 725 2657 769 2701; x_wconf 89' lang='lat' dir='ltr'>tur</span> <span class='ocrx_word' id='word_1_446' title='bbox 795 2649 886 2711; x_wconf 79' lang='lat' dir='ltr'>vobis,-</span> <span class='ocrx_word' id='word_1_447' title='bbox 909 2646 1029 2712; x_wconf 77' lang='lat' dir='ltr'>quaerite,</span> <span class='ocrx_word' id='word_1_448' title='bbox 1055 2650 1082 2694; x_wconf 88' lang='lat' dir='ltr'>et</span> <span class='ocrx_word' id='word_1_449' title='bbox 1104 2644 1259 2705; x_wconf 83' lang='lat' dir='ltr'>invenietis,-</span> 
     </span>
     <span class='ocr_line' id='line_1_85' title="bbox 719 2715 1259 2787; baseline -0.007 -17"><span class='ocrx_word' id='word_1_450' title='bbox 719 2720 838 2787; x_wconf 79' lang='lat' dir='ltr'>pulsate,</span> <span class='ocrx_word' id='word_1_451' title='bbox 862 2725 888 2768; x_wconf 89' lang='lat' dir='ltr'>et</span> <span class='ocrx_word' id='word_1_452' title='bbox 909 2717 1045 2782; x_wconf 84' lang='lat' dir='ltr'>aperietur</span> <span class='ocrx_word' id='word_1_453' title='bbox 1065 2715 1150 2767; x_wconf 83' lang='lat' dir='ltr'>vobis.</span> <span class='ocrx_word' id='word_1_454' title='bbox 1173 2716 1259 2766; x_wconf 90' lang='lat' dir='ltr'>Debet</span> 
     </span>
     <span class='ocr_line' id='line_1_86' title="bbox 723 2787 1260 2852; baseline -0.009 -11"><span class='ocrx_word' id='word_1_455' title='bbox 723 2801 813 2842; x_wconf 86' lang='lat' dir='ltr'>autem</span> <span class='ocrx_word' id='word_1_456' title='bbox 834 2790 959 2840; x_wconf 90' lang='lat' dir='ltr'>voluntas</span> <span class='ocrx_word' id='word_1_457' title='bbox 983 2788 1145 2852; x_wconf 81' lang='lat' dir='ltr'>praecedere,</span> <span class='ocrx_word' id='word_1_458' title='bbox 1168 2798 1196 2837; x_wconf 93' lang='lat' dir='ltr'>et</span> <span class='ocrx_word' id='word_1_459' title='bbox 1222 2787 1260 2838; x_wconf 85' lang='lat' dir='ltr'>sic</span> 
     </span>
     <span class='ocr_line' id='line_1_87' title="bbox 723 2857 1259 2926; baseline -0.006 -16"><span class='ocrx_word' id='word_1_460' title='bbox 723 2860 846 2926; x_wconf 85' lang='lat' dir='ltr'>sequitur</span> <span class='ocrx_word' id='word_1_461' title='bbox 875 2859 968 2925; x_wconf 90' lang='lat' dir='ltr'>gratia.</span> <span class='ocrx_word' id='word_1_462' title='bbox 996 2857 1064 2907; x_wconf 90' lang='lat' dir='ltr'>Nam</span> <span class='ocrx_word' id='word_1_463' title='bbox 1092 2857 1177 2923; x_wconf 88' lang='lat' dir='ltr'>gratia</span> <span class='ocrx_word' id='word_1_464' title='bbox 1201 2857 1259 2909; x_wconf 88' lang='lat' dir='ltr'>sine</span> 
     </span>
     <span class='ocr_line' id='line_1_88' title="bbox 722 2929 1260 2992; baseline -0.006 -10"><span class='ocrx_word' id='word_1_465' title='bbox 722 2932 859 2982; x_wconf 86' lang='lat' dir='ltr'>voluntate</span> <span class='ocrx_word' id='word_1_466' title='bbox 871 2929 941 2979; x_wconf 90' lang='lat' dir='ltr'>nihil</span> <span class='ocrx_word' id='word_1_467' title='bbox 958 2940 1091 2992; x_wconf 88' lang='lat' dir='ltr'>operatur,</span> <span class='ocrx_word' id='word_1_468' title='bbox 1105 2943 1154 2978; x_wconf 91' lang='lat' dir='ltr'>nec</span> <span class='ocrx_word' id='word_1_469' title='bbox 1167 2930 1260 2979; x_wconf 88' lang='lat' dir='ltr'>volun-</span> 
     </span>
     <span class='ocr_line' id='line_1_89' title="bbox 724 3000 1258 3068; baseline -0.007 -15"><span class='ocrx_word' id='word_1_470' title='bbox 724 3012 764 3053; x_wconf 87' lang='lat' dir='ltr'>tas</span> <span class='ocrx_word' id='word_1_471' title='bbox 788 3001 847 3052; x_wconf 88' lang='lat' dir='ltr'>sine</span> <span class='ocrx_word' id='word_1_472' title='bbox 868 3000 962 3067; x_wconf 88' lang='lat' dir='ltr'>gratia.</span> <span class='ocrx_word' id='word_1_473' title='bbox 988 3001 1056 3050; x_wconf 91' lang='lat' dir='ltr'>Nam</span> <span class='ocrx_word' id='word_1_474' title='bbox 1071 3010 1099 3050; x_wconf 86' lang='lat' dir='ltr'>et</span> <span class='ocrx_word' id='word_1_475' title='bbox 1112 3009 1184 3068; x_wconf 80' lang='lat' dir='ltr'>terra</span> <span class='ocrx_word' id='word_1_476' title='bbox 1204 3015 1258 3050; x_wconf 90' lang='lat' dir='ltr'>non</span> 
     </span>
    </p>
   </div>
   <div class='ocr_carea' id='block_1_7' title="bbox 713 3071 1259 3139">
    <p class='ocr_par' dir='ltr' id='par_1_9' title="bbox 713 3071 1259 3139">
     <span class='ocr_line' id='line_1_90' title="bbox 713 3071 1259 3139; baseline 0 -19"><span class='ocrx_word' id='word_1_477' title='bbox 713 3073 859 3139; x_wconf 83' lang='lat' dir='ltr'>¹germinat</span> <span class='ocrx_word' id='word_1_478' title='bbox 884 3071 936 3122; x_wconf 92' lang='lat' dir='ltr'>nisi</span> <span class='ocrx_word' id='word_1_479' title='bbox 960 3071 1080 3138; x_wconf 86' lang='lat' dir='ltr'>pluviam</span> <span class='ocrx_word' id='word_1_480' title='bbox 1101 3071 1259 3136; x_wconf 90' lang='lat' dir='ltr'>susceperit,</span> 
     </span>
    </p>
   </div>
   <div class='ocr_carea' id='block_1_8' title="bbox 723 3139 1262 3922">
    <p class='ocr_par' dir='ltr' id='par_1_10' title="bbox 723 3139 1259 3283">
     <span class='ocr_line' id='line_1_91' title="bbox 724 3139 1259 3210; baseline -0.011 -16"><span class='ocrx_word' id='word_1_481' title='bbox 724 3159 772 3194; x_wconf 91' lang='lat' dir='ltr'>nec</span> <span class='ocrx_word' id='word_1_482' title='bbox 789 3143 880 3210; x_wconf 88' lang='lat' dir='ltr'>pluvia</span> <span class='ocrx_word' id='word_1_483' title='bbox 900 3140 1043 3192; x_wconf 87' lang='lat' dir='ltr'>fructificat</span> <span class='ocrx_word' id='word_1_484' title='bbox 1059 3139 1119 3191; x_wconf 88' lang='lat' dir='ltr'>sine</span> <span class='ocrx_word' id='word_1_485' title='bbox 1137 3150 1210 3191; x_wconf 84' lang='lat' dir='ltr'>terra</span> <span class='ocrx_word' id='word_1_486' title='bbox 1223 3158 1230 3189; x_wconf 92' lang='lat'>:</span> <span class='ocrx_word' id='word_1_487' title='bbox 1245 3160 1259 3187; x_wconf 75' lang='lat' dir='ltr'>u</span> 
     </span>
     <span class='ocr_line' id='line_1_92' title="bbox 723 3215 1013 3283; baseline -0.014 -17"><span class='ocrx_word' id='word_1_488' title='bbox 723 3215 779 3266; x_wconf 81' lang='lat' dir='ltr'>haec</span> <span class='ocrx_word' id='word_1_489' title='bbox 793 3215 1013 3283; x_wconf 81' lang='lat' dir='ltr'>chrysostomus.</span> 
     </span>
    </p>

    <p class='ocr_par' dir='ltr' id='par_1_11' title="bbox 723 3287 1262 3922">
     <span class='ocr_line' id='line_1_93' title="bbox 756 3287 1262 3338; baseline -0.01 0"><span class='ocrx_word' id='word_1_490' title='bbox 756 3287 970 3338; x_wconf 77' lang='lat' dir='ltr'>5Cour1ururm</span> <span class='ocrx_word' id='word_1_491' title='bbox 987 3299 1101 3334; x_wconf 75' lang='lat' dir='ltr'>ramex</span> <span class='ocrx_word' id='word_1_492' title='bbox 1120 3300 1128 3334; x_wconf 76' lang='grc' dir='ltr'>ι</span> <span class='ocrx_word' id='word_1_493' title='bbox 1147 3298 1262 3333; x_wconf 74' lang='lat' dir='ltr'>courm-</span> 
     </span>
     <span class='ocr_line' id='line_1_94' title="bbox 723 3370 1258 3416; baseline -0.011 -7"><span class='ocrx_word' id='word_1_494' title='bbox 723 3375 774 3409; x_wconf 73' lang='lat' dir='ltr'>cra</span> <span class='ocrx_word' id='word_1_495' title='bbox 782 3376 799 3408; x_wconf 75' lang='lat' dir='ltr'>s</span> <span class='ocrx_word' id='word_1_496' title='bbox 811 3372 927 3416; x_wconf 67' lang='lat' dir='ltr'>urruns,</span> <span class='ocrx_word' id='word_1_497' title='bbox 940 3373 957 3405; x_wconf 75' lang='lat' dir='ltr'>s</span> <span class='ocrx_word' id='word_1_498' title='bbox 966 3371 1030 3405; x_wconf 72' lang='lat' dir='ltr'>casu</span> <span class='ocrx_word' id='word_1_499' title='bbox 1042 3371 1093 3405; x_wconf 77' lang='lat' dir='ltr'>var.</span> <span class='ocrx_word' id='word_1_500' title='bbox 1103 3370 1258 3413; x_wconf 77' lang='lat' dir='ltr'>vrocrrrru,</span> 
     </span>
     <span class='ocr_line' id='line_1_95' title="bbox 723 3426 1260 3480; baseline -0.011 1"><span class='ocrx_word' id='word_1_501' title='bbox 723 3447 740 3480; x_wconf 73' lang='lat' dir='ltr'>u</span> <span class='ocrx_word' id='word_1_502' title='bbox 762 3443 919 3480; x_wconf 74' lang='lat' dir='ltr'>vouuurirs</span> <span class='ocrx_word' id='word_1_503' title='bbox 939 3443 972 3476; x_wconf 80' lang='lat' dir='ltr'>ar</span> <span class='ocrx_word' id='word_1_504' title='bbox 997 3442 1102 3476; x_wconf 70' lang='lat' dir='ltr'>enirm.</span> <span class='ocrx_word' id='word_1_505' title='bbox 1119 3454 1150 3463; x_wconf 98' lang='lat'><em>-</em></span> <span class='ocrx_word' id='word_1_506' title='bbox 1170 3426 1207 3477; x_wconf 87' lang='lat' dir='ltr'>Et</span> <span class='ocrx_word' id='word_1_507' title='bbox 1225 3442 1260 3475; x_wconf 84' lang='lat' dir='ltr'>ne</span> 
     </span>
     <span class='ocr_line' id='line_1_96' title="bbox 724 3496 1260 3561; baseline -0.007 -12"><span class='ocrx_word' id='word_1_508' title='bbox 724 3514 833 3550; x_wconf 88' lang='lat' dir='ltr'>omnem</span> <span class='ocrx_word' id='word_1_509' title='bbox 849 3496 1043 3547; x_wconf 86' lang='lat' dir='ltr'>continentiam</span> <span class='ocrx_word' id='word_1_510' title='bbox 1060 3505 1188 3561; x_wconf 88' lang='lat' dir='ltr'>putarent</span> <span class='ocrx_word' id='word_1_511' title='bbox 1201 3496 1260 3545; x_wconf 90' lang='lat' dir='ltr'>lau-</span> 
     </span>
     <span class='ocr_line' id='line_1_97' title="bbox 723 3569 1261 3634; baseline -0.006 -14"><span class='ocrx_word' id='word_1_512' title='bbox 723 3571 840 3622; x_wconf 83' lang='lat' dir='ltr'>dabilem</span> <span class='ocrx_word' id='word_1_513' title='bbox 857 3579 883 3619; x_wconf 89' lang='lat' dir='ltr'>et</span> <span class='ocrx_word' id='word_1_514' title='bbox 898 3569 1072 3628; x_wconf 88' lang='lat' dir='ltr'>meritoriam,</span> <span class='ocrx_word' id='word_1_515' title='bbox 1088 3582 1261 3634; x_wconf 87' lang='lat' dir='ltr'>consequen·</span> 
     </span>
     <span class='ocr_line' id='line_1_98' title="bbox 723 3637 1261 3707; baseline -0.009 -14"><span class='ocrx_word' id='word_1_516' title='bbox 723 3653 765 3693; x_wconf 84' lang='lat' dir='ltr'>ter</span> <span class='ocrx_word' id='word_1_517' title='bbox 776 3640 920 3707; x_wconf 88' lang='lat' dir='ltr'>distinguit</span> <span class='ocrx_word' id='word_1_518' title='bbox 933 3655 992 3690; x_wconf 90' lang='lat' dir='ltr'>eam</span> <span class='ocrx_word' id='word_1_519' title='bbox 1004 3638 1139 3704; x_wconf 91' lang='lat' dir='ltr'>triplicem</span> <span class='ocrx_word' id='word_1_520' title='bbox 1153 3655 1160 3688; x_wconf 94' lang='lat'>:</span> <span class='ocrx_word' id='word_1_521' title='bbox 1174 3637 1261 3703; x_wconf 86' lang='lat' dir='ltr'>prima</span> 
     </span>
     <span class='ocr_line' id='line_1_99' title="bbox 724 3708 1261 3771; baseline -0.007 -8"><span class='ocrx_word' id='word_1_522' title='bbox 724 3722 764 3764; x_wconf 91' lang='lat' dir='ltr'>est</span> <span class='ocrx_word' id='word_1_523' title='bbox 787 3720 921 3761; x_wconf 89' lang='lat' dir='ltr'>contracta</span> <span class='ocrx_word' id='word_1_524' title='bbox 938 3726 953 3760; x_wconf 90' lang='lat' dir='ltr'>a</span> <span class='ocrx_word' id='word_1_525' title='bbox 971 3719 1080 3771; x_wconf 78' lang='lat' dir='ltr'>natura3</span> <span class='ocrx_word' id='word_1_526' title='bbox 1104 3708 1261 3768; x_wconf 64' lang='lat' dir='ltr'>secundina</span> 
     </span>
     <span class='ocr_line' id='line_1_100' title="bbox 725 3779 1260 3847; baseline -0.009 -13"><span class='ocrx_word' id='word_1_527' title='bbox 725 3798 797 3847; x_wconf 91' lang='lat' dir='ltr'>casu,</span> <span class='ocrx_word' id='word_1_528' title='bbox 819 3783 876 3832; x_wconf 90' lang='lat' dir='ltr'>sive</span> <span class='ocrx_word' id='word_1_529' title='bbox 897 3780 1037 3843; x_wconf 76' lang='lat' dir='ltr'>violentia3</span> <span class='ocrx_word' id='word_1_530' title='bbox 1060 3779 1146 3839; x_wconf 88' lang='lat' dir='ltr'>tertia,</span> <span class='ocrx_word' id='word_1_531' title='bbox 1170 3796 1186 3831; x_wconf 93' lang='lat' dir='ltr'>a</span> <span class='ocrx_word' id='word_1_532' title='bbox 1209 3795 1260 3830; x_wconf 89' lang='lat' dir='ltr'>vo-</span> 
     </span>
     <span class='ocr_line' id='line_1_101' title="bbox 725 3853 1260 3922; baseline -0.004 -16"><span class='ocrx_word' id='word_1_533' title='bbox 725 3857 826 3908; x_wconf 87' lang='lat' dir='ltr'>luntate</span> <span class='ocrx_word' id='word_1_534' title='bbox 848 3865 876 3906; x_wconf 90' lang='lat' dir='ltr'>et</span> <span class='ocrx_word' id='word_1_535' title='bbox 899 3855 992 3922; x_wconf 87' lang='lat' dir='ltr'>gratia.</span> <span class='ocrx_word' id='word_1_536' title='bbox 1011 3855 1081 3905; x_wconf 85' lang='lat' dir='ltr'>Sunt</span> <span class='ocrx_word' id='word_1_537' title='bbox 1100 3853 1170 3904; x_wconf 84' lang='lat' dir='ltr'>enim</span> <span class='ocrx_word' id='word_1_538' title='bbox 1198 3854 1260 3906; x_wconf 81' lang='lat' dir='ltr'>Ett-</span> 
     </span>
    </p>
   </div>
   <div class='ocr_carea' id='block_1_9' title="bbox 0 0 1320 4320">
    <p class='ocr_par' dir='ltr' id='par_1_12' title="bbox 0 0 1320 4320">
     <span class='ocr_line' id='line_1_102' title="bbox 0 0 1320 4320; baseline 0 0"><span class='ocrx_word' id='word_1_539' title='bbox 0 0 1320 4320; x_wconf 95' lang='lat' dir='ltr'> </span> 
     </span>
    </p>
   </div>
  </div>
 </body>
</html>
