2632 4320
195 227 246 316 ne
260 260 431 314 nuvnuru
448 260 494 311 nr
510 256 782 311 sansacuuonn
797 257 1034 310 nnrrcnmsrn
1121 256 1173 310 305

49 383 101 446 itti,
119 381 221 447 quibus
238 379 338 430 scilicet
359 375 514 443 operabitur
527 376 587 425 An-

49 453 200 510 tichristus,
224 465 275 501 nou
296 450 379 515 fieret
398 447 476 498 salva
503 445 589 498 omnis

49 540 117 576 caro
138 524 213 589 justi,
238 523 321 572 idest
343 522 437 581 homo,
455 520 519 586 quia
534 517 587 568 nisi

51 600 104 649 hoc
120 608 200 656 esset,
218 611 294 645 rarus
308 605 355 645 aut
369 595 461 645 nullus
477 608 588 659 pressu-

52 685 96 719 ras
122 668 275 724 sustinere,
304 675 330 715 et
356 680 404 731 per
430 663 589 731 patientiam

50 737 149 789 salvari
172 746 272 802 posset,
290 734 354 800 quia
372 734 516 785 infirmitas
533 732 589 782 hu-

52 824 134 859 mana
152 808 199 857 diu
219 806 423 857 tribulationem
455 804 589 856 sustinere

53 897 110 931 non
145 888 254 944 potest3
282 878 330 927 sed
350 884 465 944 propter
492 877 589 926 electos

51 950 263 1010 breviabuntur,
287 963 320 997 ne
344 963 376 997 ex
404 945 589 997 tribulationis

53 1020 243 1087 magnitudine
257 1020 353 1069 cadant
367 1018 508 1069 averitate.
525 1018 591 1067 Bre-

53 1095 198 1146 viabuutur
212 1102 302 1143 autem
323 1109 377 1142 non
393 1106 528 1151 mensura,
543 1091 589 1141 sed

55 1181 179 1226 numero,
208 1165 273 1230 quia
295 1162 406 1213 breviati
436 1163 503 1225 dies,
534 1177 590 1211 non

55 1238 149 1288 breves
172 1235 229 1285 dies
254 1245 318 1286 sunt
341 1235 518 1301 intelligendi,
544 1234 590 1284 sed

54 1309 143 1376 pauci.
169 1310 247 1359 Unde
272 1309 331 1360 dies
357 1308 528 1373 accipiuntur
542 1323 590 1373 pro

54 1391 185 1445 tempore,
207 1379 271 1445 quia
291 1388 399 1444 tempus
413 1378 486 1428 illius
502 1393 592 1443 perse-

54 1450 175 1502 cutionis
189 1450 239 1499 erit
260 1450 348 1499 breve.
364 1450 430 1508 Quae
446 1465 511 1515 ergo
531 1463 592 1514 spes

56 1522 164 1581 electis,
190 1521 241 1571 nisi
264 1521 348 1587 gratia
372 1520 439 1582 Dei,
463 1535 524 1587 quae
548 1522 593 1571 dat

56 1593 214 1660 patientiam
244 1593 309 1658 piis,
343 1604 369 1642 et
400 1592 482 1643 citius
509 1592 594 1642 demit

58 1663 208 1730 potentiam
239 1660 351 1726 impiis?
384 1662 492 1722 Quanto
520 1661 593 1712 enim

57 1735 108 1785 erit
122 1734 180 1784 haec
193 1733 331 1782 tribulatio
346 1734 439 1784 ceteris
453 1749 514 1800 quae
530 1749 595 1800 prae-

57 1819 170 1865 cessere,
185 1819 371 1869 pressurarum
389 1804 508 1868 pondere
531 1819 594 1870 gra-

58 1874 126 1935 vior,
145 1883 220 1924 tanto
244 1873 295 1922 erit
316 1873 446 1936 temporis
469 1874 595 1924 brevitate

58 1943 232 2003 moderatior,
261 1953 292 1992 ut
319 1943 384 1993 salvi
415 1943 481 1993 fiant
509 1943 594 2007 electi,

58 2017 106 2084 qui
123 2017 176 2067 soli
198 2017 227 2066 in
243 2017 340 2066 horreo
358 2017 459 2066 coeiesti
477 2027 540 2067 sunt
553 2032 596 2067 re-

57 2087 188 2155 ponendi.
204 2087 281 2137 Unde
291 2086 357 2136 dicit
372 2088 511 2151 Roianus,
523 2086 596 2153 quod

56 2158 119 2210 talis
134 2157 273 2214 tribulatio
292 2167 354 2207 tunc
373 2157 423 2207 erit
440 2157 469 2207 in
484 2157 597 2208 circuitu

56 2243 124 2280 areae
151 2227 281 2288 Domini,
305 2237 336 2278 ut
365 2227 494 2278 omnibus
524 2228 598 2278 velut

60 2301 149 2351 cribro
169 2299 379 2350 examinationis
400 2299 483 2364 paleis
498 2315 598 2365 seque-

60 2370 165 2431 stratis,
187 2372 276 2421 solum
302 2370 470 2421 frumentum
487 2371 514 2421 in
533 2371 599 2420 hor-

57 2441 110 2493 reis
150 2440 262 2491 Domini
301 2450 436 2491 remaneat
467 2441 599 2506 colligen-

62 2512 141 2563 dum.
181 2559 184 2565 .

13 2614 16 2621 ·
88 2582 104 2635 6
123 2585 206 2634 siem
229 2599 246 2633 a
270 2598 516 2634 esanburnornnrrs
530 2599 600 2634 narn

60 2669 246 2712 ernanruuourr
274 2669 423 2704 concussio.
449 2683 479 2692 -
508 2656 597 2718 Tunc,

60 2725 165 2777 scilicet
190 2734 311 2791 tempore
334 2725 502 2790 Antichristi‚
527 2737 553 2778 et
571 2727 600 2778 in

61 2798 99 2849 lla
115 2813 253 2864 pressura,
275 2799 299 2847 si
313 2799 373 2864 quis
388 2799 470 2863 vobis,
486 2800 602 2851 imitato-

60 2869 139 2925 ribus
160 2868 238 2931 meis,
263 2870 367 2920 dixerit
382 2888 391 2921 .·
406 2871 478 2922 Ecce
498 2873 548 2936 hic,
573 2873 600 2923 id

61 2949 100 2992 est
120 2938 151 2990 in
165 2939 218 2990 hac
242 2940 338 3006 patria,
361 2941 403 2990 vel
426 2942 543 3004 natione,
559 2945 601 2994 vel

61 3019 143 3066 secta.
160 3010 214 3060 ‚vel
240 3024 364 3076 persona,
394 3017 436 3062 est
461 3013 600 3078 Christus,

61 3086 111 3132 aut
127 3079 193 3142 iilic,
213 3078 240 3129 id
260 3090 300 3130 est
315 3079 343 3130 in
360 3081 412 3131 alia
426 3097 441 3132 a
455 3084 599 3148 praedictis,

63 3149 148 3203 mitre
168 3149 286 3212 credere,
313 3162 339 3200 et
365 3152 449 3202 nolite
474 3153 512 3204 ire
535 3155 602 3219 pede

63 3218 237 3278 intellectus,
265 3234 359 3270 eorum
386 3222 515 3274 doctrinae
544 3240 602 3275 cre-

64 3288 163 3350 dendo,
190 3303 279 3354 neque
299 3291 438 3341 sectemini
457 3294 523 3358 pede
535 3295 602 3346 affe-

65 3367 126 3411 ctus
149 3374 245 3410 eorum
265 3359 347 3411 vitam
367 3361 514 3427 imitando;
539 3365 603 3430 quia

66 3427 149 3481 multi
169 3428 296 3494 discipuli
311 3430 471 3482 Antichristi
494 3435 604 3486 venient

65 3499 100 3551 ad
118 3499 305 3551 seducendum
327 3503 468 3568 populum,
485 3505 604 3558 dicentes

67 3570 143 3640 quod
159 3571 218 3638 ipse
231 3572 267 3623 sit
280 3588 341 3625 vere
355 3573 481 3627 Christus
493 3577 522 3627 in
535 3579 605 3645 Lege

65 3652 95 3695 et
120 3642 264 3710 Prophetis
289 3644 449 3709 promissus.
484 3649 606 3716 Surgent

66 3711 139 3763 enim
149 3713 358 3779 pseudochristi,
374 3716 421 3782 qui
438 3732 468 3767 se
481 3733 543 3769 eum
558 3721 605 3785 qui

68 3792 111 3837 est
129 3783 259 3837 Christus
280 3801 338 3839 esse
363 3789 537 3852 mentientur,
559 3793 605 3844 sed

10 3900 13 3907 .
68 3867 257 3909 reverterunt
270 3858 439 3922 Antichristi,
453 3861 479 3912 id
495 3873 535 3915 est
546 3863 606 3916 falsi

150 3968 222 4021 Vtra
244 3969 307 4025 iesu
327 3971 448 4040 Cuntsrr,
465 3993 552 4030 rouus
567 3979 611 4032 111.

641 373 800 437 Christiani,
825 385 1010 443 pervententes
1024 375 1175 426 doctrinam

642 445 755 506 Christi,
779 457 805 497 et
830 447 991 498 mentientes
1010 447 1044 497 de
1057 445 1177 510 Christo,

646 522 672 566 et
703 518 964 585 pseudoprophetia,
999 527 1180 585 pervertentes

644 587 795 638 doctrinam
820 589 901 654 Legis
928 598 953 639 et
975 589 1180 654 Prophetarum,

644 660 686 711 vel
704 669 867 726 usurpantes
882 659 936 710 sibi
953 660 1059 711 divinas
1074 661 1177 711 revela-

645 731 743 791 tiones,
770 730 870 781 scilicet
889 730 1083 790 Antichristus,
1101 739 1126 780 et
1144 729 1182 780 di-

644 804 741 869 scipuli
754 803 821 868 ejus,
835 802 882 869 qui
899 813 961 853 sunt
970 804 1093 853 membra
1106 804 1179 869 ejus;

643 886 669 926 et
695 876 795 927 dabunt
815 876 905 942 signa,
927 876 1031 942 aliquid
1050 892 1180 942 magnum

644 944 787 1011 signantia,
807 951 832 995 et
851 945 998 1012 prodigia,
1021 945 1180 997 hominibus

643 1017 810 1078 admiranda,
830 1033 892 1083 quae
914 1019 1000 1084 digito
1016 1020 1178 1084 produntur,

644 1100 670 1140 et
694 1099 803 1155 propter
832 1089 1039 1140 admirationem
1061 1090 1178 1140 demon-

644 1169 780 1224 strantur3
803 1161 856 1221 vel,
880 1161 970 1227 signa,
998 1177 1059 1227 quae
1075 1160 1178 1226 aliquid
1266 1219 1270 1227 ,

645 1232 798 1300 significant
820 1234 853 1284 de
868 1234 1054 1300 praesentibus,
1072 1240 1097 1284 et
1107 1249 1178 1300 pro-

644 1306 731 1372 digia,
747 1320 808 1371 quae
831 1305 933 1371 aliquid
947 1307 1064 1371 produnt
1078 1315 1104 1355 et
1120 1321 1179 1355 ma-

644 1378 772 1429 nifestant
794 1379 827 1428 de
849 1377 957 1428 futuris.
979 1379 1084 1429 Virtute
1105 1379 1179 1429 enirn

645 1451 799 1500 daemonum
811 1449 895 1498 multa
908 1449 1036 1500 miracula
1049 1449 1107 1500 fieri
1122 1465 1181 1515 pos·

647 1530 710 1571 sunt
728 1518 840 1585 quando
854 1519 926 1569 Deus
941 1520 1081 1583 permittit,
1098 1520 1137 1571 ita
1152 1527 1181 1572 ut

646 1593 673 1643 in
689 1603 807 1641 errorem
823 1589 993 1651 inducantur,
1009 1591 1034 1640 si
1044 1591 1111 1656 fieri
1121 1607 1180 1657 po-

647 1671 710 1726 test,
736 1662 816 1712 etiam
839 1661 916 1712 electi
939 1671 966 1712 et
983 1663 1180 1727 praedestinati,

647 1736 674 1785 id
687 1743 728 1784 est
741 1733 764 1783 si
783 1732 875 1797 aliquo
897 1733 978 1782 modo
999 1733 1056 1783 fieri
1080 1743 1180 1798 posset,

647 1814 678 1855 ut
705 1802 753 1854 Dei
778 1800 923 1868 praefinitio
946 1812 1109 1868 mutaretur;
1134 1803 1181 1854 sed

649 1891 704 1925 non
728 1873 902 1932 seducuntur,
929 1873 992 1938 quia
1017 1873 1103 1938 perire
1126 1890 1181 1924 non

647 1953 764 2012 possunt
777 1958 846 2009 quos
862 1942 933 1993 Deus
946 1945 978 1993 ad
993 1944 1074 1994 vitam
1087 1960 1183 2010 praeor·

649 2016 761 2068 dinavit.
788 2015 865 2065 Unde
887 2015 1061 2082 Gregorius:
1079 2035 1092 2063 n
1111 2017 1182 2078 Quia

649 2090 794 2139 electorum
809 2101 855 2136 cor
869 2095 895 2135 et
906 2086 1010 2152 trepida
1022 2087 1182 2153 cogitatione

650 2156 816 2220 concutitur,
842 2166 869 2206 ct
889 2166 978 2207 tamen
999 2173 1091 2210 eorum
1113 2176 1182 2210 con·

651 2229 750 2280 stantia
764 2243 817 2277 non
833 2237 963 2290 movetur,
984 2245 1038 2280 una
1053 2230 1184 2281 sententia

652 2303 786 2353 Dominus
802 2310 950 2367 utrumque
964 2305 1120 2369 complexus
1134 2315 1184 2357 est.

652 2377 737 2436 Quasi
758 2375 832 2425 enirn
851 2376 903 2439 jam
921 2391 1008 2427 errare
1025 2388 1074 2436 est,
1092 2379 1120 2428 in
1137 2396 1184 2430 co-

652 2449 782 2515 gitatione
800 2446 924 2497 titubare.
939 2448 1000 2508 Sed,
1015 2449 1040 2498 si
1048 2450 1116 2514 fieri
1131 2465 1186 2516 po-

654 2525 715 2580 test,
743 2516 922 2582 subjungitur,
950 2518 1013 2583 quia
1040 2519 1097 2570 fieri
1130 2537 1186 2571 non

654 2598 750 2656 potest,
765 2587 838 2637 utin
855 2602 974 2637 errorem
991 2589 1067 2639 eiecti
1084 2591 1189 2655 capian-

653 2672 707 2712 tur.
723 2678 737 2708 n
760 2660 823 2709 Haec
843 2658 1010 2724 temporibus
1029 2660 1187 2711 Antichristi

655 2732 762 2799 proprie
772 2739 932 2797 congruunt.
950 2731 1034 2796 Cujus
1049 2732 1121 2782 enim
1134 2749 1188 2784 non
1275 2740 1279 2750 “

655 2812 747 2870 paveat
761 2812 787 2853 et
802 2801 970 2852 concutiatur
990 2801 1065 2863 fides,
1081 2805 1188 2870 quando

654 2890 709 2924 non
736 2873 824 2923 solum
848 2882 981 2922 tormenta
1006 2874 1138 2925 crebriora
1164 2886 1189 2926 et

655 2943 800 3003 acerbiora,
827 2957 909 3008 quam
940 2943 1016 3008 prius
1041 2959 1189 2997 consueve-

655 3024 724 3075 rant,
740 3013 889 3063 inferentur
902 3013 1036 3080 fidelibus,
1052 3017 1098 3066 sed
1116 3018 1189 3084 quod

656 3085 763 3152 gravius
777 3095 826 3146 est,
844 3085 983 3152 signorum
998 3102 1108 3154 quoque
1122 3100 1190 3155 ope-

656 3157 724 3207 ratio
750 3171 797 3206 eos
823 3156 870 3222 qui
897 3166 1031 3208 tormenta
1057 3159 1188 3225 ingerent,

656 3243 712 3276 non
726 3241 772 3276 eos
787 3227 834 3292 qui
849 3227 1031 3288 sustinebunt,
1052 3229 1190 3279 concomi-

656 3296 733 3359 tabit,
758 3306 785 3347 et
813 3308 966 3364 persecutor
990 3299 1108 3349 veritatis
1142 3301 1192 3352 erit

659 3376 786 3433 operator
801 3368 919 3430 virtutis,
934 3369 1059 3436 idemque
1072 3371 1130 3435 ipse
1142 3371 1190 3437 qui

660 3439 804 3490 tormentis
821 3441 896 3492 soevit
915 3451 945 3491 ut
962 3442 1088 3492 Christus
1111 3456 1193 3509 nege-

661 3522 714 3571 tur,
741 3524 866 3579 provocat
889 3514 1025 3566 miraculis
1051 3524 1082 3565 ut
1112 3515 1205 3566 Anti-·

659 3582 762 3632 christo
785 3584 924 3634 credatur?
953 3584 1007 3633 Nec
1038 3584 1139 3634 mirum
1172 3584 1195 3635 si

659 3655 711 3709 ista
731 3664 796 3706 tunc
813 3656 877 3706 mali
890 3666 1042 3722 operantur,
1058 3659 1165 3724 quando
1179 3675 1194 3708 a

660 3727 717 3776 Deo
735 3727 940 3793 permittuntur.
962 3728 1040 3778 Tunc
1059 3728 1141 3788 enim,
1165 3738 1195 3780 ut

660 3797 697 3847 ait
721 3798 899 3864 Augusuirus,
926 3799 1044 3850 solvetur
1073 3800 1195 3861 Satanas,

660 3879 687 3920 et
703 3884 750 3936 per
769 3868 964 3921 Antichristum
990 3870 1018 3921 in
1036 3871 1112 3922 omni
1135 3871 1193 3923 vir-

1054 3999 1094 4034 ⁴2ss
