2632 4320
164 221 195 272 16
475 213 647 266 SECUNDAE
662 212 787 264 PARTIS
805 215 922 267 CAPUT
937 217 967 268 ΙΙ.

160 352 203 388 ma
232 351 297 398 sua,
315 332 416 386 scilicet
440 329 582 383 damnata?
610 329 693 391 Quasi

159 409 258 459 diceret
280 404 333 457 :Si
357 419 406 471 pro
426 417 457 453 ea
476 410 550 453 totus
575 403 694 452 mundus

160 480 284 537 daretur,
305 491 359 526 non
382 489 429 540 per
454 473 505 523 hoc
526 472 693 523 liberaretur.

162 551 197 602 Et
216 550 277 601 ideo
298 563 350 597 non
375 555 463 612 potest
481 543 631 610 comparari
648 545 694 594 lu-

161 638 238 674 crum
255 619 350 670 mundi
370 618 402 669 ad
418 615 611 667 detrimentum
632 614 694 665 ani-

162 708 223 757 mae,
243 706 290 758 per
306 689 379 756 quod
397 687 479 738 homo
493 686 581 753 perdit
597 701 656 736 eam
668 695 695 737 et

159 763 242 815 vitam
258 771 396 813 aeternam.
408 759 486 821 Nam,
498 756 608 823 perditis
621 756 694 807 divi-

161 834 217 896 tiis,
229 841 344 901 possunt
355 845 402 896 per
414 829 480 879 alias
494 827 601 878 divitias
616 843 693 878 com·

160 903 277 973 pensari,
287 912 313 953 et
329 901 351 953 si
368 914 441 950 mors
451 896 593 963 infligitur,
606 906 694 963 potest

159 973 326 1044 compensari
344 989 390 1041 per
402 971 484 1023 vitam
502 970 692 1031 immortalem,

159 1064 219 1116 quae
242 1046 272 1098 in
298 1042 491 1096 resurrectione
515 1051 691 1107 exspectatur,

161 1120 208 1171 sed
222 1119 244 1170 si
267 1116 358 1168 anima
374 1129 421 1180 per
435 1113 549 1177 culpam
559 1112 693 1178 perdatur,

160 1207 215 1242 non
232 1197 366 1255 exspectes
375 1186 402 1235 in
414 1183 466 1234 alia
480 1183 572 1234 anima
587 1199 694 1234 recom-

160 1263 278 1330 pensari,
306 1260 370 1327 quia
399 1274 453 1308 non
483 1256 583 1323 poteris
614 1256 694 1307 aliam

159 1338 288 1396 animam,
312 1334 358 1384 sed
382 1333 475 1398 neque*
489 1330 592 1397 aliquid
604 1330 693 1394 aliud,

158 1409 236 1477 quasi
252 1404 492 1458 commutationem
511 1419 560 1470 pro
576 1418 607 1454 ea
621 1404 692 1466 dare,

158 1492 188 1531 ut
211 1479 309 1529 liberes
335 1491 393 1526 eam
415 1474 449 1524 de
478 1484 575 1524 aeterna
598 1485 693 1526 morte.

158 1555 231 1604 Deus
254 1559 344 1602 autem
369 1563 417 1615 pro
438 1546 582 1601 animabus
602 1548 693 1598 homi·

160 1642 226 1676 num
239 1623 313 1674 dedit
321 1618 571 1679 commutationem,
583 1621 693 1686 sangui-

158 1711 221 1746 nem
244 1691 307 1744 Filii
318 1693 360 1743 sui
378 1692 537 1757 pretiosum.
557 1692 693 1741 Perdenda

157 1778 198 1818 est
213 1767 295 1833 igitur
307 1759 398 1815 anima
415 1774 441 1814 et
456 1763 511 1815 vita
523 1779 647 1831 praesens,
663 1762 692 1813 in

158 1839 209 1889 hoc
225 1836 324 1899 seculo,
338 1847 447 1901 propter
460 1834 620 1897 Dominum;
636 1850 691 1884 non

157 1907 283 1960 salvanda
299 1915 408 1972 propter
424 1905 529 1955 lucrum
543 1915 569 1955 et
585 1905 692 1955 deside-

157 1982 229 2031 rium
249 1990 396 2028 terrenum.
415 1977 592 2043 Quapropter,
612 1986 643 2028 ut
656 1977 692 2028 ait

157 2050 351 2118 Augustinus,
372 2047 522 2100 voluntarie
546 2065 618 2100 nunc
643 2065 691 2114 pro

157 2124 266 2175 Christo
301 2131 494 2188 postponamus
530 2121 692 2189 quandoque

157 2194 331 2254 dimittenda,
364 2209 412 2251 ne,
435 2193 508 2258 quod
531 2192 615 2243 absit!
642 2209 691 2258 pro

157 2264 322 2316 transitoriis
349 2262 505 2314 amittamus
530 2273 636 2314 aeterna.
662 2264 689 2314 Si

157 2337 231 2387 enim
246 2336 296 2386 tibi
320 2335 475 2385 diceretur:
498 2334 541 2385 Sis
564 2344 620 2385 toto
639 2335 691 2386 hoc

157 2423 251 2457 mense
265 2406 339 2457 dives
354 2415 380 2455 et
394 2414 498 2470 potens,
515 2414 542 2454 et
554 2405 594 2455 fac
606 2405 689 2471 quid-

156 2477 221 2543 quid
233 2476 309 2536 velis,
322 2484 396 2526 utere
410 2474 498 2525 carnis
507 2475 689 2539 voluptatibus

156 2550 226 2601 sicut
244 2549 344 2615 placet;
368 2564 398 2599 ea
421 2557 511 2598 tamen
525 2548 688 2610 conditione,

157 2633 188 2673 ut
208 2624 279 2673 oculi
294 2622 333 2672 tui
352 2631 444 2686 postea
459 2630 596 2682 eruantur,
608 2636 688 2671 omne

156 2692 284 2742 solatium
305 2693 422 2750 tollatur,
446 2700 557 2756 totoque
569 2701 689 2757 tempore

156 2763 218 2813 vitae
235 2774 287 2813 tuae
301 2763 329 2813 in
347 2763 417 2812 fame
438 2772 465 2812 et
483 2763 542 2822 siti,
561 2762 589 2812 in
612 2762 688 2813 omni

156 2833 275 2884 cruciatu
299 2842 325 2884 et
356 2833 431 2882 omni
459 2832 567 2883 miseria
595 2833 685 2897 vivas;

157 2903 290 2970 numquid
312 2904 377 2954 illud
399 2905 450 2955 tale
465 2904 566 2953 bonum
582 2903 634 2954 hoc
646 2914 688 2955 te-

157 2989 223 3024 nore
250 2974 416 3039 susciperes?
446 2974 479 3024 Et
501 2973 612 3040 quidem
632 2982 688 3025 tota

157 3046 214 3096 haec
227 3045 281 3095 vita
296 3061 344 3095 nec
364 3046 467 3096 mensis
480 3056 528 3106 est,
544 3061 592 3097 nec
606 3046 687 3097 unius

156 3116 210 3167 diei
238 3118 279 3166 vel
298 3116 372 3168 horae
395 3118 522 3184 spatium,
552 3119 585 3168 ad
613 3119 687 3170 illius

156 3197 263 3237 aeternae
272 3186 436 3239 infelicitatis
448 3190 685 3255 comparationem,

156 3259 232 3326 cujus
254 3257 368 3308 miseriae
383 3275 470 3326 neque
489 3258 551 3311 finis
565 3270 615 3322 est,
635 3277 686 3312 ne-

156 3345 210 3396 que
229 3343 308 3395 poena
323 3328 422 3380 similis
440 3331 584 3382 invenitur.
609 3333 686 3384 Unde

156 3399 281 3450 Isidorus
299 3416 307 3449 τ
327 3417 341 3445 a
355 3399 383 3449 Sl
401 3401 512 3452 haberes
527 3402 685 3467 sapientiam

156 3470 319 3529 Salomonis,
342 3471 364 3522 si
384 3472 613 3536 pulchritudinem
627 3473 685 3523 Ab·

155 3541 265 3602 salonis,
282 3541 305 3592 si
326 3541 511 3593 fortitudinem
535 3544 684 3605 Samsonis,

155 3610 178 3660 si
194 3612 392 3678 longitudinem
413 3614 519 3677 Enoch,
535 3614 558 3664 si
580 3614 686 3666 divitias

156 3681 250 3744 Croesi,
277 3685 300 3734 si
320 3693 476 3751 potestatem
500 3685 685 3751 Theboinam3

156 3750 222 3815 quid
241 3757 377 3819 prodesset
396 3755 446 3806 tibi
467 3754 489 3805 si
505 3755 613 3806 tandem
626 3770 687 3806 caro

130 3869 131 3872 ,
156 3821 264 3876 daretur
281 3829 428 3890 vermibus,
446 3827 544 3879 anima*
560 3827 688 3879 daemoni-

749 329 809 391 bus,
826 346 888 381 cum
906 331 989 382 divite
1007 333 1149 385 crucianda
1166 334 1226 385 sine
1245 335 1280 386 fi-

747 399 797 450 ne?
824 400 908 462 Quasi
931 401 1030 453 diceret
1050 420 1057 453 :
1075 403 1160 455 Nihil.
1181 424 1195 452 u
1218 405 1280 458 Duo

747 473 849 539 quippe
873 484 938 525 sunt
964 485 1085 541 tempora
1119 477 1248 529 Ecclesiae
1272 496 1280 530 z

746 560 833 594 unum
857 545 1060 610 persecutionis,
1080 558 1106 598 et
1125 556 1189 598 tunc
1203 559 1280 600 ante-

746 632 828 683 quam
845 617 931 668 Deum
948 634 1076 685 negemus
1097 620 1222 686 ponenda
1239 633 1281 673 est

745 687 848 748 anima,
869 698 896 739 et
914 703 1032 751 praesens
1045 689 1119 755 vita;
1141 690 1215 740 aliud
1229 706 1281 757 pa-

746 761 794 821 cis,
809 770 836 811 et
850 769 913 812 tunc
930 761 1077 828 frangenda
1088 773 1151 813 sunt
1169 763 1281 814 deside·

745 831 785 883 ria
807 841 911 882 terrena
929 841 956 882 et
978 833 1051 883 lucra
1076 836 1280 886 contemnenda.

747 902 827 952 Nulla
848 917 912 968 ergo
934 902 1030 952 mundi
1052 903 1198 953 adversitas
1216 903 1280 955 ani-

746 990 819 1025 mam
837 984 912 1025 tuam
934 974 1047 1041 frangat,
1074 976 1147 1026 nulla
1165 991 1279 1042 prospe-

746 1049 810 1099 ritas
830 1047 937 1113 alliciat,
961 1050 1035 1098 nulla
1050 1047 1152 1099 fallacia
1171 1049 1281 1100 seducat

747 1120 915 1187 apraeceptis
939 1131 965 1171 et
988 1120 1122 1172 mandatis
1141 1121 1200 1181 Dei,
1223 1132 1279 1173 eta

747 1191 854 1242 caritate
866 1205 926 1257 quae
941 1200 981 1240 est
994 1190 1022 1240 in
1034 1191 1143 1242 Christo
1157 1191 1278 1242 Domino

746 1273 847 1314 nostro.
864 1263 999 1314 Omnibus
1013 1263 1102 1313 modis
1120 1273 1146 1313 et
1166 1263 1194 1312 in
1217 1281 1279 1314 om-

747 1334 828 1385 nibus
844 1334 974 1384 debemus
991 1339 1096 1400 semper
1108 1334 1176 1384 bene
1190 1334 1279 1400 placi·

746 1417 804 1457 turn
824 1406 872 1457 Dei
891 1405 985 1470 facere,
1006 1417 1032 1456 et
1055 1406 1088 1456 ab
1105 1406 1207 1457 offensa
1221 1407 1280 1472 ejus

745 1479 889 1530 abstinere.

777 1550 793 1600 8
818 1552 909 1601 Punon
932 1565 1023 1600 secum
1050 1565 1214 1611 anovanous,
1242 1567 1279 1602 ur

745 1637 887 1671 ronaarun
899 1637 1025 1671 ranrruu.
1041 1649 1073 1657 —
1088 1620 1192 1670 Deinde
1206 1621 1280 1671 tollit

746 1693 855 1743 tertium
881 1691 1107 1758 impedimentum
1133 1691 1166 1741 ad
1199 1691 1280 1742 confi·

745 1766 855 1816 tendum
867 1765 947 1815 fidem
962 1765 1073 1825 Christi,
1085 1765 1157 1830 quod
1169 1774 1211 1814 est
1223 1781 1279 1830 pu-

744 1837 793 1887 dor
810 1837 902 1888 seculi.
917 1837 995 1897 Nam,
1009 1836 1156 1886 secundum
1172 1836 1279 1902 Grego

744 1911 827 1970 rium,
852 1925 921 1975 saepe
935 1925 967 1960 ex
986 1909 1105 1959 humana
1117 1908 1279 1961 verecundia

744 1981 923 2047 praepedimur
936 1990 967 2031 ut
990 1980 1175 2031 rectitudinem
1193 1995 1278 2046 quam

742 2051 880 2102 ‘servamus
892 2051 920 2101 in
935 2061 1032 2111 mente,
1053 2052 1175 2101 nondum
1191 2051 1279 2116 expri-

745 2141 816 2175 mere
837 2124 973 2174 valeamus
997 2121 1026 2173 in
1048 2139 1128 2188 voce·,
1153 2132 1179 2173 et
1200 2132 1277 2174 tanto

743 2196 791 2246 Dei
806 2195 900 2246 faciem
914 2196 945 2246 ad
965 2193 1072 2259 justitiae
1087 2193 1276 2244 defensionem

742 2265 913 2332 negligimus,
930 2273 1029 2331 quanto
1044 2263 1177 2313 humanas
1192 2262 1277 2315 facies

742 2347 832 2387 contra
854 2335 983 2401 justitiam
1005 2350 1136 2385 veremur.
1164 2334 1209 2393 Et,
1226 2350 1275 2386 se-

740 2409 859 2459 cundum
872 2408 1006 2466 eumdem,
1021 2416 1085 2456 sunt
1098 2406 1145 2471 qui
1154 2405 1251 2457 dicunt
1267 2423 1274 2456 ε

741 2481 796 2530 Nos
812 2495 866 2530 non
884 2477 1067 2529 erubescimus
1087 2477 1173 2527 Deum
1193 2477 1277 2528 confi·

740 2552 800 2611 teri,
814 2551 860 2603 sed
879 2551 912 2601 ad
926 2549 1117 2616 professionem
1134 2547 1197 2597 fidei
1216 2553 1274 2600 non

740 2622 840 2674 sufficit
858 2637 910 2672 vox
924 2618 1097 2686 professionis
1114 2617 1275 2681 Christiani,

739 2694 805 2745 dum
826 2700 951 2743 verentur
966 2705 981 2740 a
998 2688 1129 2754 proximis
1153 2689 1274 2756 despici,

739 2764 804 2813 dum
829 2761 1007 2826 dedignantur
1022 2757 1135 2822 injurias
1149 2759 1274 2822 tolerare,

738 2834 804 2882 dum
818 2832 988 2888 erubescunt,
1002 2829 1025 2879 si
1049 2828 1167 2895 jurgium
1189 2830 1275 2882 conti·

739 2904 816 2969 gerit,
832 2901 935 2968 priores
954 2899 1115 2950 satisfacere.
1138 2901 1196 2951 Hoc
1209 2916 1274 2968 ergo

740 2974 965 3041 impedimentum
984 2971 1094 3022 tertium
1110 2971 1203 3021 tollit:
1222 2973 1275 3039 pri·

740 3064 795 3108 mo,
820 3061 851 3096 ex
868 3045 971 3107 fructu;
987 3043 1114 3102 secundo,
1136 3055 1168 3091 ex
1183 3058 1273 3106 poena,

739 3118 803 3184 quia
821 3115 947 3166 Christus
961 3112 1115 3164 confitentes
1128 3112 1274 3164 confitebi-

739 3199 783 3239 tur
797 3198 823 3238 et
838 3193 1024 3251 recognoscet,
1044 3194 1069 3234 et
1085 3183 1274 3235 erubescentes

739 3262 885 3319 erubescet,
902 3258 928 3307 id
943 3267 983 3308 est
1000 3272 1053 3306 non
1066 3266 1210 3320 cognoscet
1226 3273 1273 3308 eos

739 3333 771 3382 de
784 3331 855 3392 suis,
869 3330 897 3379 in
917 3328 1033 3378 secundo
1047 3341 1096 3376 suo
1110 3326 1227 3378 adventu
1249 3337 1275 3378 et

738 3401 861 3467 judicio:
882 3401 948 3450 Cum
968 3393 1070 3449 uenerit
1084 3397 1111 3447 in
1132 3397 1274 3463 magestate

739 3487 802 3535 sua,
822 3470 922 3521 scilicet
937 3469 1064 3528 hur-nana,
1080 3467 1106 3516 id
1117 3477 1157 3517 est
1171 3467 1199 3517 in
1214 3467 1273 3518 for-

739 3558 784 3593 ma
804 3541 924 3591 humana
946 3537 1098 3604 glorificata,
1122 3543 1148 3587 et
1165 3538 1271 3601 Patris,

739 3616 766 3665 id
781 3623 822 3665 est
832 3612 968 3677 majestate
982 3611 1082 3670 divina,
1097 3625 1158 3677 quae
1172 3609 1225 3659 sibi
1247 3619 1272 3660 et

742 3684 810 3735 Patri
819 3693 859 3734 est
866 3682 1026 3741 communis,
1040 3697 1121 3747 quam
1128 3690 1217 3730 tamen
1229 3681 1272 3731 ha·
1303 3698 1307 3719 ··

740 3756 955 3815 betaPatresuo,
963 3759 989 3804 et
997 3750 1271 3818 sauctorumdngelo·

740 3841 808 3890 rum,
824 3824 871 3890 qui
891 3823 1128 3889 apparebuntcum
1141 3838 1181 3873 eo.
1192 3823 1270 3873 Tunc
1304 3862 1307 3891 :
