2632 4320
360 268 407 318 DE
421 265 787 318 TRANSFIGURATIONE
803 265 941 316 DOMINI.
1182 283 1214 338 19

97 385 281 453 requiescent3
305 384 391 434 Lucas
415 392 485 441 oct0,
509 380 574 448 quia
600 380 628 430 in

99 467 184 507 octava
203 454 416 517 resurrectionis,
431 468 541 518 corpora
557 453 628 502 San-

99 540 199 580 ctorum
224 529 252 578 in
280 528 393 594 gloriam
418 524 629 582 immortalitatis

96 612 242 670 resurgent.
262 601 313 651 Hic
332 616 395 666 ergo
410 611 471 666 post
498 615 544 650 sex
563 608 628 648 aeta-

97 684 133 724 res
157 672 354 740 quiescendum
369 686 427 720 esse
446 670 479 720 ab
498 668 571 720 omni
588 670 627 718 la-

96 747 173 808 bore3
197 754 223 795 et
239 743 276 793 ibi
291 754 384 793 octavo
398 752 518 808 tempore
536 757 627 791 resur-

98 817 209 882 gendum
224 814 358 880 designat.
374 812 461 872 Unde,
480 813 627 862 secundum

97 888 292 953 Hieronymum
308 894 337 934 et
351 883 495 946 Glossam,
512 883 564 933 hoc
578 883 627 932 be-

97 975 127 1010 ne
148 957 282 1025 mysterio
306 955 451 1006 convenit:
469 971 532 1005 nam
558 955 628 1006 sicut

97 1029 217 1082 Christus
236 1037 297 1094 post
313 1039 416 1078 sextam
439 1028 554 1088 sabbati,
575 1042 628 1093 qua

95 1119 197 1154 crucem
212 1100 343 1160 ascendit,
358 1109 384 1149 et
407 1110 467 1165 post
484 1100 626 1165 septimam

96 1176 204 1237 sabbati,
225 1188 280 1239 qua
302 1173 331 1222 in
351 1173 496 1238 sepulchro
515 1173 627 1239 quievit,

95 1257 182 1297 octava
211 1245 256 1294 die
288 1244 446 1308 resurrexim
472 1244 510 1294 sic
531 1253 557 1293 et
578 1259 628 1293 nos

97 1328 152 1382 post
165 1332 212 1366 sex
228 1314 324 1365 mundi
348 1324 447 1375 aetates,
463 1314 564 1380 quibus
579 1331 627 1380 pro

97 1390 210 1441 Domino
233 1387 352 1454 patimur
374 1398 400 1437 et
421 1388 584 1446 laboramus,
604 1398 629 1438 et

96 1473 152 1530 post
170 1461 318 1528 septimam
347 1460 447 1527 quietis
473 1459 627 1511 animarum

97 1548 152 1599 quae
172 1531 284 1582 interim
306 1531 334 1580 in
361 1530 413 1580 alia
438 1530 493 1580 vita
516 1531 626 1597 geritur,

67 1602 70 1606 ’
95 1613 181 1653 octava
190 1611 267 1652 aetate
280 1616 461 1666 resurgemus
474 1599 629 1668 Transfigu-

98 1673 160 1723 ratio
168 1688 234 1738 ergo
248 1671 300 1721 fuit
311 1671 337 1719 in
347 1680 438 1720 octava
451 1670 504 1731 die,
514 1672 579 1737 quia
594 1671 606 1720 f
619 1701 629 1708 -

99 1755 135 1796 tta
150 1756 191 1796 est
212 1745 246 1794 ad
269 1744 465 1794 ostendendum
489 1745 629 1810 discipulis

102 1817 154 1866 suis
165 1816 281 1882 gloriam
293 1815 496 1866 resurrectionis
520 1816 627 1876 futurae,

105 1902 161 1952 qua
172 1887 221 1936 erit
240 1887 269 1936 in
284 1897 376 1936 octava
395 1887 489 1935 mundi
508 1897 591 1946 aetate,
603 1897 630 1936 et

104 1970 203 2022 propter
216 1957 270 2006 hoc
280 1955 392 2022 figurata
404 1967 444 2006 est
452 1956 496 2006 hic
506 1971 553 2021 per
562 1967 629 2007 octa-

102 2043 154 2078 vam
165 2028 247 2078 diem.
265 2027 420 2092 Assumpsit
431 2037 521 2076 autem
538 2041 628 2077 secum

101 2109 148 2151 tros
161 2111 279 2160 tantum,
294 2109 324 2149 ut
338 2099 364 2148 in
382 2115 427 2149 ore
441 2099 525 2149 trium
548 2110 629 2151 staret

103 2173 290 2224 testimonium.
306 2172 381 2230 ltem,
395 2171 543 2237 insignum
556 2173 629 2238 quod

67 2252 69 2258 ’
102 2246 143 2310 qui
163 2260 238 2295 nunc
261 2243 343 2293 fidem
364 2243 504 2292 Trinitatis
518 2242 630 2294 firmiter

102 2316 251 2374 servabunt,
272 2325 337 2364 tunc
362 2313 390 2362 in
414 2323 512 2364 aeterna
525 2314 630 2365 visione

103 2387 256 2447 gaudebunt.
268 2385 337 2434 lstos
353 2395 442 2434 autem
453 2395 514 2445 tres,
529 2386 630 2436 scilicet

105 2454 224 2516 Petrum,
257 2455 386 2505 lacobum
424 2463 452 2504 et
482 2456 628 2519 loannem,

103 2527 245 2592 specialiter
269 2526 435 2592 asstrmpsit,
466 2527 530 2592 quia
560 2528 630 2578 istos

106 2594 264 2648 familiariter
294 2597 430 2663 diligebat.
461 2598 519 2647 Hoc
541 2609 629 2649 autem

105 2667 158 2721 lecit
179 2671 215 2722 ad
247 2670 446 2735 designandum
472 2671 545 2736 quod
565 2671 630 2737 qui-

103 2758 199 2812 cunque
234 2745 292 2795 vult
318 2743 431 2810 gloriam
456 2744 505 2794 Dei
531 2745 630 2806 videre,

104 2827 198 2880 oportet
217 2815 290 2882 quod
311 2813 392 2864 fidem
407 2825 540 2881 agnoscat,
563 2816 632 2867 sicut

104 2884 204 2948 Petrus3
219 2886 291 2952 quod
309 2885 374 2934 vitia
388 2886 548 2950 supplantet,
561 2887 632 2937 sicut

102 2952 223 3018 lacobus3
240 2955 313 3020 quod
327 2955 360 3004 ad
380 2955 448 3005 bene
464 2957 631 3020 operandum

100 3027 205 3090 gratiam
219 3026 324 3085 habeat,
338 3025 532 3076 sicutloannes
549 3028 632 3093 :quia

101 3110 176 3146 omne
187 3097 318 3146 meritum
336 3095 459 3146 consistit
476 3097 504 3146 in
520 3098 632 3148 creden-

99 3165 247 3226 doveram,
263 3165 291 3216 in
305 3166 463 3216 declinando
475 3167 586 3228 malum,
603 3167 632 3218 in

97 3234 217 3294 faciendo
231 3237 345 3288 bortum.
362 3236 437 3299 Item,
451 3238 485 3286 ad
496 3252 632 3288 commen·

98 3308 232 3361 dationem
248 3308 374 3358 omnium
393 3318 512 3359 statuum
536 3310 631 3361 Eccle-

95 3378 163 3429 εἰει
179 3395 244 3430 uam
271 3394 321 3445 per
344 3380 451 3428 Petrum
472 3379 632 3445 significan-

97 3461 139 3503 tur
163 3451 319 3518 oonjugati,
339 3453 382 3502 vel
407 3452 487 3502 etiam
512 3453 630 3518 praelati;

98 3538 143 3588 per
162 3524 304 3583 Jacobum,
321 3522 488 3589 prenitentes,
504 3525 544 3572 vel
563 3523 632 3573 acti-

96 3597 136 3659 ri;
176 3612 224 3663 per
256 3597 404 3656 loannem,
434 3596 562 3663 virgines,
591 3596 631 3647 vel

96 3666 218 3718 theorici.
232 3666 266 3716 Et
281 3666 391 3731 pulchre
406 3675 564 3717 ostensurus
588 3666 632 3716 di-

96 3737 209 3804 scipulis
249 3737 452 3788 resurrectionis
499 3739 631 3805 gloriam,

97 3809 292 3862 immittas
306 3809 395 3872 duxit,
405 3819 439 3860 ut
449 3811 632 3877 intelligamus

95 3879 160 3946 quia
176 3879 200 3931 al
219 3880 341 3946 eimdem
360 3881 563 3932 resurrectionis
574 3896 633 3948 par·

684 380 776 446 ticipes
791 394 849 430 esse
864 379 998 446 cupimus,
1015 396 1032 431 a
1050 383 1138 433 turbis
1155 399 1217 435 ma-

682 451 818 516 lignorum
841 451 984 502 hominum
1004 462 1034 502 et
1053 454 1217 507 tumultibus

681 523 766 573 seculi
781 523 860 573 divisi
877 539 934 574 esse
946 524 1085 575 debemus.
1100 526 1217 578 Pulchre

682 595 762 644 etiam
769 609 819 644 eos
832 595 858 644 t'n
872 602 986 646 montem
1006 597 1144 647 excelsum
1163 598 1216 648 du-

681 669 734 728 xit,
763 679 789 718 et
814 684 869 717 non
892 669 1008 729 vallem,
1034 680 1064 720 ut
1083 670 1216 722 discamus

681 739 795 805 gloriam
808 754 863 788 non
878 738 907 787 in
924 739 1056 804 profundo
1074 741 1156 806 hujus
1169 757 1216 793 se-

680 810 744 868 culi,
767 810 813 859 sed
838 809 866 858 in
887 824 971 874 regno
994 825 1115 876 supernae
1128 813 1215 862 beati-

681 881 785 931 tudinis
810 896 870 931 esse
892 882 1079 946 quaerendam;
1095 894 1122 934 et
1141 887 1215 950 quod

680 953 713 1002 ad
741 953 814 1002 illam
836 952 946 1018 gloriam
972 951 1070 1004 futurae
1095 971 1216 1007 resurre-

682 1025 780 1075 ctionis
804 1025 952 1090 pervenire,
967 1034 994 1074 et
1015 1025 1150 1079 indecore
1164 1044 1214 1078 suo
1237 1069 1242 1079 .

681 1098 822 1148 Christum
837 1097 925 1148 videre
938 1097 1114 1158 merebimur,
1125 1099 1147 1150 si
1160 1101 1215 1151 ima

682 1179 708 1219 et
727 1180 832 1219 terrena
855 1171 1015 1230 deserentes,
1035 1185 1064 1220 ac
1087 1172 1216 1224 sublimia

682 1251 709 1291 et
731 1241 848 1291 coelestia
866 1241 1057 1300 desiderantes,
1073 1253 1163 1292 mente
1185 1244 1214 1294 in

682 1312 835 1363 coelestibus
854 1308 1020 1363 habitemus.
1045 1312 1158 1363 Necesse
1176 1324 1218 1365 est

683 1385 756 1434 enim
776 1385 905 1435 omnibus
925 1385 972 1451 qui
992 1385 1079 1435 Deum
1094 1397 1218 1438 contem-

683 1457 748 1521 plari
774 1457 935 1510 desiderant.
949 1466 980 1506 ut
996 1473 1050 1506 non
1071 1456 1100 1505 in
1115 1455 1218 1507 infimis

682 1531 864 1596 voluptatibus
881 1532 988 1594 jaceant,
1002 1532 1050 1580 sed
1064 1547 1171 1596 semper
1183 1531 1217 1581 ad

682 1602 799 1652 coelestia
810 1618 839 1652 se
851 1601 964 1666 erigant.
982 1603 1111 1653 Ascendit
1128 1614 1218 1653 autem

683 1672 712 1721 in
724 1682 854 1730 montem,
869 1677 1010 1733 attereret,
1027 1672 1145 1722 innuens
1161 1688 1217 1722 ora-

683 1755 757 1794 turos
780 1744 808 1793 in
828 1754 951 1793 montem
972 1744 1103 1794 virtutum
1129 1760 1218 1796 ascen·

683 1815 753 1876 dere,
768 1825 795 1864 et
808 1829 926 1873 sursum,
954 1830 1009 1864 non
1034 1814 1062 1862 in
1077 1815 1140 1863 imis
1153 1819 1216 1864 cor-

683 1890 716 1938 da
740 1888 853 1948 habere,
878 1903 907 1938 ac
930 1887 1066 1937 continuis
1093 1888 1216 1952 precibus

682 1961 815 2011 insistere.
831 1960 864 2009 Et
883 1959 950 2009 bene
965 1975 1043 2009 mons
1057 1959 1107 2009 iste
1129 1959 1217 2010 dictus

683 2045 723 2084 est
750 2033 876 2092 Thabor,
899 2032 971 2098 quod
1000 2033 1120 2083 accessio
1147 2033 1217 2083 lueis

680 2107 881 2171 interpretatur,
900 2105 963 2171 quia
977 2120 1057 2154 omne
1071 2107 1142 2171 quod
1158 2119 1216 2155 ma·
1280 2168 1283 2175 Ι

684 2179 842 2241 nlfestatur,
872 2179 902 2228 in
926 2179 1030 2229 lumine
1056 2178 1216 2230 manifesta·
1281 2178 1284 2183 '

682 2264 735 2303 tur.

715 2338 729 2372 2
749 2322 1025 2372 Tanusrrouanrroms
1050 2336 1216 2372 umacucorr.

683 2422 713 2431 -
728 2391 846 2442 Effectus
867 2403 957 2442 autem
982 2391 1110 2443 orationis
1125 2403 1218 2442 osten-

683 2465 738 2520 dit,
759 2473 868 2527 propter
890 2462 955 2528 quid
989 2461 1089 2522 oravit,
1117 2463 1219 2514 scilicet

684 2544 793 2599 propter
805 2533 917 2599 gloriam
934 2532 1031 2582 futurae
1044 2534 1218 2584 resurrectio-

686 2603 728 2654 nis
748 2601 804 2652 suis
829 2602 1050 2652 manifestandam
1070 2603 1217 2668 Apostoli&

684 2674 756 2724 Dum
778 2672 851 2722 enirn
879 2678 978 2735 oraret,
1003 2673 1217 2739 transfiguratus

685 2750 726 2794 est
744 2750 806 2794 ante
829 2757 883 2794 eos.
907 2744 967 2793 Non
985 2742 1050 2792 dicit
1070 2744 1218 2810 transfigu-

685 2817 752 2868 ravit
778 2834 815 2878 se,
844 2827 875 2867 ut
894 2827 1001 2867 notetur
1015 2817 1085 2867 actio
1109 2817 1167 2868 fieri
1184 2833 1217 2868 ex

686 2889 805 2954 potentia
831 2887 980 2947 Trinitatis,
1001 2889 1046 2938 sed
1071 2887 1098 2936 in
1123 2899 1218 2938 natura

686 2959 871 3009 humanitatis.
892 2959 925 3008 Et
948 2959 1015 3008 bene
1033 2958 1095 3008 dum
1115 2966 1217 3023 oraret,

680 3031 760 3096 sacta
773 3036 814 3080 est
826 3030 915 3080 altera
932 3030 1033 3096 species
1046 3030 1135 3080 vultus
1149 3030 1217 3097 ejus,

686 3100 773 3150 fervor
784 3099 856 3150 enim
869 3110 895 3150 et
908 3100 1014 3150 devotio
1027 3101 1155 3151 orationis
1167 3102 1219 3151 dis-

686 3170 784 3236 positio
800 3181 840 3220 est
865 3169 898 3218 ad
918 3168 1181 3236 transfigurationem
1191 3179 1219 3220 et

686 3242 813 3293 exstasim
825 3241 934 3293 mentis.
948 3243 1026 3293 Unde
1037 3244 1138 3299 Petrus,
1152 3244 1219 3292 dum

686 3326 781 3373 oraret,
799 3313 885 3364 factus
899 3324 939 3364 est
954 3312 1096 3364 in'exstasi
1111 3312 1218 3363 mentis.

686 3385 816 3450 Conspice
831 3385 899 3434 bene
912 3384 971 3444 ista,
986 3395 1014 3434 et
1025 3394 1051 3448 te
1062 3392 1219 3449 presentem

666 3456 794 3514 ‘exhibe
807 3454 871 3520 quia
890 3454 1032 3520 magnifica
1053 3461 1117 3502 sunt
1133 3452 1219 3503 valde.

687 3526 863 3594 Rerplenduit
880 3527 952 3576 enim
963 3526 1054 3591 facies
1076 3523 1134 3588 ejus
1150 3523 1221 3575 sicat

687 3599 736 3659 rol,
760 3597 816 3647 imo
839 3598 901 3662 plus
920 3611 1001 3663 quam
1019 3594 1068 3652 sol,
1083 3593 1130 3643 sed
1149 3595 1221 3645 nihil
1253 3603 1255 3608 “

686 3668 768 3719 habet
782 3668 879 3718 clarius
894 3669 936 3718 cui
951 3675 1130 3730 comparatum
1142 3666 1221 3717 verti·

686 3748 775 3791 menta
797 3747 885 3791 autem
899 3738 956 3805 ejus
972 3737 1054 3802 sacta
1075 3745 1137 3788 sunt
1157 3737 1221 3788 alba

686 3811 756 3861 rictu
766 3812 827 3872 nix,
843 3821 869 3861 et
887 3809 926 3859 sic
940 3806 1052 3874 perfusa·
1063 3808 1174 3867 lumine,
1189 3816 1221 3858 ut

682 3881 745 3932 alba
766 3891 841 3932 extra
873 3888 1037 3945 apparerent.
1063 3879 1219 3931 Secundum
