2632 4320
112 254 160 305 DE
171 255 378 310 OssLATlONE
392 260 767 322 v1DUAE,ACPHAR15AE1
784 263 834 314 ET
848 263 982 315 PUBLlC.
999 265 1106 316 ORAT.
1132 264 1183 316 233

64 368 121 433 illo,
144 371 172 421 id
194 381 234 423 est
252 374 313 439 plus
329 391 411 440 quam
424 376 484 440 ille;
497 377 548 437 vel,
563 378 598 427 ab

63 440 121 503 illo,
139 442 168 491 id
189 453 229 494 est
252 460 306 510 prae
324 447 371 497 illo
397 458 551 500 remanente
567 449 597 498 in

64 510 175 564 faecibus
189 514 255 565 suis.
264 516 296 566 Et
309 517 405 569 merito
420 520 506 586 magis
515 535 596 586 quam

63 583 110 634 isse
133 600 141 634 t
165 587 229 653 quia
254 588 369 642 habebat
396 592 441 644 ille
465 593 596 658 justitiam

63 668 142 705 suam
157 670 358 725 praesumptam,
375 661 420 712 hic
432 678 537 728 veram;
551 663 597 715 ille

62 729 134 793 apud
150 731 226 782 sede
241 733 377 797 operibus,
392 734 437 786 hic
448 752 511 786 vero
526 737 596 802 apud

62 796 161 863 Deum,
176 816 208 852 ex
229 801 282 852 fide
301 803 461 868 justificatus
474 818 528 870 est;
551 807 597 857 ille

60 871 137 922 enim
152 875 266 939 superbe
283 876 316 926 de
328 877 406 928 bonis
422 879 595 946 gloriabatur,

61 945 108 996 hic
137 947 280 1000 humiliter
310 953 379 1002 mala
409 952 595 1006 confitebatur.

62 1015 125 1078 Sed,
139 1020 289 1070 secundum
298 1025 487 1088 Augustinum,
499 1026 596 1076 melior

61 1097 103 1138 est
119 1087 148 1138 in
169 1091 248 1141 malis
263 1091 340 1142 factis
358 1093 471 1144 humilis
485 1095 595 1146 confes-

60 1158 112 1220 sio,
126 1176 209 1226 quam
226 1163 255 1213 in
274 1163 352 1215 bonis
367 1167 481 1232 superba
493 1167 595 1234 gloria-

59 1231 108 1282 tio.
130 1234 165 1284 Et
188 1233 232 1284 hic
251 1244 291 1285 est
313 1247 502 1303 argumentum
521 1240 594 1305 quod

62 1304 161 1355 melior
174 1316 214 1357 est
231 1318 352 1372 peccator
365 1308 488 1374 humilis,
512 1326 594 1377 quam

59 1377 150 1442 justus
162 1379 304 1444 superbus,
321 1380 386 1446 quia
399 1397 430 1432 eo
447 1381 506 1447 ipso
520 1383 594 1449 quod

60 1446 185 1514 pe’ccator
207 1466 235 1500 se
261 1450 395 1514 humiliat,
417 1454 470 1519 iam
485 1465 595 1506 nonest

60 1532 199 1587 peccat0r;
217 1532 244 1573 et
267 1525 353 1589 justus
376 1541 408 1576 eo
439 1527 498 1593 ipso
521 1529 594 1594 quod

60 1595 192 1660 superbit,
207 1597 259 1660 jam
277 1614 330 1648 non
344 1608 384 1649 est
400 1599 496 1663 justus.
514 1601 593 1652 Unde

59 1664 133 1716 idem
149 1669 320 1734 Augustinus
335 1688 343 1721 .·
359 1689 373 1718 u
391 1671 592 1723 Enumeratioui

59 1737 220 1788 meritorum
231 1740 386 1805 praeferetur
394 1741 527 1793 confessio
537 1759 594 1809 pec-

58 1816 189 1868 catorum,
203 1819 313 1876 propter
324 1813 397 1878 quod
415 1811 514 1863 dicitur
528 1829 535 1864 ι
548 1814 592 1865 Ita

57 1879 192 1943 gaudium
215 1882 269 1932 erit
290 1882 317 1933 in
343 1884 409 1936 coelo
437 1897 519 1952 super
541 1900 592 1937 uno

52 1955 199 2015 peccatore
204 1952 387 2016 poenitentiam
397 1962 504 2020 agente,
514 1971 592 2022 quam

56 2033 138 2086 super
156 2024 306 2089 nonaginta
325 2040 416 2077 novem
432 2026 527 2093 justis,
546 2029 594 2094 qui

57 2103 109 2142 non
126 2091 250 2158 indigent
263 2095 430 2161 poenitentia,
447 2096 475 2146 id
491 2099 590 2165 estqui

58 2177 112 2212 non
138 2175 265 2229 reputant
283 2181 312 2217 se
331 2167 451 2234 indigere
465 2168 546 2220 illa.»
563 2175 591 2222 ln

57 2249 112 2301 quo
126 2235 199 2288 miro
213 2240 296 2290 modo
319 2240 476 2306 reprimitur
495 2259 592 2311 super-

59 2304 101 2355 bia
115 2306 247 2370 humana,
263 2320 293 2361 ut
314 2327 369 2361 non
386 2311 419 2362 de
433 2312 490 2364 suis
507 2315 592 2365 meri-

58 2375 93 2428 tis
102 2376 231 2429 homines
242 2392 417 2445 praesumant.
431 2382 484 2434 Ubi
494 2385 591 2438 Beda:

59 2449 232 2510 «Quantam
256 2452 341 2502 venia
363 2452 489 2505 fiduciam
510 2455 591 2524 digne

59 2520 252 2584 poenitentibus
270 2523 379 2588 praebet,
405 2525 477 2591 quod
495 2526 591 2578 Publi-

57 2605 137 2643 canos
161 2594 210 2659 qui
243 2605 345 2646 reatum
378 2613 434 2648 suae
461 2601 589 2666 nequitiae

58 2662 172 2727 perfecte
191 2667 328 2733 cognovit,
345 2667 429 2729 flevit,
449 2670 590 2724 confessus

57 2743 108 2797 est;
124 2734 176 2786 etsi
189 2735 306 2801 injustus
316 2739 349 2788 ad
361 2740 493 2806 templum
506 2743 588 2803 veuit,

57 2802 218 2866 justificatus
242 2823 257 2857 a
280 2809 380 2875 templo
403 2810 490 2862 rediit.
506 2832 519 2859 n
535 2814 588 2865 Ubi

58 2885 82 2926 et
95 2878 258 2930 Ambrosius
273 2898 281 2930 :
296 2900 310 2927 a
325 2881 477 2933 lntroduxit
493 2884 589 2935 Phari-

58 2961 140 3001 saeum
170 2959 197 3002 et
223 2951 403 3005 Publicanum
432 2954 458 3005 in
488 2959 590 3025 templo

59 3029 172 3081 orantes,
189 3032 214 3071 et
234 3023 326 3075 docuit
339 3024 444 3076 etiamsi
460 3028 530 3078 bona
544 3045 590 3080 ce-

59 3098 111 3142 tera
125 3091 234 3152 habeat,
257 3095 329 3160 quod
353 3097 439 3162 magis
457 3100 589 3165 superbus

59 3159 183 3222 offendat,
204 3178 286 3230 quam
311 3165 424 3217 humilis
444 3169 491 3234 qui
516 3171 589 3221 nulla

58 3229 187 3284 virtutum
201 3234 264 3285 dote
276 3235 409 3288 subnixus
423 3238 466 3290 sit.
482 3241 590 3292 Studuit

58 3302 126 3354 caim
154 3303 280 3356 diabolus
307 3310 479 3374 supplantare
508 3311 588 3363 bonis

57 3375 184 3439 operibus
200 3377 327 3430 intentos.
350 3381 486 3440 Quantum
512 3384 589 3435 labo-

57 3445 121 3497 ravit
137 3446 290 3501 Pharisaeus
303 3451 393 3503 illene
407 3464 510 3519 raperet
521 3455 588 3505 alie-

57 3529 97 3579 ua,
112 3532 148 3569 ne
160 3518 276 3584 injustus
286 3531 364 3582 esset,
376 3538 409 3574 ne
419 3524 586 3586 adulteraret,

57 3600 87 3665 ne
99 3600 221 3654 peccaret
234 3590 303 3642 sicut
314 3593 487 3658 Publicanus‚
500 3605 530 3646 ut
545 3596 587 3646 bis

56 3671 83 3706 tn
108 3659 223 3710 sabbato
244 3662 388 3727 jejunaret,
416 3674 447 3715 ut
470 3665 587 3717 decimas

54 3727 128 3782 daret
156 3732 282 3784 omnium
317 3750 378 3802 quae
412 3738 585 3804 acquireret!

55 3800 124 3860 Quis
141 3812 267 3854 nostrum
286 3803 343 3856 haec
366 3805 446 3858 fecit?
467 3809 588 3861 Advertit

53 3873 104 3924 hoc
115 3873 253 3936 diabolus,
267 3885 292 3926 et
304 3877 419 3943 perfodit
427 3895 490 3931 eum
500 3883 588 3933 ulcere

651 378 733 444 gravi,
750 387 781 428 ut
798 389 888 430 mente
908 379 995 431 carnis
1014 379 1132 440 inflatus,
1154 381 1183 431 in

651 465 682 501 eo
697 450 726 501 in
737 467 791 518 quo
801 452 944 503 laudabilis
954 452 1011 504 fore
1022 454 1181 515 crederetur,

651 521 688 572 ibi
709 523 948 589 reprehensibilior
967 525 1129 590 judicaretur
1145 542 1152 575 :
1168 545 1182 573 u

650 591 706 643 haec
718 593 886 646 Ambrosius.

681 662 697 713 6
721 664 780 714 Non
795 681 828 715 rur
853 680 982 716 ornamus
999 681 1181 727 oronrnnnun,

649 750 696 785 san
711 751 856 786 nunrnrran
877 751 903 786 ru
918 751 1015 786 enarra
1036 752 1183 787 conmonu-

649 821 712 856 nun.
732 834 762 844 -
779 805 830 856 llic
857 821 921 872 ergo
942 807 1103 865 ostenditur,
1128 824 1182 857 non

649 878 822 945 exoperibus
844 894 902 930 esse
923 878 1112 945 gloriandum;
1135 880 1182 929 sed

648 951 789 1002 humiliter
812 952 842 1003 in
867 952 952 1019 gratia
979 951 1181 1003 confidendum.

649 1024 728 1075 Unde
753 1023 901 1076 Basilius:
917 1043 930 1070 u
947 1023 1017 1074 Cum
1039 1023 1182 1074 accesseris

648 1095 681 1145 ad
708 1087 908 1160 praedicandum
932 1093 1088 1154 Dominum,
1117 1110 1181 1158 pro-

648 1173 735 1215 sterne
762 1175 788 1215 te
818 1163 959 1214 humiliter
988 1163 1017 1213 in
1038 1173 1181 1229 conspectu

647 1236 719 1300 ejus;
735 1251 784 1286 nec
799 1236 919 1302 postules
936 1235 1084 1303 quidquam
1103 1234 1180 1301 quasi

647 1323 680 1359 ex
705 1308 789 1374 gratia
815 1308 973 1359 meritorum
1005 1317 1124 1358 tuorum.
1149 1307 1182 1358 Et

647 1377 671 1428 si
686 1387 726 1429 est
739 1377 788 1428 tibi
806 1377 971 1428 conscientia
986 1377 1099 1442 alicujus
1115 1376 1180 1427 boui

647 1450 746 1516 operis,
762 1450 817 1500 cela
839 1450 923 1511 illam,
938 1459 977 1514 ut,
994 1459 1020 1500 te
1042 1449 1180 1500 silentium

647 1531 748 1587 agente,
764 1519 948 1585 multipliciter
962 1521 1011 1570 tibi
1026 1521 1182 1571 restituatur

646 1591 808 1656 aDomin03
822 1601 848 1642 et
862 1602 967 1657 peccata
982 1602 1028 1642 tua
1042 1592 1097 1642 cito
1114 1608 1180 1659 pro-

646 1663 698 1712 duc
712 1663 740 1712 in
753 1662 884 1722 medium,
899 1672 929 1712 ut
941 1662 1026 1735 deleat
1037 1678 1067 1712 ea
1081 1662 1179 1712 Domi-

647 1750 708 1795 nus,
721 1749 782 1785 cum
797 1733 933 1784 confessus
954 1733 1036 1785 fueris
1058 1750 1096 1785 ea.
1118 1735 1179 1784 Non

646 1815 672 1856 te
689 1804 816 1870 justifices
831 1820 920 1865 orans,
936 1820 970 1855 ne
992 1805 1061 1855 sicut
1082 1804 1179 1854 Phari-

645 1892 715 1927 saeus
736 1875 790 1938 ille,
805 1892 882 1927 exeas
900 1876 1103 1927 condemnatus.
1120 1877 1180 1925 Me-

646 1957 738 1998 mento
762 1946 911 2008 Publiceni,
934 1956 965 1997 ut
985 1944 1021 1996 ita
1045 1946 1113 1996 sicut
1134 1944 1180 1996 ille

644 2020 750 2071 veniam
776 2019 935 2071 delictorum
962 2028 1071 2069 tuorum
1100 2019 1179 2068 inve-

644 2091 703 2141 nias
718 2107 725 2142 :
741 2109 755 2139 u
768 2090 827 2142 haec
841 2090 973 2140 Basilius.
985 2090 1037 2141 Ubi
1050 2099 1075 2139 et
1090 2089 1179 2157 Chry·

644 2167 777 2212 sostomus
800 2177 809 2212 :
834 2178 848 2208 u
874 2161 1004 2212 Geminas
1024 2159 1131 2226 aurigas
1151 2169 1177 2210 et

644 2231 710 2282 duas
723 2231 808 2297 bigas,
821 2229 848 2279 in
863 2230 949 2281 stadio
963 2230 1073 2296 positas,
1088 2245 1177 2280 sermo

645 2318 763 2368 praesens
789 2303 919 2370 proponit
935 2302 985 2354 :in
1008 2303 1089 2353 altera
1112 2301 1178 2369 qui-

643 2374 705 2425 dem
731 2373 861 2438 justitiam
888 2389 949 2425 cum
981 2374 1121 2440 superbia;
1150 2372 1177 2422 in

643 2446 725 2495 altera
739 2454 875 2510 peccatum
894 2455 920 2494 et
934 2445 1125 2495 humilitatem.
1145 2443 1178 2492 Et

642 2515 718 2565 vides
729 2515 820 2580 bigam
842 2514 942 2580 peccati
956 2529 1080 2579 superare
1099 2511 1178 2577 justi-

643 2585 718 2645 tiam,
734 2600 788 2635 non
805 2584 923 2651 propriis
937 2584 1050 2645 viribus,
1060 2585 1106 2633 sed
1121 2583 1176 2632 hu·

643 2655 766 2705 militatis
777 2656 938 2720 conjunctae3
957 2655 1032 2705 illam
1048 2669 1111 2704 vero
1126 2654 1176 2703 de-

642 2726 752 2787 victam,
767 2741 823 2776 non
837 2724 982 2792 fragilitate
996 2725 1115 2791 justitiae,
1128 2723 1175 2774 sed

643 2794 715 2850 mole
739 2810 766 2850 et
793 2809 899 2850 tumore
933 2799 1076 2866 superbiae.
1106 2799 1175 2848 Nam

643 2873 712 2923 sicut
726 2872 866 2922 humilitas
881 2887 928 2938 per
941 2873 982 2922 sui
1000 2871 1175 2922 eminentiam

643 2944 743 3010 peccati
765 2944 870 3009 pondus
894 2953 1010 3011 superat,
1032 2953 1057 2994 et
1077 2942 1180 2992 saliens

642 3014 748 3082 attingit
760 3016 865 3078 Deum;
881 3014 919 3065 sic
936 3014 1062 3082 superbia
1082 3015 1117 3065 ob
1132 3013 1174 3064 sui

644 3088 742 3137 molem
757 3087 791 3137 de
808 3086 880 3137 facili
895 3086 1024 3153 justitiam
1038 3086 1174 3152 deprimit.

641 3159 669 3209 Si
689 3174 752 3224 ergo
770 3160 847 3224 plura
870 3158 938 3210 facta
960 3169 1069 3210 strenue
1089 3174 1175 3224 geras,

641 3239 719 3295 putas
741 3239 831 3280 autem
855 3240 881 3281 te
904 3246 982 3297 posse
1002 3243 1173 3296 praesumere,

641 3311 696 3351 tota
711 3300 819 3351 caruisti
836 3301 966 3353 oratione.
980 3303 1007 3352 Si
1022 3317 1085 3352 vero
1100 3299 1174 3348 mille

640 3372 709 3423 feras
724 3372 752 3422 in
766 3374 931 3425 conscientia
943 3374 1027 3425 fasces
1039 3383 1172 3429 reatuum,

639 3455 666 3496 et
679 3445 731 3497 hoc
743 3447 832 3496 solum
847 3448 881 3498 de
901 3458 927 3498 te
945 3447 1036 3498 credas
1054 3445 1127 3512 quod
1146 3459 1175 3493 es

640 3517 750 3570 infimus
773 3521 907 3581 omnium,
930 3521 1043 3570 multam
1066 3519 1175 3569 obtine·

640 3589 683 3640 bis
692 3600 753 3640 ante
767 3590 854 3641 Deum
868 3589 1002 3641 fiduciam.
1018 3591 1080 3639 llaec
1092 3588 1175 3654 igitur

640 3659 724 3712 fastus
744 3660 848 3711 inflatio
866 3660 898 3711 ab
919 3659 985 3725 ipsis
1000 3659 1073 3710 coelis
1088 3668 1175 3724 potest

640 3731 790 3797 deprimere
804 3747 857 3781 non
881 3741 1019 3781 caventem
1029 3746 1036 3794 ;
1058 3729 1174 3780 humili-

641 3811 681 3854 tas
694 3820 757 3854 vero
774 3813 800 3854 et
812 3803 846 3853 ab
860 3803 919 3868 ipso
937 3802 1035 3870 abysso
1049 3814 1172 3853 reatuum

641 3875 783 3926 hominem
812 3874 969 3926 sublimare.
1005 3877 1068 3927 llaec
1100 3875 1172 3926 euim
