2632 4320
343 296 390 347 un
404 296 855 349 nususcrrnnonutaznm.
940 280 944 288 '

49 412 166 481 projicit.
188 412 250 463 Haec
269 411 320 462 tria
334 422 399 463 sunt
411 428 471 479 quae
484 413 581 464 Domi-

51 502 102 538 nus
118 485 237 536 libenter
246 484 346 546 visitat,
360 485 460 536 scilicet
475 503 482 536 :
497 485 583 552 poeni·

43 564 147 615 tentes,
170 555 270 607 activos
291 564 316 605 et
339 557 583 621 contemplativos:

53 627 223 693 poenitentes,
242 627 271 678 in
291 628 375 694 gratia
394 629 584 695 compunctio-

54 699 107 763 nis,
122 699 235 759 activos,
251 698 279 748 in
289 699 409 764 profectu
420 699 543 765 virtutis;
558 709 584 750 et

53 769 286 835 contemplativos,
306 769 334 818 in
349 771 464 835 puritate
484 769 583 821 verita·

54 839 96 890 tis.
115 839 167 889 Hic
185 849 248 889 nota
266 841 338 905 quod
353 840 391 890 illi
414 840 461 906 qui
476 840 584 891 Christo

55 912 112 976 plus
133 921 198 962 sunt
217 911 316 971 dilecti,
336 912 499 979 quandoque
523 913 584 978 plus

54 981 227 1034 infirmantur
244 995 270 1035 et
289 984 409 1051 graviora
422 987 492 1036 mala
505 985 585 1036 susti-

55 1065 125 1118 nent,
143 1070 228 1120 quam
243 1055 299 1106 alii.
320 1055 394 1106 Sicut
406 1057 479 1106 enim
496 1055 584 1107 medi-

54 1140 97 1176 cus
111 1125 215 1176 timens
227 1125 260 1175 de
272 1126 367 1176 morbo
382 1127 540 1192 periculose,
555 1134 585 1177 ut

53 1196 81 1246 de
93 1206 181 1254 acuta,
197 1195 300 1246 inducit
311 1197 451 1248 tertianam
463 1208 493 1249 ut
506 1208 584 1248 acuta

52 1267 178 1330 evitetur3
200 1266 240 1317 sic
260 1267 384 1319 Christus
407 1269 511 1320 inducit
535 1269 581 1320 in-

51 1336 190 1388 firmitates
217 1340 386 1404 corporales,
415 1351 445 1391 ut
471 1341 583 1391 morbus

51 1409 147 1461 animae
164 1410 333 1476 periculosus
346 1412 504 1473 declinetur,
519 1412 583 1479 quia

50 1494 143 1532 sumus
165 1480 246 1546 proni
265 1482 297 1531 ad
317 1483 479 1547 peccandum
501 1492 527 1532 et
550 1483 582 1533 ad

51 1553 151 1602 malum
178 1550 340 1604 faciendum.
366 1552 442 1603 Unde
463 1554 549 1620 Hugo
573 1572 582 1605 .·

51 1641 62 1670 ι
71 1623 221 1674 Praesciens
227 1623 361 1675 Dominus
371 1626 503 1691 quosdam
511 1627 582 1677 mul-

51 1706 75 1748 ta
95 1712 178 1763 posse
200 1712 316 1763 peccare,
339 1699 454 1764 flagellat
477 1715 522 1751 eos
548 1717 582 1753 ne

52 1777 169 1832 peccent;
191 1769 256 1834 quia
271 1768 366 1819 utilius
385 1779 425 1820 est
438 1770 477 1821 eis
494 1770 582 1838 frangi

52 1837 229 1904 languoribus
237 1839 271 1888 ad
280 1839 392 1889 salutem
396 1856 584 1907 ,quamrema-

56 1922 118 1959 nere
128 1909 278 1961 incolumes
290 1909 323 1959 ad
337 1910 553 1963 damnationem·
567 1933 581 1961 n

54 1978 110 2031 haec
133 1982 230 2051 Hugo.
257 1983 307 2033 Sed
327 1983 466 2034 attendant
486 1984 514 2034 hi
536 1985 584 2051 qui

52 2044 235 2112 infirmantur,
256 2053 299 2102 vel
319 2052 483 2106 tribulantur
503 2065 534 2106 ut
555 2073 583 2107 se

52 2123 195 2191 corrigant,
211 2125 276 2192 quia
290 2125 336 2176 ille
353 2127 400 2211 qui
421 2128 481 2193 jacit
496 2129 581 2195 sagit-

52 2205 103 2247 tam
113 2199 156 2248 vel
165 2197 283 2265 lapidem
294 2208 354 2264 post
363 2216 481 2266 signum
492 2218 581 2269 quan-

51 2275 77 2317 to
89 2267 163 2350 ..iacit
177 2267 356 2334 frequentius,
375 2280 447 2321 tanto
467 2273 582 2338 propin·

53 2338 140 2404 quius,
155 2339 193 2390 ita
207 2340 304 2407 quod
298 2358 328 2391 ιιι
346 2341 399 2392 fine
418 2344 582 2428 quandoque

54 2411 160 2478 signum
175 2413 274 2478 tangit;
289 2413 327 2464 sic
342 2424 402 2481 post
418 2432 477 2477 nos,
490 2417 537 2483 qul
553 2417 580 2467 in

55 2486 155 2536 mundo
178 2485 248 2537 sicut
273 2485 375 2552 sagittae
402 2487 511 2553 signum
534 2505 581 2539 su-

56 2568 121 2616 mus,
134 2571 210 2606 mors
227 2557 269 2606 vel
289 2557 362 2607 Deus
377 2557 439 2622 jacit
453 2558 582 2625 frequen-

56 2632 93 2675 ter
111 2641 160 2692 per
182 2625 354 2678 infirmitates
379 2638 405 2678 et
427 2628 581 2679 tribulatio-

59 2712 108 2759 nes,
132 2699 180 2750 sed
204 2710 307 2766 quanto
327 2699 496 2767 frequentius
521 2703 583 2768 jacit

59 2779 114 2834 post
128 2785 188 2854 nos,
203 2780 280 2823 tanto
293 2772 420 2823 directius
436 2783 463 2824 et
477 2774 583 2841 pericu-

60 2840 211 2906 losius,'n1si
225 2844 401 2911 corrigamur

89 2927 103 2961 a
119 2913 179 2974 Quo
196 2929 278 2979 sensu
296 2914 429 2967 Craursrus
440 2931 584 2968 urscrrunrs

62 2995 191 3035 utxuurr·
214 2984 338 3036 Lazarus
362 3002 458 3037 numus
482 3003 585 3038 nosrrea

63 3055 212 3106 mmrt-
227 3057 298 3107 Cum
312 3071 375 3122 ergo
389 3056 522 3128 Dominus
539 3073 586 3141 per

65 3127 181 3179 nuntium
204 3143 329 3179 sororum
352 3130 443 3180 Lazari
467 3131 584 3196 accepis-

66 3207 99 3248 set
112 3215 172 3251 eum
190 3201 332 3263 infirmari,
348 3202 444 3254 dixit.
462 3203 584 3270 Infirmi-

67 3273 102 3320 las
112 3272 167 3326 itaec
190 3290 242 3327 non
258 3281 298 3327 est
311 3275 350 3325 ad
361 3283 480 3341 mortem,
499 3277 526 3327 id
545 3286 585 3328 est

67 3341 277 3398 addetinendum
294 3361 357 3396 eum
375 3347 403 3396 in
418 3357 519 3412 morte,
538 3350 586 3399 sed

65 3426 109 3476 pro
124 3418 216 3483 gloria
229 3419 291 3482 Dei,
313 3419 412 3470 scilicet
433 3427 461 3470 ut
476 3420 586 3487 glorifi-

69 3490 130 3537 cetur
143 3490 232 3541 Filius
246 3491 299 3541 Dei
309 3505 360 3556 per
371 3506 438 3555 eam,
452 3491 480 3541 in
493 3501 586 3542 osten-

10 3568 12 3617 ζ
69 3552 134 3608 tione
145 3559 253 3612 virtutis
265 3576 329 3621 suae,
342 3572 367 3612 et
382 3577 428 3627 per
440 3562 586 3613 resuscita-

10 3632 13 3667 :
70 3623 157 3680 tionem
169 3631 262 3682 Lazari
276 3632 442 3683 declaretur
436 3649 464 3683 ιιι
477 3633 586 3684 Christo

70 3697 154 3752 verius
175 3701 312 3753 deitatis.
331 3713 357 3754 et
379 3703 423 3754 hic
448 3713 504 3754 erat
524 3703 587 3755 finis

71 3763 231 3825 infirmitatis.
246 3773 285 3824 Et
299 3775 398 3824 mansit
410 3775 499 3826 adhuc
519 3775 588 3827 duo·

73 3834 112 3890 bus
119 3841 207 3894 diebus
216 3853 292 3895 trans
303 3844 445 3895 Jordanem
459 3845 485 3895 in
497 3846 587 3896 eodem

73 3905 122 3963 boa
134 3912 180 3965 ubi
197 3925 264 3980 erat,
277 3916 453 3982 exspectando
472 3925 587 3967 mortem

1120 300 1168 367 137

636 413 738 474 Lazari,
757 414 804 480 qui
822 414 851 464 in
869 417 964 465 eodem
977 415 1021 466 die
1042 427 1166 468 mortuus

636 484 730 548 fuerat,
751 501 805 552 quo
824 485 959 537 Dominus
978 487 1103 538 nuntium
1121 503 1165 538 re·

636 555 715 622 cepit.
731 555 842 606 Distulit
855 571 957 617 sanare,
972 568 1003 609 ut
1019 569 1109 624 posset
1122 574 1165 609 re-

637 627 773 677 suscitare.
799 626 839 677 Ad
863 628 992 692 majorem
1013 630 1086 680 enim
1110 629 1164 680 mi-

637 698 719 749 raculi
745 699 932 749 certitudinem
952 711 978 750 et
1003 699 1165 752 evidentiam

637 769 812 835 exspectavit,
836 781 866 821 ut
890 771 963 821 illius
990 771 1164 838 quatriduum

636 844 824 910 compleretur,
840 860 871 895 ac
889 844 1041 895 mirabilius
1060 856 1086 896 et
1106 845 1164 912 glo-

637 914 736 966 riosius
762 915 941 966 suscitaretur.
968 916 1044 967 Unde
1069 917 1165 986 Chry-

636 992 770 1037 sostomus
784 1004 792 1038 .·
808 987 939 1038 «Mansit
951 988 1051 1039 duobus
1064 988 1165 1050 diebus,

637 1065 667 1105 ut
685 1056 785 1107 scilicet
799 1057 945 1124 exspiraret
958 1069 984 1108 et
998 1057 1165 1124 sepeliretur,

636 1134 666 1176 ut
694 1129 785 1180 nullus
811 1139 902 1196 posset
925 1130 1013 1180 dicere
1036 1128 1165 1195 quoniam

637 1198 757 1249 nondum
779 1200 935 1252 defunctum
962 1217 1024 1252 eum
1051 1199 1167 1250 suscita-

635 1269 683 1331 vit,
698 1272 745 1321 sed
761 1283 856 1339 stupor
871 1273 922 1324 fuit
940 1284 966 1325 et
981 1290 1036 1323 non
1052 1287 1134 1323 mors.
1150 1291 1164 1319 n

637 1340 669 1391 Et
683 1351 783 1406 postea,
798 1343 869 1394 inter
887 1343 939 1394 alia
955 1344 1030 1395 dixit
1044 1342 1166 1407 discipu-

636 1411 670 1463 lis
691 1413 749 1464 suis
770 1431 776 1464 :
800 1415 927 1482 Lazarus
948 1417 1051 1466 amicus
1074 1420 1164 1465 noster

635 1485 747 1548 dormit,
763 1488 811 1537 sed
823 1489 892 1538 vado
907 1495 935 1539 ut
949 1504 967 1539 a
980 1503 1071 1540 somno
1087 1486 1165 1538 exci-

637 1563 686 1607 tem
702 1572 770 1608 eum.
792 1559 905 1608 Mortem
928 1559 984 1622 ejus
1005 1569 1081 1609 vocat
1104 1557 1168 1606 dor·

635 1627 778 1678 mitionem
801 1639 827 1679 et
852 1644 999 1689 somnum,
1025 1628 1089 1695 quia
1114 1626 1166 1676 cito

634 1708 690 1749 erat
712 1710 889 1751 surrecturus.
909 1701 993 1764 Unde,
1016 1700 1165 1750 secundum

635 1770 830 1836 Augustinum,
851 1772 969 1821 Domino
994 1770 1042 1835 qui
1066 1777 1167 1834 poterat

635 1841 764 1892 suscitare
783 1842 948 1907 dormiebat;
965 1841 1025 1892 aliis
1042 1848 1165 1890 mortuus

635 1924 699 1973 erat,
709 1913 773 1980 quia
782 1923 837 1965 tarn
846 1913 933 1973 facile,
943 1913 999 1963 imo
1009 1911 1115 1962 facilius
1126 1919 1166 1960 est
1213 1931 1217 1935 ·

636 1984 745 2035 Christo
765 1985 892 2036 suscitare
912 1994 1050 2034 mortuum
1071 1982 1105 2031 de
1123 1995 1166 2031 se·

635 2055 747 2120 pulchro
762 2071 843 2122 quam
856 2056 931 2106 alteri
943 2055 1122 2105 dormientem
1132 2053 1165 2102 de

635 2127 712 2177 lecto.
733 2127 784 2177 Ubi
802 2127 940 2178 sciendum
960 2127 1034 2194 quod
1053 2138 1165 2175 somnus

635 2198 763 2265 accipitur
775 2200 868 2251 multis
881 2199 969 2250 modis
983 2215 989 2250 ι
1003 2198 1166 2265 quandoque

636 2284 684 2334 pro
705 2285 801 2321 somno
824 2281 933 2331 naturae,
949 2271 1020 2322 unde
1042 2270 1069 2320 in
1092 2268 1164 2318 lob:

635 2341 754 2393 Securus
776 2343 893 2394 dormies
899 2361 909 2407 ,·
932 2344 1095 2411 quandoque
1118 2354 1165 2404 pro

636 2427 733 2462 somno
758 2414 867 2474 mortis,
891 2415 963 2464 unde
986 2411 1132 2478 Apostolus
1158 2426 1165 2457 ε

635 2482 770 2534 Nolumus
784 2498 831 2534 vos
842 2485 972 2548 ignorare
984 2483 1016 2532 de
1030 2480 1164 2531 dormien-

636 2555 722 2617 tibus,·
742 2557 903 2623 quandoque
925 2571 973 2620 pro
993 2552 1166 2619 negligentia,

635 2624 728 2674 unde
721 2640 749 2674 ιιι
763 2626 892 2676 Psalmo:
907 2625 980 2676 Ecce
994 2638 1045 2674 non
1061 2621 1165 2672 dormi·

635 2697 931 2764 tubitnequedormiet3
944 2697 1106 2764 quandoque
1112 2709 1166 2760 pro

636 2786 731 2822 somno
740 2771 835 2837 culpae,
845 2773 918 2823 unde
928 2771 1074 2838 Apostolus
1088 2787 1094 2818 ε
1106 2768 1166 2818 Ex-

637 2857 721 2910 surge
740 2843 785 2908 qui
806 2843 908 2894 dormis
913 2860 924 2906 ,·
937 2843 1101 2908 quandoque
1117 2854 1166 2905 pro

636 2917 727 2998 quiete
737 2915 1058 2981 contemplationis,unde
1067 2913 1094 2963 in
1101 2913 1167 2964 Can-

637 2987 697 3039 ticis
710 3004 717 3036 :
730 2987 794 3053 Ego
807 2986 918 3047 dormio,
931 2992 957 3036 et
970 3001 1018 3037 cor
1030 3000 1113 3035 meum
1123 2983 1166 3034 vi-

636 3058 725 3124 gilat,·
752 3057 915 3122 quandoque
935 3073 983 3122 pro
1004 3056 1094 3122 quiete
1121 3053 1167 3103 fu·

637 3140 704 3180 turae
725 3127 827 3212 gloriae,
842 3128 914 3178 unde
934 3129 962 3178 in
984 3129 1091 3178 Psalmo
1110 3143 1116 3175 ι
1134 3125 1166 3175 Ιιι

633 3216 703 3271 paee
723 3203 750 3252 in
772 3200 898 3268 idipsum,
919 3203 1050 3253 dormiam
1075 3206 1100 3251 et
1120 3212 1165 3248 re-

638 3274 778 3340 quiescam.
801 3273 874 3323 Mors
894 3288 957 3323 vero
972 3273 1071 3323 dicitur
1092 3283 1167 3319 som·

640 3360 700 3404 nus,
718 3353 827 3409 propter
850 3359 925 3410 spem
949 3338 1164 3400 resurrectionis;

638 3426 664 3466 et
687 3415 746 3466 ideo
773 3431 846 3465 mors
874 3415 1013 3465 consuevit
1041 3408 1166 3488 appellari

639 3484 776 3545 dormiti0,
791 3485 824 3534 ab
838 3499 869 3534 eo
883 3495 1003 3549 tempore
1017 3497 1072 3564 quo
1086 3477 1166 3529 Chri-

639 3568 697 3610 stus
712 3572 835 3611 mortuus
849 3569 889 3608 est
904 3569 929 3608 et
944 3554 1095 3608 resurrexit.
1114 3551 1168 3602 Di-

639 3630 737 3697 scipuli
754 3638 841 3683 autem
846 3628 1035 3713 intelligentes
1048 3626 1081 3675 de
1102 3623 1168 3674 dor·

640 3703 748 3754 mitione
766 3702 860 3763 somni,
882 3711 908 3751 et
928 3700 1053 3750 timentes
1075 3695 1169 3746 reverti

640 3774 669 3823 in
683 3774 811 3833 iudaeam,
826 3771 873 3822 ubi
885 3770 1009 3822 volebant
1022 3785 1085 3820 eum
1100 3767 1170 3833 lapi-

640 3845 711 3905 dare,
727 3844 856 3895 dixerunt
870 3842 895 3893 ei
908 3859 917 3893 :
932 3840 1052 3904 Domine,
1066 3842 1091 3890 si
1105 3839 1171 3890 dor-

640 3917 705 3977 mit,
732 3914 827 3966 satvus
851 3913 911 3964 erit.
937 3911 1071 3962 Dormitio
1098 3910 1171 3961 enim
