2632 4320
135 298 186 333 220
265 349 268 355 .

134 397 291 459 Jerusalem,
307 397 411 449 remisit
431 397 558 449 animalia
571 398 604 448 ad
626 398 666 447 lo-

135 484 199 519 cum
219 484 310 520 suum.

167 547 445 614 9Hurus1noarssus
471 547 570 597 Donrnr
591 561 665 604 Quo·

135 632 207 668 nono
231 618 359 668 Eccnmm
380 634 519 668 nonomen
540 633 664 678 anconrr,

136 715 166 725 -
189 688 348 738 Memoriam
378 689 459 753 hujus
483 688 665 755 processionis

135 760 282 811 Dominicae
305 761 398 812 recolit
417 761 536 812 Ecclesia
552 762 598 811 illa
612 761 665 812 die.

136 831 317 896 Egrediuntur
339 833 411 883 enim
427 832 518 883 fideles
539 848 600 884 cum
621 848 666 883 ra-

137 901 200 961 mis,
222 902 299 968 quasi
319 903 425 954 obviam
449 903 576 964 Domino,
593 913 666 954 extra

52 1010 55 1015 .
136 988 231 1024 muros
240 977 281 1025 vel
297 986 385 1041 septa;
405 990 494 1042 usquc
509 977 542 1026 ad
556 991 664 1026 crucem

135 1045 218 1111 aliqui
232 1047 342 1108 vadunt,
356 1047 384 1097 in
393 1063 447 1112 qua
459 1058 485 1099 et
493 1063 584 1100 ramos
595 1064 665 1115 quos

136 1125 240 1179 gestant
260 1117 398 1183 affigentes
417 1119 665 1186 deponuntstquasi

136 1186 235 1239 diceret
249 1190 365 1240 Ecclesia
380 1208 387 1240 ι
402 1191 475 1243 Mihi
494 1198 581 1242 autem
595 1191 668 1242 absit

136 1257 265 1322 gloriari,
281 1261 335 1310 nisi
357 1261 384 1310 in
404 1276 483 1312 cruce
501 1263 610 1314 Domini
624 1277 667 1314 no·

138 1328 190 1377 stri
200 1329 265 1379 Jesu
278 1330 388 1380 Christi.
400 1331 567 1398 Quandoque
576 1343 666 1383 autem

139 1397 199 1448 ideo
224 1409 295 1460 eunt,
323 1411 349 1450 et
378 1417 465 1468 usque
489 1403 522 1452 ad
549 1419 666 1468 crucem,

138 1471 216 1535 quasi
237 1471 275 1521 sic
299 1475 453 1525 ostendatur
477 1475 517 1526 eis
538 1492 594 1526 non
610 1491 668 1527 esse

138 1543 302 1606 sperandum
333 1544 361 1594 in
391 1547 556 1612 quantalibet
584 1547 669 1612 gloria

140 1613 244 1673 mundi,
265 1614 330 1679 quia
353 1623 476 1667 extrema
501 1618 598 1683 gaudii
632 1619 670 1668 lu·

139 1690 199 1734 ctus
214 1693 334 1753 occupat,
351 1699 377 1738 et
398 1690 496 1740 deinde
517 1706 579 1740 cum
592 1706 670 1741 cruce

141 1754 170 1804 in
196 1755 329 1807 civitatem
346 1760 543 1826 regrediuntur.
558 1763 608 1812 Pro
625 1777 671 1812 ea-

141 1827 202 1878 dem
225 1828 419 1894 significatione
434 1831 481 1882 illa
500 1833 553 1893 die,
573 1832 671 1897 gaudio

141 1899 321 1964 processionis
343 1902 469 1953 subditur
495 1904 672 1969 Evangelium

141 1971 292 2022 Dominicae
313 1973 457 2035 Passionis,
475 1974 543 2025 forte
570 1975 634 2041 quia
647 1984 673 2024 et

141 2041 275 2092 Dominus
299 2043 473 2093 exsultationi
498 2044 614 2095 inseruit
633 2044 674 2094 la-

142 2124 279 2178 mentum;
298 2125 325 2165 et
348 2131 398 2166 nos
423 2117 590 2181 processioni
610 2118 675 2167 Pas-

141 2185 255 2250 sionem,
271 2187 336 2253 quia
346 2188 436 2238 Passio
446 2188 497 2239 fuit
511 2204 589 2239 causa
598 2203 675 2239 ever-

141 2258 235 2319 sionis,
253 2275 301 2324 pro
322 2275 376 2325 qua
390 2259 472 2311 flevit.
496 2262 526 2311 ln
552 2261 675 2326 proximo

142 2344 205 2394 ergo
224 2330 294 2379 bella
311 2340 428 2391 acturus,
450 2341 475 2381 et
495 2332 528 2382 de
551 2332 676 2383 hostibus

141 2401 366 2466 triumphaturus,
401 2419 462 2454 cum
489 2405 628 2472 triumpho
654 2416 679 2457 et

143 2471 236 2537 gloria,
250 2483 275 2522 et
285 2474 318 2523 ad
327 2474 440 2540 impiam
454 2475 598 2536 civitatem,
610 2486 636 2527 et
645 2477 678 2526 ad

144 2543 233 2592 locum
257 2544 412 2595 certaminis
433 2545 570 2596 Dominus
588 2546 676 2609 venit;

75 2624 77 2629 ’
144 2625 170 2666 et
184 2624 271 2666 certus
294 2618 327 2668 de
346 2617 457 2669 victoria
479 2629 541 2670 ante
567 2620 678 2681 bellum,

144 2688 218 2754 quod
226 2688 283 2738 fieri
292 2706 348 2739 non
356 2691 432 2753 solet,
441 2690 613 2757 triumphum
623 2707 680 2742 sus-

144 2759 223 2824 cepit,
235 2761 306 2811 unde
320 2772 345 2811 et
357 2762 424 2812 rami
440 2763 601 2827 palmarum,
617 2778 678 2812 cum

145 2834 246 2900 quibus
261 2836 377 2901 gloriose
395 2846 536 2902 susceptus
550 2846 599 2900 est,
613 2852 678 2901 pro-

145 2907 276 2974 pinquam
285 2909 425 2959 victoriam
435 2924 516 2975 super
529 2909 678 2976 principem

146 2981 242 3031 mundi
260 2981 375 3048 signant.
398 2983 486 3033 Hodie
506 2998 569 3050 ergo
594 2993 679 3033 mater

147 3052 262 3104 Ecclesia
289 3053 356 3104 duas
378 3052 471 3104 recolit
485 3053 677 3119 processiones.

148 3123 237 3174 Prima
250 3123 312 3185 fuit,
328 3124 392 3190 quia
411 3124 495 3174 Judaei
511 3124 679 3174 Christuma

146 3203 239 3245 monte
273 3194 373 3244 Oliveti
407 3210 494 3260 usque
520 3194 677 3255 Jerusalem,

145 3280 208 3316 cum
229 3265 312 3315 ramis
326 3265 459 3315 olivarum
473 3275 499 3316 et
518 3267 677 3330 palmarum,

147 3345 173 3386 et
196 3335 300 3402 magnis
324 3334 436 3386 canticis
459 3335 676 3399 associaverunt;

146 3415 172 3457 et
190 3407 242 3457 ista
263 3405 399 3472 processio
425 3420 530 3470 magnae
554 3420 678 3456 reveren-

147 3480 192 3531 tiae
207 3490 232 3530 et
253 3479 364 3531 honoris
381 3478 442 3539 luit,
457 3489 484 3529 et
500 3480 570 3529 hanc
586 3478 678 3528 Eccle-

148 3555 188 3605 sia
210 3555 237 3605 in
259 3553 406 3619 Evangelio
424 3552 557 3603 hodierno
578 3566 678 3617 reprae-

147 3635 243 3676 sentat.
266 3624 387 3675 Secunda
421 3632 470 3683 est,
502 3622 567 3688 quia
593 3621 677 3672 Judaei

148 3695 288 3744 Christum
305 3694 480 3744 alerusalem
502 3692 535 3741 ad
556 3701 678 3741 montem

146 3765 284 3831 Calvariae,
307 3782 369 3816 cum
395 3763 500 3832 magnis
523 3762 678 3828 opprobriis

145 3844 172 3886 et
191 3836 364 3886 irrisionibus
385 3836 568 3893 deduxerunt;
586 3845 612 3886 et
626 3832 679 3883 ista

144 3906 279 3971 processio
296 3906 348 3956 suit
360 3920 463 3971 magnae
473 3903 632 3970 ignominiae
651 3912 678 3953 et

405 282 579 334 securiora
596 279 719 330 Pharis
733 280 851 333 carus
866 281 982 333 xxvtn.
1009 254 1015 277 '
1102 271 1109 295 ·

718 397 828 461 doloris,
842 408 869 449 et
882 399 952 449 hanc
966 408 1139 466 representat
1154 399 1254 451 Eccle-

718 468 757 521 sia
770 470 798 519 in
813 468 939 520 Passione
959 470 1102 521 hodierna.
1130 471 1161 520 ln
1186 470 1249 522 istis

718 541 932 607 processionibus
965 542 1117 594 ostenditur
1154 557 1252 610 magna

719 612 748 663 in
763 613 863 664 Judaeis
879 613 1065 679 multiplicitas
1078 613 1249 665 voluntatis:

719 685 821 736 namin
832 686 919 752 prima
931 701 994 737 curn
1008 701 1105 752 magna
1120 701 1250 737 reveren-

718 754 756 805 tia
770 765 796 806 et
807 756 949 807 devotione
972 755 1063 821 ipsum
1078 772 1161 822 supra
1186 756 1253 807 asel-

718 829 776 878 lum
802 837 957 893 posuerunt,
971 827 1000 876 in
1022 828 1139 878 secunda
1161 827 1253 894 ipsum

719 916 780 951 cum
798 918 893 968 magna
911 901 1061 968 ignominia
1075 901 1103 951 in
1130 901 1256 968 patibulo

719 975 930 1040 suspenderunt;
947 973 976 1023 in
997 973 1092 1039 prima,
1105 973 1256 1024 vestimen-

716 1054 743 1098 ta
757 1063 804 1097 sua
821 1047 849 1097 in
870 1047 913 1098 via
935 1055 1095 1106 straverunt,
1116 1045 1145 1095 in
1158 1061 1257 1097 secun-

717 1125 759 1184 da,
775 1122 915 1174 Christum
935 1122 992 1172 suis
1012 1121 1133 1172 vestibus
1157 1135 1256 1187 exspo-

717 1196 862 1259 liaverunt;
876 1194 904 1244 in
923 1195 1011 1260 prima
1020 1207 1109 1242 ramos
1122 1191 1257 1242 olivarum

720 1277 745 1317 et
758 1266 907 1331 palmarum
932 1264 984 1313 sibi
1006 1263 1112 1314 obviam
1131 1272 1258 1329 portave-

720 1347 793 1397 runt,
823 1335 851 1385 in
877 1335 995 1385 secunda
1018 1334 1109 1400 spinas
1132 1333 1259 1384 acutissi-

721 1423 779 1459 mas
794 1409 851 1473 ejus
873 1405 954 1472 capiti
976 1404 1134 1469 affixerunt3
1154 1405 1184 1454 in
1200 1403 1259 1470 pri-

722 1494 767 1529 ma
782 1479 983 1544 appellaverunt
1004 1492 1078 1535 eum,
1093 1476 1208 1540 Regem,
1227 1473 1256 1524 in

722 1549 838 1601 secunda
852 1557 1015 1614 negaverunt
1028 1556 1100 1609 eum,
1116 1545 1237 1596 dicentes
1251 1560 1258 1594 :

722 1624 785 1674 Non
796 1622 923 1672 habemus
929 1634 1029 1686 regem,
1040 1618 1093 1669 nisi
1107 1619 1260 1679 Coesarem5

723 1695 752 1745 in
766 1694 855 1760 prima
867 1693 1068 1759 appellaverunt
1088 1706 1152 1741 eum
1172 1688 1260 1740 Salva-

724 1776 820 1823 torem,
832 1764 952 1815 dicentes
969 1779 976 1811 :
991 1763 1135 1823 Hosanna,
1165 1760 1193 1809 id
1219 1768 1259 1810 est

725 1839 811 1899 salva,
827 1837 944 1896 obsecro,
961 1834 989 1884 in
1010 1833 1128 1884 secunda
1143 1845 1261 1899 negave-

726 1919 790 1960 runt
805 1908 894 1973 ipsum
917 1906 1088 1964 Salvatorem,
1112 1902 1161 1970 qui
1184 1902 1260 1952 dixe·

726 1989 790 2030 runt
803 1977 876 2045 quod
892 1975 1012 2041 seipsum
1026 1974 1128 2024 salvare
1143 1988 1200 2023 non
1214 1986 1261 2038 po·

727 2061 809 2115 terat3
833 2051 862 2099 in
897 2047 984 2113 prima
1011 2044 1138 2095 dixerunt
1168 2043 1258 2110 ipsum

728 2139 786 2174 esse
800 2122 982 2179 benedictum,
998 2128 1025 2170 et
1039 2119 1067 2168 in
1084 2117 1199 2167 nomine
1210 2116 1261 2166 Do·

729 2194 808 2257 mini,
841 2193 945 2243 scilicet
979 2189 1063 2240 Patris
1096 2189 1207 2240 venisse
1231 2185 1259 2236 in

729 2265 873 2327 mundum,
909 2263 937 2313 in
977 2260 1093 2312 secunda
1134 2259 1261 2309 dixerunt

729 2339 819 2404 ipsum
841 2351 899 2387 esse
925 2334 1132 2395 malefactorem,
1155 2340 1182 2382 et
1202 2329 1263 2380 ideo

730 2425 758 2460 se
779 2408 920 2458 tradidisse
940 2421 1013 2466 eum,
1037 2413 1063 2454 et
1094 2401 1182 2453 crucis
1198 2399 1264 2467 pati-

731 2482 795 2530 bulo
823 2477 995 2544 affigendum.
1016 2476 1081 2525 Ecce
1107 2480 1209 2539 quanta
1226 2471 1264 2520 in·

730 2551 861 2603 stabilitas
879 2551 908 2599 in
927 2548 987 2599 istis
1008 2545 1075 2596 fuit!
1098 2544 1163 2611 quia
1181 2557 1263 2610 quem

730 2633 836 2675 tanturn
856 2623 1065 2681 honoraverunt,
1086 2624 1149 2682 post
1171 2612 1264 2664 modi·

731 2710 802 2754 cum,
816 2690 997 2759 ignominiose
1006 2695 1198 2739 tractaverunt.
1210 2683 1263 2734 Sed

732 2777 840 2834 propter
852 2764 942 2831 gloriae
957 2759 1169 2828 processionem,
1183 2755 1264 2820 majo-

732 2853 788 2889 rem
803 2836 898 2887 habuit
915 2850 948 2884 ex
966 2829 1144 2896 consequenti
1157 2828 1264 2894 vitupe-

731 2909 772 2959 rio
781 2906 977 2958 confusionem.
988 2903 1065 2954 Unde
1076 2899 1239 2952 Bet-nardus
1253 2915 1263 2947 .·

732 2998 746 3027 a
761 2979 833 3039 Quid
847 2977 900 3028 luit
911 2977 984 3043 quod
1000 2972 1204 3041 processionem
1219 2970 1266 3020 ha·

732 3052 794 3102 bere
807 3050 902 3110 voluit,
915 3048 963 3115 qui
975 3062 1038 3097 mox
1050 3045 1170 3095 futuram
1180 3056 1266 3093 nove·

731 3132 771 3173 rat
796 3117 973 3172 Passionem?
995 3113 1132 3166 Processio
1154 3111 1266 3180 quidem

732 3192 828 3243 merito
837 3196 1038 3256 repraesentatur
1046 3183 1138 3244 hodie,
1148 3181 1216 3249 quia
1223 3181 1269 3231 ho-

731 3263 848 3315 dielacta
862 3260 921 3311 suit.
931 3258 1024 3309 Passio
1036 3271 1102 3308 vero
1116 3269 1165 3304 cur
1176 3252 1268 3304 addita

731 3345 779 3395 est,
805 3348 888 3400 quam
904 3340 979 3380 sexta
999 3327 1065 3378 feria
1082 3333 1190 3376 constat
1206 3335 1265 3373 esse

731 3402 869 3455 secutam?
884 3403 966 3452 Forte
997 3408 1026 3449 ut
1045 3395 1163 3447 amarior
1195 3401 1268 3445 esset

733 3474 834 3534 Passio,
852 3488 935 3540 quam
950 3467 1084 3536 processio
1107 3463 1265 3532 precessis-

731 3555 780 3596 set.
795 3564 808 3591 n
824 3545 856 3595 Et
870 3543 968 3593 iterum
983 3557 991 3590 ι
1006 3557 1020 3585 a
1033 3538 1094 3588 Non
1109 3535 1171 3586 sine
1185 3548 1268 3587 causa

732 3628 787 3668 tam
801 3631 872 3666 nova
895 3611 1031 3680 processio
1056 3608 1126 3660 mira
1146 3606 1266 3675 quadam

732 3685 923 3752 conjunctione
932 3682 1040 3734 additur
1050 3678 1185 3732 Passioni.
1200 3678 1269 3729 Nam

733 3757 868 3826 processio
893 3758 1020 3822 plausum
1048 3752 1147 3814 habet;
1175 3747 1269 3801 Passio

732 3844 795 3880 vero
806 3830 952 3894 planctum.
965 3824 1114 3875 Videamus
1122 3819 1193 3887 quid
1202 3833 1270 3871 con·

733 3899 799 3950 ferat
821 3898 871 3948 ista
883 3894 1045 3962 conjunctio.
1061 3890 1165 3958 Utique
1179 3899 1213 3943 ut
1224 3887 1271 3941 di-
