<?xml version="1.0" encoding="UTF-8"?>
<!DOCTYPE html PUBLIC "-//W3C//DTD XHTML 1.0 Transitional//EN"
    "http://www.w3.org/TR/xhtml1/DTD/xhtml1-transitional.dtd">
<html xmlns="http://www.w3.org/1999/xhtml" xml:lang="en" lang="en">
 <head>
  <title>
</title>
<meta http-equiv="Content-Type" content="text/html;charset=utf-8" />
  <meta name='ocr-system' content='tesseract 3.04.00' />
  <meta name='ocr-capabilities' content='ocr_page ocr_carea ocr_par ocr_line ocrx_word'/>
</head>
<body>
  <div class='ocr_page' id='page_1' title='image "./vitajesuchristi01rigogoog_0046.png"; bbox 0 0 2632 4320; ppageno 0'>
   <div class='ocr_carea' id='block_1_1' title="bbox 187 303 1242 374">
    <p class='ocr_par' dir='ltr' id='par_1_1' title="bbox 187 303 1242 374">
     <span class='ocr_line' id='line_1_1' title="bbox 187 303 1242 374; baseline -0.001 -16"><span class='ocrx_word' id='word_1_1' title='bbox 187 308 235 358; x_wconf 88' lang='lat' dir='ltr'>DE</span> <span class='ocrx_word' id='word_1_2' title='bbox 260 306 418 360; x_wconf 88' lang='lat' dir='ltr'>TRIBUTO</span> <span class='ocrx_word' id='word_1_3' title='bbox 444 306 513 356; x_wconf 90' lang='lat' dir='ltr'>PRO</span> <span class='ocrx_word' id='word_1_4' title='bbox 532 304 674 357; x_wconf 87' lang='lat' dir='ltr'>DOMINO</span> <span class='ocrx_word' id='word_1_5' title='bbox 689 303 737 356; x_wconf 84' lang='lat' dir='ltr'>ET</span> <span class='ocrx_word' id='word_1_6' title='bbox 753 304 872 356; x_wconf 89' lang='lat' dir='ltr'>PETRO</span> <span class='ocrx_word' id='word_1_7' title='bbox 893 305 1044 369; x_wconf 89' lang='lat' dir='ltr'>SOLUTO,</span> <span class='ocrx_word' id='word_1_8' title='bbox 1061 305 1142 357; x_wconf 90' lang='lat' dir='ltr'>ETC.</span> <span class='ocrx_word' id='word_1_9' title='bbox 1208 305 1242 374; x_wconf 86' lang='lat'>37</span> 
     </span>
    </p>
   </div>
   <div class='ocr_carea' id='block_1_2' title="bbox 110 421 651 633">
    <p class='ocr_par' dir='ltr' id='par_1_2' title="bbox 110 421 651 633">
     <span class='ocr_line' id='line_1_2' title="bbox 116 421 651 487; baseline -0.009 -12"><span class='ocrx_word' id='word_1_10' title='bbox 116 439 147 475; x_wconf 87' lang='lat' dir='ltr'>ex</span> <span class='ocrx_word' id='word_1_11' title='bbox 164 423 216 473; x_wconf 92' lang='lat' dir='ltr'>isto</span> <span class='ocrx_word' id='word_1_12' title='bbox 231 421 345 473; x_wconf 86' lang='lat' dir='ltr'>intravit</span> <span class='ocrx_word' id='word_1_13' title='bbox 364 422 496 487; x_wconf 75' lang='lat' dir='ltr'><em>cogitatio</em></span> <span class='ocrx_word' id='word_1_14' title='bbox 510 421 537 470; x_wconf 86' lang='lat' dir='ltr'>in</span> <span class='ocrx_word' id='word_1_15' title='bbox 552 435 605 482; x_wconf 85' lang='lat' dir='ltr'>eos,</span> <span class='ocrx_word' id='word_1_16' title='bbox 621 431 651 470; x_wconf 90' lang='lat' dir='ltr'>ut</span> 
     </span>
     <span class='ocr_line' id='line_1_3' title="bbox 119 493 650 559; baseline -0.004 -15"><span class='ocrx_word' id='word_1_17' title='bbox 119 494 201 544; x_wconf 90' lang='lat' dir='ltr'>Lucas</span> <span class='ocrx_word' id='word_1_18' title='bbox 223 493 299 552; x_wconf 86' lang='lat' dir='ltr'>dicit,</span> <span class='ocrx_word' id='word_1_19' title='bbox 314 494 373 559; x_wconf 85' lang='lat' dir='ltr'>quis</span> <span class='ocrx_word' id='word_1_20' title='bbox 392 507 483 544; x_wconf 86' lang='lat' dir='ltr'>eorum</span> <span class='ocrx_word' id='word_1_21' title='bbox 503 498 573 542; x_wconf 83' lang='lat' dir='ltr'>esset</span> <span class='ocrx_word' id='word_1_22' title='bbox 591 507 650 542; x_wconf 87' lang='lat' dir='ltr'>ma-</span> 
     </span>
     <span class='ocr_line' id='line_1_4' title="bbox 110 562 648 633; baseline -0.009 -17"><span class='ocrx_word' id='word_1_23' title='bbox 110 566 163 633; x_wconf 84' lang='lat' dir='ltr'>jor.</span> <span class='ocrx_word' id='word_1_24' title='bbox 197 565 334 616; x_wconf 81' lang='lat' dir='ltr'>Dominus</span> <span class='ocrx_word' id='word_1_25' title='bbox 370 575 460 615; x_wconf 92' lang='lat' dir='ltr'>autem</span> <span class='ocrx_word' id='word_1_26' title='bbox 494 565 587 615; x_wconf 92' lang='lat' dir='ltr'>videns</span> <span class='ocrx_word' id='word_1_27' title='bbox 621 562 648 612; x_wconf 94' lang='lat' dir='ltr'>in</span> 
     </span>
    </p>
   </div>
   <div class='ocr_carea' id='block_1_3' title="bbox 95 635 649 3919">
    <p class='ocr_par' dir='ltr' id='par_1_3' title="bbox 95 635 649 3919">
     <span class='ocr_line' id='line_1_5' title="bbox 115 635 649 702; baseline -0.006 -16"><span class='ocrx_word' id='word_1_28' title='bbox 115 646 204 686; x_wconf 89' lang='lat' dir='ltr'>mente</span> <span class='ocrx_word' id='word_1_29' title='bbox 223 635 420 702; x_wconf 90' lang='lat' dir='ltr'>discipulorum</span> <span class='ocrx_word' id='word_1_30' title='bbox 441 651 522 701; x_wconf 90' lang='lat' dir='ltr'>super</span> <span class='ocrx_word' id='word_1_31' title='bbox 536 635 587 685; x_wconf 89' lang='lat' dir='ltr'>hoc</span> <span class='ocrx_word' id='word_1_32' title='bbox 603 649 649 683; x_wconf 92' lang='lat' dir='ltr'>co-</span> 
     </span>
     <span class='ocr_line' id='line_1_6' title="bbox 112 709 648 775; baseline -0.006 -16"><span class='ocrx_word' id='word_1_33' title='bbox 112 709 271 775; x_wconf 86' lang='lat' dir='ltr'>gitationem</span> <span class='ocrx_word' id='word_1_34' title='bbox 313 719 452 769; x_wconf 74' lang='lat' dir='ltr'>exortam,</span> <span class='ocrx_word' id='word_1_35' title='bbox 490 709 648 774; x_wconf 85' lang='lat' dir='ltr'>priusquam</span> 
     </span>
     <span class='ocr_line' id='line_1_7' title="bbox 114 779 649 846; baseline -0.007 -15"><span class='ocrx_word' id='word_1_36' title='bbox 114 791 290 846; x_wconf 87' lang='lat' dir='ltr'><strong>augmentum</strong></span> <span class='ocrx_word' id='word_1_37' title='bbox 323 781 487 846; x_wconf 90' lang='lat' dir='ltr'>susciperet,</span> <span class='ocrx_word' id='word_1_38' title='bbox 522 779 649 829; x_wconf 89' lang='lat' dir='ltr'>radicitus</span> 
     </span>
     <span class='ocr_line' id='line_1_8' title="bbox 112 850 648 918; baseline -0.006 -16"><span class='ocrx_word' id='word_1_39' title='bbox 112 867 168 902; x_wconf 88' lang='lat' dir='ltr'>eam</span> <span class='ocrx_word' id='word_1_40' title='bbox 191 853 307 903; x_wconf 85' lang='lat' dir='ltr'>evellere</span> <span class='ocrx_word' id='word_1_41' title='bbox 332 852 440 912; x_wconf 89' lang='lat' dir='ltr'>volens,</span> <span class='ocrx_word' id='word_1_42' title='bbox 463 850 589 918; x_wconf 76' lang='lat' dir='ltr'>quesivit</span> <span class='ocrx_word' id='word_1_43' title='bbox 615 850 648 900; x_wconf 90' lang='lat' dir='ltr'>de</span> 
     </span>
     <span class='ocr_line' id='line_1_9' title="bbox 114 927 648 993; baseline -0.004 -17"><span class='ocrx_word' id='word_1_44' title='bbox 114 927 329 993; x_wconf 89' lang='lat' dir='ltr'>conquisitione,</span> <span class='ocrx_word' id='word_1_45' title='bbox 355 943 453 992; x_wconf 86' lang='lat' dir='ltr'>quarn,</span> <span class='ocrx_word' id='word_1_46' title='bbox 485 935 515 976; x_wconf 92' lang='lat' dir='ltr'>ut</span> <span class='ocrx_word' id='word_1_47' title='bbox 544 927 648 975; x_wconf 89' lang='lat' dir='ltr'>Marcus</span> 
     </span>
     <span class='ocr_line' id='line_1_10' title="bbox 112 996 648 1060; baseline -0.006 -13"><span class='ocrx_word' id='word_1_48' title='bbox 112 997 197 1060; x_wconf 83' lang='lat' dir='ltr'>refert,</span> <span class='ocrx_word' id='word_1_49' title='bbox 224 997 378 1048; x_wconf 85' lang='lat' dir='ltr'>habuerunt</span> <span class='ocrx_word' id='word_1_50' title='bbox 402 997 430 1046; x_wconf 93' lang='lat' dir='ltr'>in</span> <span class='ocrx_word' id='word_1_51' title='bbox 455 996 507 1048; x_wconf 87' lang='lat' dir='ltr'>via.</span> <span class='ocrx_word' id='word_1_52' title='bbox 530 997 563 1047; x_wconf 89' lang='lat' dir='ltr'>Et</span> <span class='ocrx_word' id='word_1_53' title='bbox 583 1004 648 1046; x_wconf 89' lang='lat' dir='ltr'>tunc</span> 
     </span>
     <span class='ocr_line' id='line_1_11' title="bbox 112 1066 647 1132; baseline -0.004 -15"><span class='ocrx_word' id='word_1_54' title='bbox 112 1068 136 1117; x_wconf 85' lang='lat' dir='ltr'>in</span> <span class='ocrx_word' id='word_1_55' title='bbox 156 1069 206 1119; x_wconf 88' lang='lat' dir='ltr'>illa</span> <span class='ocrx_word' id='word_1_56' title='bbox 220 1069 299 1132; x_wconf 84' lang='lat' dir='ltr'>hora,</span> <span class='ocrx_word' id='word_1_57' title='bbox 313 1068 434 1119; x_wconf 90' lang='lat' dir='ltr'>videntes</span> <span class='ocrx_word' id='word_1_58' title='bbox 447 1083 475 1117; x_wconf 92' lang='lat' dir='ltr'>se</span> <span class='ocrx_word' id='word_1_59' title='bbox 496 1066 647 1132; x_wconf 91' lang='lat' dir='ltr'>deprehen-</span> 
     </span>
     <span class='ocr_line' id='line_1_12' title="bbox 114 1137 647 1205; baseline -0.004 -17"><span class='ocrx_word' id='word_1_60' title='bbox 114 1154 154 1190; x_wconf 89' lang='lat' dir='ltr'>sos</span> <span class='ocrx_word' id='word_1_61' title='bbox 173 1140 209 1189; x_wconf 89' lang='lat' dir='ltr'>ab</span> <span class='ocrx_word' id='word_1_62' title='bbox 231 1139 293 1205; x_wconf 92' lang='lat' dir='ltr'>ipso</span> <span class='ocrx_word' id='word_1_63' title='bbox 313 1139 347 1189; x_wconf 92' lang='lat' dir='ltr'>de</span> <span class='ocrx_word' id='word_1_64' title='bbox 367 1137 538 1188; x_wconf 85' lang='lat' dir='ltr'>contentione</span> <span class='ocrx_word' id='word_1_65' title='bbox 560 1137 647 1203; x_wconf 80' lang='lat' dir='ltr'>majo-</span> 
     </span>
     <span class='ocr_line' id='line_1_13' title="bbox 113 1211 647 1272; baseline -0.004 -12"><span class='ocrx_word' id='word_1_66' title='bbox 113 1211 213 1272; x_wconf 88' lang='lat' dir='ltr'>ritatis,</span> <span class='ocrx_word' id='word_1_67' title='bbox 240 1216 412 1262; x_wconf 83' lang='lat' dir='ltr'>accesserunt</span> <span class='ocrx_word' id='word_1_68' title='bbox 442 1211 479 1260; x_wconf 83' lang='lat' dir='ltr'>ad</span> <span class='ocrx_word' id='word_1_69' title='bbox 509 1224 586 1270; x_wconf 89' lang='lat' dir='ltr'>eum,</span> <span class='ocrx_word' id='word_1_70' title='bbox 616 1217 647 1259; x_wconf 95' lang='lat' dir='ltr'>ut</span> 
     </span>
     <span class='ocr_line' id='line_1_14' title="bbox 114 1280 646 1346; baseline -0.004 -15"><span class='ocrx_word' id='word_1_71' title='bbox 114 1282 255 1333; x_wconf 84' lang='lat' dir='ltr'>Matthaeus</span> <span class='ocrx_word' id='word_1_72' title='bbox 266 1281 340 1342; x_wconf 90' lang='lat' dir='ltr'>dicit,</span> <span class='ocrx_word' id='word_1_73' title='bbox 354 1281 546 1346; x_wconf 87' lang='lat' dir='ltr'>respondentes</span> <span class='ocrx_word' id='word_1_74' title='bbox 562 1289 588 1330; x_wconf 91' lang='lat' dir='ltr'>et</span> <span class='ocrx_word' id='word_1_75' title='bbox 601 1280 646 1330; x_wconf 83' lang='lat' dir='ltr'>di-</span> 
     </span>
     <span class='ocr_line' id='line_1_15' title="bbox 112 1350 645 1417; baseline -0.006 -15"><span class='ocrx_word' id='word_1_76' title='bbox 112 1360 195 1403; x_wconf 86' lang='lat' dir='ltr'>centes</span> <span class='ocrx_word' id='word_1_77' title='bbox 219 1370 227 1402; x_wconf 90' lang='lat'><em>:</em></span> <span class='ocrx_word' id='word_1_78' title='bbox 252 1352 321 1412; x_wconf 86' lang='lat' dir='ltr'>Quis</span> <span class='ocrx_word' id='word_1_79' title='bbox 344 1359 426 1417; x_wconf 84' lang='lat' dir='ltr'>putas</span> <span class='ocrx_word' id='word_1_80' title='bbox 447 1351 534 1417; x_wconf 84' lang='lat' dir='ltr'>major</span> <span class='ocrx_word' id='word_1_81' title='bbox 558 1358 598 1400; x_wconf 85' lang='lat' dir='ltr'>est</span> <span class='ocrx_word' id='word_1_82' title='bbox 618 1350 645 1400; x_wconf 87' lang='lat' dir='ltr'>in</span> 
     </span>
     <span class='ocr_line' id='line_1_16' title="bbox 114 1424 645 1493; baseline 0 -19"><span class='ocrx_word' id='word_1_83' title='bbox 114 1440 194 1493; x_wconf 82' lang='lat' dir='ltr'>regno</span> <span class='ocrx_word' id='word_1_84' title='bbox 215 1426 353 1488; x_wconf 78' lang='lat' dir='ltr'>coelorum,</span> <span class='ocrx_word' id='word_1_85' title='bbox 378 1426 404 1475; x_wconf 90' lang='lat' dir='ltr'>id</span> <span class='ocrx_word' id='word_1_86' title='bbox 427 1436 466 1476; x_wconf 90' lang='lat' dir='ltr'>est</span> <span class='ocrx_word' id='word_1_87' title='bbox 485 1426 515 1476; x_wconf 89' lang='lat' dir='ltr'>in</span> <span class='ocrx_word' id='word_1_88' title='bbox 533 1424 645 1490; x_wconf 86' lang='lat' dir='ltr'>collegio</span> 
     </span>
     <span class='ocr_line' id='line_1_17' title="bbox 111 1495 645 1560; baseline -0.002 -14"><span class='ocrx_word' id='word_1_89' title='bbox 111 1497 249 1560; x_wconf 83' lang='lat' dir='ltr'>justorum,</span> <span class='ocrx_word' id='word_1_90' title='bbox 278 1498 320 1547; x_wconf 89' lang='lat' dir='ltr'>vel</span> <span class='ocrx_word' id='word_1_91' title='bbox 346 1495 442 1546; x_wconf 90' lang='lat' dir='ltr'>merito</span> <span class='ocrx_word' id='word_1_92' title='bbox 470 1496 499 1546; x_wconf 95' lang='lat' dir='ltr'>in</span> <span class='ocrx_word' id='word_1_93' title='bbox 530 1495 645 1545; x_wconf 85' lang='lat' dir='ltr'>Ecclesia</span> 
     </span>
     <span class='ocr_line' id='line_1_18' title="bbox 112 1565 644 1632; baseline -0.004 -16"><span class='ocrx_word' id='word_1_94' title='bbox 112 1567 249 1628; x_wconf 81' lang='lat' dir='ltr'>militante,</span> <span class='ocrx_word' id='word_1_95' title='bbox 273 1567 315 1617; x_wconf 91' lang='lat' dir='ltr'>vel</span> <span class='ocrx_word' id='word_1_96' title='bbox 339 1566 450 1632; x_wconf 79' lang='lat' dir='ltr'>praemio</span> <span class='ocrx_word' id='word_1_97' title='bbox 473 1566 501 1615; x_wconf 92' lang='lat' dir='ltr'>in</span> <span class='ocrx_word' id='word_1_98' title='bbox 525 1565 644 1615; x_wconf 85' lang='lat' dir='ltr'>Ecclesia</span> 
     </span>
     <span class='ocr_line' id='line_1_19' title="bbox 112 1635 643 1703; baseline -0.002 -17"><span class='ocrx_word' id='word_1_99' title='bbox 112 1635 309 1703; x_wconf 86' lang='lat' dir='ltr'>triumphante?</span> <span class='ocrx_word' id='word_1_100' title='bbox 333 1637 369 1687; x_wconf 87' lang='lat' dir='ltr'>Et</span> <span class='ocrx_word' id='word_1_101' title='bbox 391 1637 485 1686; x_wconf 86' lang='lat' dir='ltr'>volens</span> <span class='ocrx_word' id='word_1_102' title='bbox 508 1636 643 1686; x_wconf 89' lang='lat' dir='ltr'>Dominus</span> 
     </span>
     <span class='ocr_line' id='line_1_20' title="bbox 112 1709 642 1774; baseline 0 -16"><span class='ocrx_word' id='word_1_103' title='bbox 112 1709 271 1769; x_wconf 85' lang='lat' dir='ltr'>desiderium</span> <span class='ocrx_word' id='word_1_104' title='bbox 298 1709 390 1774; x_wconf 85' lang='lat' dir='ltr'>gloriae</span> <span class='ocrx_word' id='word_1_105' title='bbox 418 1709 571 1760; x_wconf 89' lang='lat' dir='ltr'>humilitate</span> <span class='ocrx_word' id='word_1_106' title='bbox 596 1724 642 1758; x_wconf 89' lang='lat' dir='ltr'>sa-</span> 
     </span>
     <span class='ocr_line' id='line_1_21' title="bbox 112 1782 641 1848; baseline 0.002 -17"><span class='ocrx_word' id='word_1_107' title='bbox 112 1797 178 1846; x_wconf 88' lang='lat' dir='ltr'>nare,</span> <span class='ocrx_word' id='word_1_108' title='bbox 190 1782 226 1832; x_wconf 85' lang='lat' dir='ltr'>ait</span> <span class='ocrx_word' id='word_1_109' title='bbox 243 1782 300 1832; x_wconf 90' lang='lat' dir='ltr'>illis</span> <span class='ocrx_word' id='word_1_110' title='bbox 320 1799 327 1832; x_wconf 74' lang='grc' dir='ltr'>ι</span> <span class='ocrx_word' id='word_1_111' title='bbox 346 1783 379 1832; x_wconf 91' lang='lat' dir='ltr'>Si</span> <span class='ocrx_word' id='word_1_112' title='bbox 394 1783 454 1848; x_wconf 86' lang='lat' dir='ltr'>quis</span> <span class='ocrx_word' id='word_1_113' title='bbox 469 1783 525 1833; x_wconf 87' lang='lat' dir='ltr'>vult</span> <span class='ocrx_word' id='word_1_114' title='bbox 537 1784 641 1848; x_wconf 86' lang='lat' dir='ltr'>primus</span> 
     </span>
     <span class='ocr_line' id='line_1_22' title="bbox 113 1852 641 1917; baseline 0 -16"><span class='ocrx_word' id='word_1_115' title='bbox 113 1865 174 1914; x_wconf 82' lang='lat' dir='ltr'>erse,</span> <span class='ocrx_word' id='word_1_116' title='bbox 188 1852 285 1903; x_wconf 88' lang='lat' dir='ltr'>merito</span> <span class='ocrx_word' id='word_1_117' title='bbox 298 1853 340 1901; x_wconf 90' lang='lat' dir='ltr'>vel</span> <span class='ocrx_word' id='word_1_118' title='bbox 355 1852 475 1917; x_wconf 74' lang='lat' dir='ltr'>praemio,</span> <span class='ocrx_word' id='word_1_119' title='bbox 494 1852 546 1902; x_wconf 85' lang='lat' dir='ltr'>erit</span> <span class='ocrx_word' id='word_1_120' title='bbox 565 1862 591 1903; x_wconf 91' lang='lat' dir='ltr'>et</span> <span class='ocrx_word' id='word_1_121' title='bbox 605 1852 641 1902; x_wconf 93' lang='lat' dir='ltr'>sit</span> 
     </span>
     <span class='ocr_line' id='line_1_23' title="bbox 113 1923 640 1975; baseline -0.004 -2"><span class='ocrx_word' id='word_1_122' title='bbox 113 1923 218 1973; x_wconf 87' lang='lat' dir='ltr'>omnium</span> <span class='ocrx_word' id='word_1_123' title='bbox 235 1924 396 1975; x_wconf 53' lang='lat' dir='ltr'>novissimus</span> <span class='ocrx_word' id='word_1_124' title='bbox 416 1930 442 1974; x_wconf 84' lang='lat' dir='ltr'>et</span> <span class='ocrx_word' id='word_1_125' title='bbox 456 1923 570 1974; x_wconf 86' lang='lat' dir='ltr'>omnium</span> <span class='ocrx_word' id='word_1_126' title='bbox 589 1923 640 1972; x_wconf 89' lang='lat' dir='ltr'>mi-</span> 
     </span>
     <span class='ocr_line' id='line_1_24' title="bbox 113 1996 640 2062; baseline -0.002 -16"><span class='ocrx_word' id='word_1_127' title='bbox 113 1998 198 2061; x_wconf 83' lang='lat' dir='ltr'>nister,</span> <span class='ocrx_word' id='word_1_128' title='bbox 221 1997 377 2047; x_wconf 90' lang='lat' dir='ltr'>humilitate</span> <span class='ocrx_word' id='word_1_129' title='bbox 395 2009 422 2048; x_wconf 94' lang='lat' dir='ltr'>et</span> <span class='ocrx_word' id='word_1_130' title='bbox 439 1996 584 2062; x_wconf 89' lang='lat' dir='ltr'>obsequio;</span> <span class='ocrx_word' id='word_1_131' title='bbox 610 2005 640 2046; x_wconf 92' lang='lat' dir='ltr'>ut</span> 
     </span>
     <span class='ocr_line' id='line_1_25' title="bbox 113 2067 640 2120; baseline -0.002 -2"><span class='ocrx_word' id='word_1_132' title='bbox 113 2069 271 2120; x_wconf 87' lang='lat' dir='ltr'>novissimus</span> <span class='ocrx_word' id='word_1_133' title='bbox 299 2069 335 2120; x_wconf 92' lang='lat' dir='ltr'>sit</span> <span class='ocrx_word' id='word_1_134' title='bbox 361 2069 439 2119; x_wconf 93' lang='lat' dir='ltr'>corde</span> <span class='ocrx_word' id='word_1_135' title='bbox 463 2079 489 2119; x_wconf 93' lang='lat' dir='ltr'>et</span> <span class='ocrx_word' id='word_1_136' title='bbox 517 2067 640 2118; x_wconf 87' lang='lat' dir='ltr'>minister</span> 
     </span>
     <span class='ocr_line' id='line_1_26' title="bbox 113 2139 638 2199; baseline 0 -10"><span class='ocrx_word' id='word_1_137' title='bbox 113 2140 217 2191; x_wconf 88' lang='lat' dir='ltr'>actione.</span> <span class='ocrx_word' id='word_1_138' title='bbox 239 2140 318 2191; x_wconf 91' lang='lat' dir='ltr'>Unde</span> <span class='ocrx_word' id='word_1_139' title='bbox 336 2140 495 2191; x_wconf 81' lang='lat' dir='ltr'>Ambrosius</span> <span class='ocrx_word' id='word_1_140' title='bbox 513 2157 522 2190; x_wconf 91' lang='lat'>.·</span> <span class='ocrx_word' id='word_1_141' title='bbox 539 2158 552 2186; x_wconf 88' lang='lat'>«</span> <span class='ocrx_word' id='word_1_142' title='bbox 568 2139 638 2199; x_wconf 94' lang='lat' dir='ltr'>Qui-</span> 
     </span>
     <span class='ocr_line' id='line_1_27' title="bbox 113 2211 638 2279; baseline 0.002 -19"><span class='ocrx_word' id='word_1_143' title='bbox 113 2225 214 2279; x_wconf 85' lang='lat' dir='ltr'>cunque</span> <span class='ocrx_word' id='word_1_144' title='bbox 231 2213 290 2262; x_wconf 84' lang='lat' dir='ltr'>vult</span> <span class='ocrx_word' id='word_1_145' title='bbox 301 2211 410 2261; x_wconf 86' lang='lat' dir='ltr'>fratrem</span> <span class='ocrx_word' id='word_1_146' title='bbox 430 2211 577 2278; x_wconf 78' lang='lat' dir='ltr'>praevenire</span> <span class='ocrx_word' id='word_1_147' title='bbox 593 2227 638 2261; x_wconf 89' lang='lat' dir='ltr'>re-</span> 
     </span>
     <span class='ocr_line' id='line_1_28' title="bbox 112 2283 638 2349; baseline 0.004 -17"><span class='ocrx_word' id='word_1_148' title='bbox 112 2283 219 2346; x_wconf 79' lang='lat' dir='ltr'>gnando,</span> <span class='ocrx_word' id='word_1_149' title='bbox 231 2283 309 2349; x_wconf 91' lang='lat' dir='ltr'>prius</span> <span class='ocrx_word' id='word_1_150' title='bbox 323 2297 385 2332; x_wconf 91' lang='lat' dir='ltr'>eum</span> <span class='ocrx_word' id='word_1_151' title='bbox 400 2283 543 2348; x_wconf 86' lang='lat' dir='ltr'>praeveniat</span> <span class='ocrx_word' id='word_1_152' title='bbox 557 2283 638 2334; x_wconf 92' lang='lat' dir='ltr'>obse-</span> 
     </span>
     <span class='ocr_line' id='line_1_29' title="bbox 111 2355 638 2422; baseline 0.004 -18"><span class='ocrx_word' id='word_1_153' title='bbox 111 2357 226 2420; x_wconf 89' lang='lat' dir='ltr'>quendo;</span> <span class='ocrx_word' id='word_1_154' title='bbox 248 2355 337 2406; x_wconf 90' lang='lat' dir='ltr'>vincat</span> <span class='ocrx_word' id='word_1_155' title='bbox 357 2371 418 2406; x_wconf 91' lang='lat' dir='ltr'>eum</span> <span class='ocrx_word' id='word_1_156' title='bbox 437 2355 587 2422; x_wconf 89' lang='lat' dir='ltr'>obsequiis,</span> <span class='ocrx_word' id='word_1_157' title='bbox 607 2366 638 2406; x_wconf 90' lang='lat' dir='ltr'>ut</span> 
     </span>
     <span class='ocr_line' id='line_1_30' title="bbox 110 2426 636 2489; baseline 0 -13"><span class='ocrx_word' id='word_1_158' title='bbox 110 2427 186 2489; x_wconf 85' lang='lat' dir='ltr'>possit</span> <span class='ocrx_word' id='word_1_159' title='bbox 206 2427 314 2477; x_wconf 88' lang='lat' dir='ltr'>vincere</span> <span class='ocrx_word' id='word_1_160' title='bbox 337 2427 483 2477; x_wconf 85' lang='lat' dir='ltr'>sanctitate.</span> <span class='ocrx_word' id='word_1_161' title='bbox 506 2427 534 2478; x_wconf 87' lang='lat' dir='ltr'>Si</span> <span class='ocrx_word' id='word_1_162' title='bbox 563 2426 636 2477; x_wconf 92' lang='lat' dir='ltr'>enim</span> 
     </span>
     <span class='ocr_line' id='line_1_31' title="bbox 110 2496 637 2565; baseline 0.008 -20"><span class='ocrx_word' id='word_1_163' title='bbox 110 2505 130 2546; x_wconf 88' lang='lat' dir='ltr'>te</span> <span class='ocrx_word' id='word_1_164' title='bbox 141 2513 193 2546; x_wconf 92' lang='lat' dir='ltr'>non</span> <span class='ocrx_word' id='word_1_165' title='bbox 209 2497 281 2547; x_wconf 85' lang='lat' dir='ltr'>laesit</span> <span class='ocrx_word' id='word_1_166' title='bbox 296 2496 386 2558; x_wconf 85' lang='lat' dir='ltr'>frater,</span> <span class='ocrx_word' id='word_1_167' title='bbox 401 2498 563 2565; x_wconf 90' lang='lat' dir='ltr'>obsequium</span> <span class='ocrx_word' id='word_1_168' title='bbox 578 2514 637 2549; x_wconf 91' lang='lat' dir='ltr'>me·</span> 
     </span>
     <span class='ocr_line' id='line_1_32' title="bbox 111 2569 635 2637; baseline 0.008 -19"><span class='ocrx_word' id='word_1_169' title='bbox 111 2578 174 2619; x_wconf 87' lang='lat' dir='ltr'>retur</span> <span class='ocrx_word' id='word_1_170' title='bbox 196 2579 226 2619; x_wconf 86' lang='lat' dir='ltr'>ut</span> <span class='ocrx_word' id='word_1_171' title='bbox 245 2569 360 2636; x_wconf 83' lang='lat' dir='ltr'>,diligas;</span> <span class='ocrx_word' id='word_1_172' title='bbox 386 2571 459 2637; x_wconf 93' lang='lat' dir='ltr'>quod</span> <span class='ocrx_word' id='word_1_173' title='bbox 481 2571 503 2620; x_wconf 92' lang='lat' dir='ltr'>si</span> <span class='ocrx_word' id='word_1_174' title='bbox 522 2571 635 2622; x_wconf 76' lang='lat' dir='ltr'>forsitan</span> 
     </span>
     <span class='ocr_line' id='line_1_33' title="bbox 111 2639 635 2710; baseline 0.013 -22"><span class='ocrx_word' id='word_1_175' title='bbox 111 2639 180 2701; x_wconf 80' lang='lat' dir='ltr'>lesit,</span> <span class='ocrx_word' id='word_1_176' title='bbox 196 2643 284 2707; x_wconf 86' lang='lat' dir='ltr'>magis</span> <span class='ocrx_word' id='word_1_177' title='bbox 298 2644 460 2710; x_wconf 88' lang='lat' dir='ltr'>obsequium</span> <span class='ocrx_word' id='word_1_178' title='bbox 475 2655 593 2694; x_wconf 91' lang='lat' dir='ltr'>meretur</span> <span class='ocrx_word' id='word_1_179' title='bbox 606 2655 635 2695; x_wconf 87' lang='lat' dir='ltr'>ut</span> 
     </span>
     <span class='ocr_line' id='line_1_34' title="bbox 109 2711 635 2766; baseline 0.006 -5"><span class='ocrx_word' id='word_1_180' title='bbox 109 2711 201 2764; x_wconf 78' lang='lat' dir='ltr'>vincas.</span> <span class='ocrx_word' id='word_1_181' title='bbox 214 2713 279 2763; x_wconf 83' lang='lat' dir='ltr'>Haec</span> <span class='ocrx_word' id='word_1_182' title='bbox 296 2715 370 2764; x_wconf 89' lang='lat' dir='ltr'>enim</span> <span class='ocrx_word' id='word_1_183' title='bbox 387 2726 486 2766; x_wconf 86' lang='lat' dir='ltr'>nostrae</span> <span class='ocrx_word' id='word_1_184' title='bbox 502 2714 635 2766; x_wconf 89' lang='lat' dir='ltr'>Christia-</span> 
     </span>
     <span class='ocr_line' id='line_1_35' title="bbox 107 2781 634 2843; baseline 0.009 -12"><span class='ocrx_word' id='word_1_185' title='bbox 107 2781 192 2833; x_wconf 87' lang='lat' dir='ltr'>nitatis</span> <span class='ocrx_word' id='word_1_186' title='bbox 217 2799 326 2835; x_wconf 89' lang='lat' dir='ltr'>summa</span> <span class='ocrx_word' id='word_1_187' title='bbox 348 2795 401 2843; x_wconf 87' lang='lat' dir='ltr'>est,</span> <span class='ocrx_word' id='word_1_188' title='bbox 425 2797 456 2836; x_wconf 92' lang='lat' dir='ltr'>ut</span> <span class='ocrx_word' id='word_1_189' title='bbox 482 2785 634 2836; x_wconf 88' lang='lat' dir='ltr'>amantibus</span> 
     </span>
     <span class='ocr_line' id='line_1_36' title="bbox 107 2854 634 2925; baseline 0.009 -20"><span class='ocrx_word' id='word_1_190' title='bbox 107 2854 327 2917; x_wconf 81' lang='lat' dir='ltr'>vicissitudinem,</span> <span class='ocrx_word' id='word_1_191' title='bbox 350 2860 507 2910; x_wconf 88' lang='lat' dir='ltr'>laedentibus</span> <span class='ocrx_word' id='word_1_192' title='bbox 531 2860 634 2925; x_wconf 90' lang='lat' dir='ltr'>patien-</span> 
     </span>
     <span class='ocr_line' id='line_1_37' title="bbox 107 2925 636 2996; baseline 0.009 -20"><span class='ocrx_word' id='word_1_193' title='bbox 107 2925 164 2978; x_wconf 83' lang='lat' dir='ltr'>tiam</span> <span class='ocrx_word' id='word_1_194' title='bbox 185 2929 374 2994; x_wconf 88' lang='lat' dir='ltr'>rependamus.</span> <span class='ocrx_word' id='word_1_195' title='bbox 391 2930 444 2990; x_wconf 94' lang='lat' dir='ltr'>Qui</span> <span class='ocrx_word' id='word_1_196' title='bbox 468 2946 530 2996; x_wconf 87' lang='lat' dir='ltr'>ergo</span> <span class='ocrx_word' id='word_1_197' title='bbox 554 2930 636 2982; x_wconf 89' lang='lat' dir='ltr'>fuerit</span> 
     </span>
     <span class='ocr_line' id='line_1_38' title="bbox 106 2999 636 3066; baseline 0.008 -18"><span class='ocrx_word' id='word_1_198' title='bbox 106 2999 245 3062; x_wconf 84' lang='lat' dir='ltr'>patientior</span> <span class='ocrx_word' id='word_1_199' title='bbox 269 3000 301 3050; x_wconf 90' lang='lat' dir='ltr'>ad</span> <span class='ocrx_word' id='word_1_200' title='bbox 330 3000 475 3065; x_wconf 87' lang='lat' dir='ltr'>injuriam,</span> <span class='ocrx_word' id='word_1_201' title='bbox 500 3003 636 3066; x_wconf 91' lang='lat' dir='ltr'>potentior</span> 
     </span>
     <span class='ocr_line' id='line_1_39' title="bbox 107 3071 635 3137; baseline 0.006 -18"><span class='ocrx_word' id='word_1_202' title='bbox 107 3071 281 3121; x_wconf 86' lang='lat' dir='ltr'>constituetur</span> <span class='ocrx_word' id='word_1_203' title='bbox 296 3071 325 3120; x_wconf 91' lang='lat' dir='ltr'>in</span> <span class='ocrx_word' id='word_1_204' title='bbox 343 3087 425 3137; x_wconf 84' lang='lat' dir='ltr'>regno</span> <span class='ocrx_word' id='word_1_205' title='bbox 442 3089 449 3122; x_wconf 76' lang='grc' dir='ltr'>ι</span> <span class='ocrx_word' id='word_1_206' title='bbox 465 3091 478 3119; x_wconf 75' lang='lat' dir='ltr'>n</span> <span class='ocrx_word' id='word_1_207' title='bbox 499 3073 555 3123; x_wconf 91' lang='lat' dir='ltr'>haec</span> <span class='ocrx_word' id='word_1_208' title='bbox 569 3076 635 3124; x_wconf 80' lang='lat' dir='ltr'>Arn-</span> 
     </span>
     <span class='ocr_line' id='line_1_40' title="bbox 105 3138 636 3207; baseline 0.009 -17"><span class='ocrx_word' id='word_1_209' title='bbox 105 3138 216 3191; x_wconf 75' lang='lat' dir='ltr'>brosius.</span> <span class='ocrx_word' id='word_1_210' title='bbox 236 3141 390 3192; x_wconf 89' lang='lat' dir='ltr'>Secundum</span> <span class='ocrx_word' id='word_1_211' title='bbox 410 3142 549 3207; x_wconf 84' lang='lat' dir='ltr'>Glossam,</span> <span class='ocrx_word' id='word_1_212' title='bbox 571 3161 636 3195; x_wconf 92' lang='lat' dir='ltr'>con-</span> 
     </span>
     <span class='ocr_line' id='line_1_41' title="bbox 105 3210 635 3277; baseline 0.009 -18"><span class='ocrx_word' id='word_1_213' title='bbox 105 3210 185 3261; x_wconf 89' lang='lat' dir='ltr'>tentio</span> <span class='ocrx_word' id='word_1_214' title='bbox 206 3211 259 3261; x_wconf 88' lang='lat' dir='ltr'>ista</span> <span class='ocrx_word' id='word_1_215' title='bbox 271 3211 368 3277; x_wconf 59' lang='lat' dir='ltr'>‘potuit</span> <span class='ocrx_word' id='word_1_216' title='bbox 388 3228 446 3263; x_wconf 89' lang='lat' dir='ltr'>esse</span> <span class='ocrx_word' id='word_1_217' title='bbox 465 3230 497 3263; x_wconf 88' lang='lat' dir='ltr'>ex</span> <span class='ocrx_word' id='word_1_218' title='bbox 519 3214 635 3264; x_wconf 90' lang='lat' dir='ltr'>humili-</span> 
     </span>
     <span class='ocr_line' id='line_1_42' title="bbox 104 3282 634 3342; baseline 0.009 -11"><span class='ocrx_word' id='word_1_219' title='bbox 104 3289 170 3342; x_wconf 83' lang='lat' dir='ltr'>tate,</span> <span class='ocrx_word' id='word_1_220' title='bbox 198 3282 306 3332; x_wconf 89' lang='lat' dir='ltr'>volebat</span> <span class='ocrx_word' id='word_1_221' title='bbox 335 3282 408 3332; x_wconf 91' lang='lat' dir='ltr'>enim</span> <span class='ocrx_word' id='word_1_222' title='bbox 443 3300 515 3335; x_wconf 91' lang='lat' dir='ltr'>unus</span> <span class='ocrx_word' id='word_1_223' title='bbox 550 3285 634 3336; x_wconf 90' lang='lat' dir='ltr'>alium</span> 
     </span>
     <span class='ocr_line' id='line_1_43' title="bbox 102 3353 635 3418; baseline 0.011 -15"><span class='ocrx_word' id='word_1_224' title='bbox 102 3353 247 3416; x_wconf 79' lang='lat' dir='ltr'>praevenire</span> <span class='ocrx_word' id='word_1_225' title='bbox 263 3353 293 3403; x_wconf 91' lang='lat' dir='ltr'>in</span> <span class='ocrx_word' id='word_1_226' title='bbox 307 3353 422 3418; x_wconf 90' lang='lat' dir='ltr'>honore;</span> <span class='ocrx_word' id='word_1_227' title='bbox 437 3358 509 3406; x_wconf 88' lang='lat' dir='ltr'>unde</span> <span class='ocrx_word' id='word_1_228' title='bbox 527 3357 565 3407; x_wconf 92' lang='lat' dir='ltr'>sic</span> <span class='ocrx_word' id='word_1_229' title='bbox 584 3359 635 3408; x_wconf 93' lang='lat' dir='ltr'>ha-</span> 
     </span>
     <span class='ocr_line' id='line_1_44' title="bbox 102 3422 633 3479; baseline 0.008 -4"><span class='ocrx_word' id='word_1_230' title='bbox 102 3422 165 3476; x_wconf 88' lang='lat' dir='ltr'>bet:</span> <span class='ocrx_word' id='word_1_231' title='bbox 187 3425 278 3475; x_wconf 89' lang='lat' dir='ltr'>Causa</span> <span class='ocrx_word' id='word_1_232' title='bbox 297 3426 477 3477; x_wconf 90' lang='lat' dir='ltr'>contentionis</span> <span class='ocrx_word' id='word_1_233' title='bbox 492 3429 571 3478; x_wconf 91' lang='lat' dir='ltr'>nobis</span> <span class='ocrx_word' id='word_1_234' title='bbox 590 3429 633 3479; x_wconf 93' lang='lat' dir='ltr'>in-</span> 
     </span>
     <span class='ocr_line' id='line_1_45' title="bbox 101 3496 632 3562; baseline 0.011 -17"><span class='ocrx_word' id='word_1_235' title='bbox 101 3496 209 3562; x_wconf 87' lang='lat' dir='ltr'>cognita</span> <span class='ocrx_word' id='word_1_236' title='bbox 230 3506 280 3556; x_wconf 89' lang='lat' dir='ltr'>est,</span> <span class='ocrx_word' id='word_1_237' title='bbox 300 3497 346 3546; x_wconf 92' lang='lat' dir='ltr'>sed</span> <span class='ocrx_word' id='word_1_238' title='bbox 362 3513 418 3547; x_wconf 92' lang='lat' dir='ltr'>non</span> <span class='ocrx_word' id='word_1_239' title='bbox 437 3509 477 3548; x_wconf 93' lang='lat' dir='ltr'>est</span> <span class='ocrx_word' id='word_1_240' title='bbox 497 3501 632 3562; x_wconf 86' lang='lat' dir='ltr'>credibile,</span> 
     </span>
     <span class='ocr_line' id='line_1_46' title="bbox 99 3566 633 3635; baseline 0.013 -20"><span class='ocrx_word' id='word_1_241' title='bbox 99 3566 165 3631; x_wconf 92' lang='lat' dir='ltr'>quin</span> <span class='ocrx_word' id='word_1_242' title='bbox 186 3581 216 3617; x_wconf 86' lang='lat' dir='ltr'>se</span> <span class='ocrx_word' id='word_1_243' title='bbox 237 3566 351 3616; x_wconf 87' lang='lat' dir='ltr'>invicem</span> <span class='ocrx_word' id='word_1_244' title='bbox 367 3568 470 3620; x_wconf 92' lang='lat' dir='ltr'>honore</span> <span class='ocrx_word' id='word_1_245' title='bbox 487 3571 633 3635; x_wconf 86' lang='lat' dir='ltr'>praevenire</span> 
     </span>
     <span class='ocr_line' id='line_1_47' title="bbox 98 3638 632 3708; baseline 0.013 -22"><span class='ocrx_word' id='word_1_246' title='bbox 98 3647 237 3688; x_wconf 84' lang='lat' dir='ltr'>certarent.</span> <span class='ocrx_word' id='word_1_247' title='bbox 256 3638 316 3687; x_wconf 93' lang='lat' dir='ltr'>Non</span> <span class='ocrx_word' id='word_1_248' title='bbox 336 3639 430 3689; x_wconf 89' lang='lat' dir='ltr'>asserit</span> <span class='ocrx_word' id='word_1_249' title='bbox 445 3640 547 3691; x_wconf 83' lang='lat' dir='ltr'>Glossa</span> <span class='ocrx_word' id='word_1_250' title='bbox 560 3644 632 3708; x_wconf 90' lang='lat' dir='ltr'>quod</span> 
     </span>
     <span class='ocr_line' id='line_1_48' title="bbox 98 3703 630 3778; baseline 0.017 -23"><span class='ocrx_word' id='word_1_251' title='bbox 98 3703 131 3758; x_wconf 88' lang='lat' dir='ltr'>ita</span> <span class='ocrx_word' id='word_1_252' title='bbox 140 3707 234 3768; x_wconf 80' lang='lat' dir='ltr'>fuerit,</span> <span class='ocrx_word' id='word_1_253' title='bbox 246 3708 292 3758; x_wconf 90' lang='lat' dir='ltr'>sed</span> <span class='ocrx_word' id='word_1_254' title='bbox 304 3709 377 3775; x_wconf 91' lang='lat' dir='ltr'>quod</span> <span class='ocrx_word' id='word_1_255' title='bbox 389 3709 426 3760; x_wconf 89' lang='lat' dir='ltr'>ita</span> <span class='ocrx_word' id='word_1_256' title='bbox 436 3726 493 3761; x_wconf 92' lang='lat' dir='ltr'>esse</span> <span class='ocrx_word' id='word_1_257' title='bbox 507 3713 630 3778; x_wconf 89' lang='lat' dir='ltr'>potuerit.</span> 
     </span>
     <span class='ocr_line' id='line_1_49' title="bbox 95 3777 631 3847; baseline 0.011 -18"><span class='ocrx_word' id='word_1_258' title='bbox 95 3777 249 3830; x_wconf 85' lang='lat' dir='ltr'>Secundum</span> <span class='ocrx_word' id='word_1_259' title='bbox 260 3795 322 3830; x_wconf 90' lang='lat' dir='ltr'>vero</span> <span class='ocrx_word' id='word_1_260' title='bbox 334 3780 562 3847; x_wconf 67' lang='lat' dir='ltr'>Chrysostomum,</span> <span class='ocrx_word' id='word_1_261' title='bbox 571 3801 631 3835; x_wconf 92' lang='lat' dir='ltr'>con·</span> 
     </span>
     <span class='ocr_line' id='line_1_50' title="bbox 96 3852 629 3919; baseline 0.015 -20"><span class='ocrx_word' id='word_1_262' title='bbox 96 3852 181 3903; x_wconf 90' lang='lat' dir='ltr'>tentio</span> <span class='ocrx_word' id='word_1_263' title='bbox 190 3852 243 3904; x_wconf 89' lang='lat' dir='ltr'>ista</span> <span class='ocrx_word' id='word_1_264' title='bbox 257 3852 308 3902; x_wconf 85' lang='lat' dir='ltr'>luit</span> <span class='ocrx_word' id='word_1_265' title='bbox 317 3853 454 3918; x_wconf 89' lang='lat' dir='ltr'>elationis;</span> <span class='ocrx_word' id='word_1_266' title='bbox 471 3858 543 3907; x_wconf 92' lang='lat' dir='ltr'>unde</span> <span class='ocrx_word' id='word_1_267' title='bbox 556 3857 629 3919; x_wconf 90' lang='lat' dir='ltr'>dicit,</span> 
     </span>
    </p>
   </div>
   <div class='ocr_carea' id='block_1_4' title="bbox 684 419 1241 3643">
    <p class='ocr_par' dir='ltr' id='par_1_4' title="bbox 697 419 1241 1476">
     <span class='ocr_line' id='line_1_51' title="bbox 704 419 1241 489; baseline 0.011 -21"><span class='ocrx_word' id='word_1_268' title='bbox 704 419 842 486; x_wconf 86' lang='lat' dir='ltr'>discipuli,</span> <span class='ocrx_word' id='word_1_269' title='bbox 860 422 892 472; x_wconf 87' lang='lat' dir='ltr'>de</span> <span class='ocrx_word' id='word_1_270' title='bbox 907 422 1059 489; x_wconf 87' lang='lat' dir='ltr'>principatu</span> <span class='ocrx_word' id='word_1_271' title='bbox 1073 424 1241 474; x_wconf 89' lang='lat' dir='ltr'>contenden-</span> 
     </span>
     <span class='ocr_line' id='line_1_52' title="bbox 703 494 1241 566; baseline 0.007 -23"><span class='ocrx_word' id='word_1_272' title='bbox 703 505 751 544; x_wconf 92' lang='lat' dir='ltr'>tes.</span> <span class='ocrx_word' id='word_1_273' title='bbox 767 495 798 544; x_wconf 86' lang='lat' dir='ltr'>Et</span> <span class='ocrx_word' id='word_1_274' title='bbox 813 494 876 545; x_wconf 91' lang='lat' dir='ltr'>licet</span> <span class='ocrx_word' id='word_1_275' title='bbox 890 496 971 546; x_wconf 88' lang='lat' dir='ltr'>fuerit</span> <span class='ocrx_word' id='word_1_276' title='bbox 989 497 1040 547; x_wconf 90' lang='lat' dir='ltr'>ista</span> <span class='ocrx_word' id='word_1_277' title='bbox 1054 495 1192 547; x_wconf 90' lang='lat' dir='ltr'>contentio</span> <span class='ocrx_word' id='word_1_278' title='bbox 1207 497 1241 566; x_wconf 75' lang='lat' dir='ltr'>de</span> 
     </span>
     <span class='ocr_line' id='line_1_53' title="bbox 705 565 1239 634; baseline 0.009 -19"><span class='ocrx_word' id='word_1_279' title='bbox 705 565 865 632; x_wconf 79' lang='lat' dir='ltr'>principatu,</span> <span class='ocrx_word' id='word_1_280' title='bbox 882 583 934 618; x_wconf 92' lang='lat' dir='ltr'>non</span> <span class='ocrx_word' id='word_1_281' title='bbox 955 579 1043 619; x_wconf 88' lang='lat' dir='ltr'>tamen</span> <span class='ocrx_word' id='word_1_282' title='bbox 1059 568 1096 618; x_wconf 93' lang='lat' dir='ltr'>ibi</span> <span class='ocrx_word' id='word_1_283' title='bbox 1112 567 1163 618; x_wconf 87' lang='lat' dir='ltr'>fuit</span> <span class='ocrx_word' id='word_1_284' title='bbox 1176 583 1239 634; x_wconf 88' lang='lat' dir='ltr'>pec-</span> 
     </span>
     <span class='ocr_line' id='line_1_54' title="bbox 702 641 1238 708; baseline 0.007 -20"><span class='ocrx_word' id='word_1_285' title='bbox 702 649 792 689; x_wconf 92' lang='lat' dir='ltr'>catum</span> <span class='ocrx_word' id='word_1_286' title='bbox 814 641 960 691; x_wconf 91' lang='lat' dir='ltr'>secundum</span> <span class='ocrx_word' id='word_1_287' title='bbox 980 642 1080 707; x_wconf 92' lang='lat' dir='ltr'>ipsum,</span> <span class='ocrx_word' id='word_1_288' title='bbox 1100 641 1238 708; x_wconf 90' lang='lat' dir='ltr'>quianon</span> 
     </span>
     <span class='ocr_line' id='line_1_55' title="bbox 703 711 1238 777; baseline 0.007 -18"><span class='ocrx_word' id='word_1_289' title='bbox 703 711 736 759; x_wconf 90' lang='lat' dir='ltr'>de</span> <span class='ocrx_word' id='word_1_290' title='bbox 750 711 946 777; x_wconf 89' lang='lat' dir='ltr'>principatibus</span> <span class='ocrx_word' id='word_1_291' title='bbox 961 713 1074 763; x_wconf 90' lang='lat' dir='ltr'>terrenis</span> <span class='ocrx_word' id='word_1_292' title='bbox 1089 714 1238 764; x_wconf 89' lang='lat' dir='ltr'>contende-</span> 
     </span>
     <span class='ocr_line' id='line_1_56' title="bbox 701 782 1236 850; baseline 0.011 -20"><span class='ocrx_word' id='word_1_293' title='bbox 701 782 774 843; x_wconf 91' lang='lat' dir='ltr'>bant,</span> <span class='ocrx_word' id='word_1_294' title='bbox 790 784 836 832; x_wconf 91' lang='lat' dir='ltr'>sed</span> <span class='ocrx_word' id='word_1_295' title='bbox 857 783 890 833; x_wconf 90' lang='lat' dir='ltr'>de</span> <span class='ocrx_word' id='word_1_296' title='bbox 908 783 1094 850; x_wconf 89' lang='lat' dir='ltr'>spiritualibus</span> <span class='ocrx_word' id='word_1_297' title='bbox 1113 784 1140 834; x_wconf 95' lang='lat' dir='ltr'>in</span> <span class='ocrx_word' id='word_1_298' title='bbox 1159 786 1236 836; x_wconf 81' lang='lat' dir='ltr'>coelo.</span> 
     </span>
     <span class='ocr_line' id='line_1_57' title="bbox 702 853 1236 924; baseline 0.009 -23"><span class='ocrx_word' id='word_1_299' title='bbox 702 853 779 902; x_wconf 90' lang='lat' dir='ltr'>Unde</span> <span class='ocrx_word' id='word_1_300' title='bbox 795 854 957 905; x_wconf 85' lang='lat' dir='ltr'>Matthaeus:</span> <span class='ocrx_word' id='word_1_301' title='bbox 972 855 1039 915; x_wconf 85' lang='lat' dir='ltr'>Quis</span> <span class='ocrx_word' id='word_1_302' title='bbox 1049 863 1134 921; x_wconf 83' lang='lat' dir='ltr'>putas</span> <span class='ocrx_word' id='word_1_303' title='bbox 1148 858 1236 924; x_wconf 81' lang='lat' dir='ltr'>major</span> 
     </span>
     <span class='ocr_line' id='line_1_58' title="bbox 700 925 1236 992; baseline 0.009 -19"><span class='ocrx_word' id='word_1_304' title='bbox 700 931 740 974; x_wconf 87' lang='lat' dir='ltr'>est</span> <span class='ocrx_word' id='word_1_305' title='bbox 759 925 785 974; x_wconf 89' lang='lat' dir='ltr'>in</span> <span class='ocrx_word' id='word_1_306' title='bbox 808 940 894 992; x_wconf 79' lang='lat' dir='ltr'>regno</span> <span class='ocrx_word' id='word_1_307' title='bbox 915 925 1064 977; x_wconf 77' lang='lat' dir='ltr'>coelorum?</span> <span class='ocrx_word' id='word_1_308' title='bbox 1084 929 1140 978; x_wconf 89' lang='lat' dir='ltr'>Hoc</span> <span class='ocrx_word' id='word_1_309' title='bbox 1159 928 1236 978; x_wconf 87' lang='lat' dir='ltr'>infir·</span> 
     </span>
     <span class='ocr_line' id='line_1_59' title="bbox 704 996 1233 1065; baseline 0.013 -20"><span class='ocrx_word' id='word_1_310' title='bbox 704 996 806 1049; x_wconf 90' lang='lat' dir='ltr'>mitatis</span> <span class='ocrx_word' id='word_1_311' title='bbox 819 1007 882 1058; x_wconf 87' lang='lat' dir='ltr'>erat,</span> <span class='ocrx_word' id='word_1_312' title='bbox 895 1008 923 1048; x_wconf 91' lang='lat' dir='ltr'>ut</span> <span class='ocrx_word' id='word_1_313' title='bbox 935 997 1000 1047; x_wconf 91' lang='lat' dir='ltr'>dicit</span> <span class='ocrx_word' id='word_1_314' title='bbox 1012 997 1233 1065; x_wconf 61' lang='lat' dir='ltr'>chrysostomus,</span> 
     </span>
     <span class='ocr_line' id='line_1_60' title="bbox 701 1068 1235 1120; baseline 0.007 -3"><span class='ocrx_word' id='word_1_315' title='bbox 701 1084 750 1118; x_wconf 92' lang='lat' dir='ltr'>nos</span> <span class='ocrx_word' id='word_1_316' title='bbox 770 1080 859 1119; x_wconf 92' lang='lat' dir='ltr'>autem</span> <span class='ocrx_word' id='word_1_317' title='bbox 881 1070 913 1119; x_wconf 92' lang='lat' dir='ltr'>ad</span> <span class='ocrx_word' id='word_1_318' title='bbox 937 1068 1121 1119; x_wconf 88' lang='lat' dir='ltr'>infirmitatem</span> <span class='ocrx_word' id='word_1_319' title='bbox 1140 1085 1235 1120; x_wconf 90' lang='lat' dir='ltr'>eorum</span> 
     </span>
     <span class='ocr_line' id='line_1_61' title="bbox 702 1139 1235 1205; baseline 0.008 -17"><span class='ocrx_word' id='word_1_320' title='bbox 702 1140 824 1189; x_wconf 91' lang='lat' dir='ltr'>nondum</span> <span class='ocrx_word' id='word_1_321' title='bbox 854 1139 1043 1205; x_wconf 89' lang='lat' dir='ltr'>pervenimus,</span> <span class='ocrx_word' id='word_1_322' title='bbox 1078 1157 1133 1190; x_wconf 92' lang='lat' dir='ltr'>non</span> <span class='ocrx_word' id='word_1_323' title='bbox 1160 1142 1235 1192; x_wconf 90' lang='lat' dir='ltr'>enim</span> 
     </span>
     <span class='ocr_line' id='line_1_62' title="bbox 699 1210 1235 1278; baseline 0.009 -20"><span class='ocrx_word' id='word_1_324' title='bbox 699 1210 847 1275; x_wconf 86' lang='lat' dir='ltr'>quaerimus</span> <span class='ocrx_word' id='word_1_325' title='bbox 860 1227 866 1260; x_wconf 91' lang='lat'>:</span> <span class='ocrx_word' id='word_1_326' title='bbox 884 1211 951 1270; x_wconf 85' lang='lat' dir='ltr'>Quis</span> <span class='ocrx_word' id='word_1_327' title='bbox 963 1211 1049 1278; x_wconf 84' lang='lat' dir='ltr'>major</span> <span class='ocrx_word' id='word_1_328' title='bbox 1063 1218 1104 1261; x_wconf 86' lang='lat' dir='ltr'>est</span> <span class='ocrx_word' id='word_1_329' title='bbox 1113 1211 1139 1261; x_wconf 88' lang='lat' dir='ltr'>in</span> <span class='ocrx_word' id='word_1_330' title='bbox 1149 1226 1235 1278; x_wconf 85' lang='lat' dir='ltr'>regno</span> 
     </span>
     <span class='ocr_line' id='line_1_63' title="bbox 699 1279 1235 1347; baseline 0.004 -17"><span class='ocrx_word' id='word_1_331' title='bbox 699 1279 841 1344; x_wconf 86' lang='lat' dir='ltr'>coelorum,·</span> <span class='ocrx_word' id='word_1_332' title='bbox 863 1282 908 1330; x_wconf 91' lang='lat' dir='ltr'>sed</span> <span class='ocrx_word' id='word_1_333' title='bbox 922 1281 984 1346; x_wconf 90' lang='lat' dir='ltr'>quis</span> <span class='ocrx_word' id='word_1_334' title='bbox 1002 1283 1094 1347; x_wconf 75' lang='lat' dir='ltr'>major,</span> <span class='ocrx_word' id='word_1_335' title='bbox 1109 1281 1172 1347; x_wconf 92' lang='lat' dir='ltr'>quis</span> <span class='ocrx_word' id='word_1_336' title='bbox 1189 1298 1235 1333; x_wconf 90' lang='lat' dir='ltr'>co-</span> 
     </span>
     <span class='ocr_line' id='line_1_64' title="bbox 700 1354 1234 1422; baseline 0.009 -20"><span class='ocrx_word' id='word_1_337' title='bbox 700 1354 819 1418; x_wconf 88' lang='lat' dir='ltr'>piosior,</span> <span class='ocrx_word' id='word_1_338' title='bbox 844 1357 906 1421; x_wconf 92' lang='lat' dir='ltr'>quis</span> <span class='ocrx_word' id='word_1_339' title='bbox 936 1356 1072 1420; x_wconf 90' lang='lat' dir='ltr'>potentior</span> <span class='ocrx_word' id='word_1_340' title='bbox 1099 1355 1125 1404; x_wconf 90' lang='lat' dir='ltr'>in</span> <span class='ocrx_word' id='word_1_341' title='bbox 1150 1371 1234 1422; x_wconf 84' lang='lat' dir='ltr'>regno</span> 
     </span>
     <span class='ocr_line' id='line_1_65' title="bbox 697 1429 789 1476; baseline 0.043 -4"><span class='ocrx_word' id='word_1_342' title='bbox 697 1429 789 1476; x_wconf 73' lang='lat' dir='ltr'>terrae?</span> 
     </span>
    </p>

    <p class='ocr_par' dir='ltr' id='par_1_5' title="bbox 684 1498 1232 3643">
     <span class='ocr_line' id='line_1_66' title="bbox 729 1498 1232 1562; baseline -0.002 -15"><span class='ocrx_word' id='word_1_343' title='bbox 729 1513 744 1562; x_wconf 90' lang='lat'><em>7</em></span> <span class='ocrx_word' id='word_1_344' title='bbox 771 1498 905 1547; x_wconf 79' lang='lat' dir='ltr'>Cnnrsrus</span> <span class='ocrx_word' id='word_1_345' title='bbox 933 1512 1075 1547; x_wconf 66' lang='lat' dir='ltr'>servorun</span> <span class='ocrx_word' id='word_1_346' title='bbox 1098 1511 1232 1547; x_wconf 69' lang='lat' dir='ltr'>invocatus</span> 
     </span>
     <span class='ocr_line' id='line_1_67' title="bbox 696 1583 1231 1620; baseline 0.007 -4"><span class='ocrx_word' id='word_1_347' title='bbox 696 1583 751 1617; x_wconf 83' lang='lat' dir='ltr'>amr</span> <span class='ocrx_word' id='word_1_348' title='bbox 767 1585 802 1618; x_wconf 87' lang='lat' dir='ltr'>ur</span> <span class='ocrx_word' id='word_1_349' title='bbox 816 1586 952 1619; x_wconf 78' lang='lat' dir='ltr'>nxnnrma</span> <span class='ocrx_word' id='word_1_350' title='bbox 974 1585 1119 1620; x_wconf 78' lang='lat' dir='ltr'>orscrrunrs</span> <span class='ocrx_word' id='word_1_351' title='bbox 1136 1585 1231 1620; x_wconf 78' lang='lat' dir='ltr'>rnoro·</span> 
     </span>
     <span class='ocr_line' id='line_1_68' title="bbox 695 1639 1230 1706; baseline 0.007 -20"><span class='ocrx_word' id='word_1_352' title='bbox 695 1654 749 1688; x_wconf 80' lang='lat' dir='ltr'>nrr.</span> <span class='ocrx_word' id='word_1_353' title='bbox 767 1667 797 1700; x_wconf 40' lang='grc' dir='ltr'><strong>ἡ</strong></span> <span class='ocrx_word' id='word_1_354' title='bbox 810 1640 843 1689; x_wconf 86' lang='lat' dir='ltr'>Et</span> <span class='ocrx_word' id='word_1_355' title='bbox 857 1639 921 1705; x_wconf 90' lang='lat' dir='ltr'>quia</span> <span class='ocrx_word' id='word_1_356' title='bbox 937 1639 966 1688; x_wconf 94' lang='lat' dir='ltr'>in</span> <span class='ocrx_word' id='word_1_357' title='bbox 982 1640 1130 1689; x_wconf 90' lang='lat' dir='ltr'>moralibus</span> <span class='ocrx_word' id='word_1_358' title='bbox 1143 1639 1230 1706; x_wconf 86' lang='lat' dir='ltr'>magis</span> 
     </span>
     <span class='ocr_line' id='line_1_69' title="bbox 695 1709 1227 1775; baseline 0.011 -20"><span class='ocrx_word' id='word_1_359' title='bbox 695 1717 804 1757; x_wconf 89' lang='lat' dir='ltr'>movent</span> <span class='ocrx_word' id='word_1_360' title='bbox 826 1709 894 1759; x_wconf 88' lang='lat' dir='ltr'>facta</span> <span class='ocrx_word' id='word_1_361' title='bbox 919 1726 1000 1775; x_wconf 91' lang='lat' dir='ltr'>quam</span> <span class='ocrx_word' id='word_1_362' title='bbox 1024 1711 1112 1770; x_wconf 87' lang='lat' dir='ltr'>verba,</span> <span class='ocrx_word' id='word_1_363' title='bbox 1134 1712 1227 1761; x_wconf 87' lang='lat' dir='ltr'>volens</span> 
     </span>
     <span class='ocr_line' id='line_1_70' title="bbox 693 1779 1228 1845; baseline 0.011 -18"><span class='ocrx_word' id='word_1_364' title='bbox 693 1779 827 1829; x_wconf 90' lang='lat' dir='ltr'>Dominus</span> <span class='ocrx_word' id='word_1_365' title='bbox 842 1781 996 1845; x_wconf 87' lang='lat' dir='ltr'>superbiam</span> <span class='ocrx_word' id='word_1_366' title='bbox 1018 1797 1112 1831; x_wconf 90' lang='lat' dir='ltr'>eorum</span> <span class='ocrx_word' id='word_1_367' title='bbox 1133 1793 1228 1833; x_wconf 89' lang='lat' dir='ltr'>retun-</span> 
     </span>
     <span class='ocr_line' id='line_1_71' title="bbox 692 1853 1226 1914; baseline 0.006 -12"><span class='ocrx_word' id='word_1_368' title='bbox 692 1853 762 1912; x_wconf 92' lang='lat' dir='ltr'>dere,</span> <span class='ocrx_word' id='word_1_369' title='bbox 784 1862 810 1902; x_wconf 90' lang='lat' dir='ltr'>et</span> <span class='ocrx_word' id='word_1_370' title='bbox 831 1868 877 1902; x_wconf 91' lang='lat' dir='ltr'>eos</span> <span class='ocrx_word' id='word_1_371' title='bbox 900 1853 932 1902; x_wconf 89' lang='lat' dir='ltr'>de</span> <span class='ocrx_word' id='word_1_372' title='bbox 955 1853 1108 1903; x_wconf 89' lang='lat' dir='ltr'>humilitate</span> <span class='ocrx_word' id='word_1_373' title='bbox 1122 1855 1226 1914; x_wconf 89' lang='lat' dir='ltr'>docere,</span> 
     </span>
     <span class='ocr_line' id='line_1_72' title="bbox 692 1924 1227 1991; baseline 0.006 -18"><span class='ocrx_word' id='word_1_374' title='bbox 692 1925 832 1990; x_wconf 89' lang='lat' dir='ltr'>proposuit</span> <span class='ocrx_word' id='word_1_375' title='bbox 843 1925 881 1975; x_wconf 89' lang='lat' dir='ltr'>eis</span> <span class='ocrx_word' id='word_1_376' title='bbox 895 1924 1227 1991; x_wconf 85' lang='lat' dir='ltr'>humilitatisexemplum</span> 
     </span>
     <span class='ocr_line' id='line_1_73' title="bbox 692 1996 1225 2062; baseline 0.006 -19"><span class='ocrx_word' id='word_1_377' title='bbox 692 1996 840 2046; x_wconf 89' lang='lat' dir='ltr'>sensibile:</span> <span class='ocrx_word' id='word_1_378' title='bbox 857 1996 896 2046; x_wconf 88' lang='lat' dir='ltr'>Et</span> <span class='ocrx_word' id='word_1_379' title='bbox 916 1997 1053 2047; x_wconf 82' lang='lat' dir='ltr'>advocans</span> <span class='ocrx_word' id='word_1_380' title='bbox 1069 1996 1225 2062; x_wconf 81' lang='lat' dir='ltr'>parvulum,</span> 
     </span>
     <span class='ocr_line' id='line_1_74' title="bbox 691 2067 1228 2134; baseline 0.002 -17"><span class='ocrx_word' id='word_1_381' title='bbox 691 2078 768 2119; x_wconf 83' lang='lat' dir='ltr'>aetate</span> <span class='ocrx_word' id='word_1_382' title='bbox 781 2079 808 2119; x_wconf 90' lang='lat' dir='ltr'>et</span> <span class='ocrx_word' id='word_1_383' title='bbox 822 2069 933 2128; x_wconf 90' lang='lat' dir='ltr'>malitia,</span> <span class='ocrx_word' id='word_1_384' title='bbox 948 2084 1030 2134; x_wconf 93' lang='lat' dir='ltr'>quem</span> <span class='ocrx_word' id='word_1_385' title='bbox 1046 2069 1155 2118; x_wconf 87' lang='lat' dir='ltr'>tradunt</span> <span class='ocrx_word' id='word_1_386' title='bbox 1169 2067 1228 2134; x_wconf 93' lang='lat' dir='ltr'>qui-</span> 
     </span>
     <span class='ocr_line' id='line_1_75' title="bbox 692 2134 1225 2207; baseline 0.002 -18"><span class='ocrx_word' id='word_1_387' title='bbox 692 2142 753 2190; x_wconf 90' lang='lat' dir='ltr'>dam</span> <span class='ocrx_word' id='word_1_388' title='bbox 778 2140 862 2192; x_wconf 83' lang='lat' dir='ltr'>fuisse</span> <span class='ocrx_word' id='word_1_389' title='bbox 886 2136 1043 2204; x_wconf 87' lang='lat' dir='ltr'>Martialem,</span> <span class='ocrx_word' id='word_1_390' title='bbox 1067 2141 1115 2207; x_wconf 87' lang='lat' dir='ltr'>qui</span> <span class='ocrx_word' id='word_1_391' title='bbox 1135 2134 1225 2205; x_wconf 85' lang='lat' dir='ltr'>postea</span> 
     </span>
     <span class='ocr_line' id='line_1_76' title="bbox 690 2211 1225 2263; baseline 0.002 -3"><span class='ocrx_word' id='word_1_392' title='bbox 690 2226 706 2261; x_wconf 92' lang='lat' dir='ltr'>a</span> <span class='ocrx_word' id='word_1_393' title='bbox 730 2212 806 2262; x_wconf 91' lang='lat' dir='ltr'>beato</span> <span class='ocrx_word' id='word_1_394' title='bbox 832 2213 909 2263; x_wconf 89' lang='lat' dir='ltr'>Petro</span> <span class='ocrx_word' id='word_1_395' title='bbox 935 2211 1036 2263; x_wconf 89' lang='lat' dir='ltr'>missus</span> <span class='ocrx_word' id='word_1_396' title='bbox 1061 2213 1088 2261; x_wconf 93' lang='lat' dir='ltr'>in</span> <span class='ocrx_word' id='word_1_397' title='bbox 1109 2212 1225 2262; x_wconf 89' lang='lat' dir='ltr'>Galliam</span> 
     </span>
     <span class='ocr_line' id='line_1_77' title="bbox 690 2286 1225 2352; baseline 0 -17"><span class='ocrx_word' id='word_1_398' title='bbox 690 2287 843 2352; x_wconf 75' lang='lat' dir='ltr'>praedicavit</span> <span class='ocrx_word' id='word_1_399' title='bbox 873 2286 1110 2337; x_wconf 88' lang='lat' dir='ltr'>Lemovicensibus</span> <span class='ocrx_word' id='word_1_400' title='bbox 1143 2286 1225 2336; x_wconf 88' lang='lat' dir='ltr'>fidem</span> 
     </span>
     <span class='ocr_line' id='line_1_78' title="bbox 691 2359 1226 2426; baseline 0.002 -17"><span class='ocrx_word' id='word_1_401' title='bbox 691 2359 858 2419; x_wconf 88' lang='lat' dir='ltr'>catholicam,</span> <span class='ocrx_word' id='word_1_402' title='bbox 868 2375 984 2426; x_wconf 91' lang='lat' dir='ltr'>quorum</span> <span class='ocrx_word' id='word_1_403' title='bbox 997 2359 1101 2425; x_wconf 91' lang='lat' dir='ltr'>primus</span> <span class='ocrx_word' id='word_1_404' title='bbox 1116 2360 1226 2425; x_wconf 90' lang='lat' dir='ltr'>Episco-</span> 
     </span>
     <span class='ocr_line' id='line_1_79' title="bbox 692 2429 1224 2496; baseline -0.002 -16"><span class='ocrx_word' id='word_1_405' title='bbox 692 2447 742 2495; x_wconf 92' lang='lat' dir='ltr'>pus</span> <span class='ocrx_word' id='word_1_406' title='bbox 758 2440 782 2480; x_wconf 94' lang='lat' dir='ltr'>et</span> <span class='ocrx_word' id='word_1_407' title='bbox 797 2431 943 2495; x_wconf 80' lang='lat' dir='ltr'>Apostolus</span> <span class='ocrx_word' id='word_1_408' title='bbox 955 2429 1015 2490; x_wconf 88' lang='lat' dir='ltr'>fuit,</span> <span class='ocrx_word' id='word_1_409' title='bbox 1029 2429 1075 2496; x_wconf 93' lang='lat' dir='ltr'>qui</span> <span class='ocrx_word' id='word_1_410' title='bbox 1088 2429 1115 2479; x_wconf 89' lang='lat' dir='ltr'>in</span> <span class='ocrx_word' id='word_1_411' title='bbox 1126 2430 1224 2480; x_wconf 88' lang='lat' dir='ltr'>vertice</span> 
     </span>
     <span class='ocr_line' id='line_1_80' title="bbox 690 2501 1225 2567; baseline -0.002 -15"><span class='ocrx_word' id='word_1_412' title='bbox 690 2502 853 2552; x_wconf 88' lang='lat' dir='ltr'>humilitatis</span> <span class='ocrx_word' id='word_1_413' title='bbox 868 2513 895 2552; x_wconf 91' lang='lat' dir='ltr'>et</span> <span class='ocrx_word' id='word_1_414' title='bbox 916 2501 1030 2567; x_wconf 90' lang='lat' dir='ltr'>puritate</span> <span class='ocrx_word' id='word_1_415' title='bbox 1043 2501 1225 2566; x_wconf 87' lang='lat' dir='ltr'>simplicitatis</span> 
     </span>
     <span class='ocr_line' id='line_1_81' title="bbox 688 2572 1221 2640; baseline -0.006 -16"><span class='ocrx_word' id='word_1_416' title='bbox 688 2591 743 2640; x_wconf 85' lang='lat' dir='ltr'>prae</span> <span class='ocrx_word' id='word_1_417' title='bbox 764 2573 892 2625; x_wconf 90' lang='lat' dir='ltr'>omnibus</span> <span class='ocrx_word' id='word_1_418' title='bbox 912 2573 1040 2624; x_wconf 84' lang='lat' dir='ltr'>excellere</span> <span class='ocrx_word' id='word_1_419' title='bbox 1064 2572 1221 2636; x_wconf 71' lang='lat' dir='ltr'>videbatur,</span> 
     </span>
     <span class='ocr_line' id='line_1_82' title="bbox 688 2643 1222 2710; baseline -0.002 -15"><span class='ocrx_word' id='word_1_420' title='bbox 688 2645 791 2695; x_wconf 70' lang='lat' dir='ltr'>statuit</span> <span class='ocrx_word' id='word_1_421' title='bbox 804 2659 861 2694; x_wconf 86' lang='lat' dir='ltr'>eum</span> <span class='ocrx_word' id='word_1_422' title='bbox 881 2659 929 2710; x_wconf 91' lang='lat' dir='ltr'>pro</span> <span class='ocrx_word' id='word_1_423' title='bbox 946 2644 1078 2708; x_wconf 84' lang='lat' dir='ltr'>exemp10,</span> <span class='ocrx_word' id='word_1_424' title='bbox 1095 2643 1121 2692; x_wconf 89' lang='lat' dir='ltr'>in</span> <span class='ocrx_word' id='word_1_425' title='bbox 1136 2643 1222 2694; x_wconf 83' lang='lat' dir='ltr'>medio</span> 
     </span>
     <span class='ocr_line' id='line_1_83' title="bbox 688 2716 1222 2782; baseline -0.002 -14"><span class='ocrx_word' id='word_1_426' title='bbox 688 2733 786 2782; x_wconf 88' lang='lat' dir='ltr'>eorum,</span> <span class='ocrx_word' id='word_1_427' title='bbox 802 2727 833 2768; x_wconf 93' lang='lat' dir='ltr'>ut</span> <span class='ocrx_word' id='word_1_428' title='bbox 845 2718 879 2767; x_wconf 89' lang='lat' dir='ltr'>ab</span> <span class='ocrx_word' id='word_1_429' title='bbox 893 2716 1021 2767; x_wconf 92' lang='lat' dir='ltr'>omnibus</span> <span class='ocrx_word' id='word_1_430' title='bbox 1041 2716 1176 2766; x_wconf 91' lang='lat' dir='ltr'>videretur</span> <span class='ocrx_word' id='word_1_431' title='bbox 1196 2726 1222 2767; x_wconf 90' lang='lat' dir='ltr'>et</span> 
     </span>
     <span class='ocr_line' id='line_1_84' title="bbox 686 2788 1222 2853; baseline 0 -14"><span class='ocrx_word' id='word_1_432' title='bbox 686 2799 785 2841; x_wconf 90' lang='lat' dir='ltr'>attente</span> <span class='ocrx_word' id='word_1_433' title='bbox 793 2788 1014 2852; x_wconf 87' lang='lat' dir='ltr'>consideraretur,</span> <span class='ocrx_word' id='word_1_434' title='bbox 1025 2789 1067 2839; x_wconf 90' lang='lat' dir='ltr'>cui</span> <span class='ocrx_word' id='word_1_435' title='bbox 1074 2788 1187 2853; x_wconf 90' lang='lat' dir='ltr'>quilibet</span> <span class='ocrx_word' id='word_1_436' title='bbox 1193 2803 1222 2839; x_wconf 92' lang='lat' dir='ltr'>se</span> 
     </span>
     <span class='ocr_line' id='line_1_85' title="bbox 687 2859 1221 2911; baseline -0.006 0"><span class='ocrx_word' id='word_1_437' title='bbox 687 2869 915 2911; x_wconf 88' lang='lat' dir='ltr'>commensuraret</span> <span class='ocrx_word' id='word_1_438' title='bbox 927 2869 952 2909; x_wconf 91' lang='lat' dir='ltr'>et</span> <span class='ocrx_word' id='word_1_439' title='bbox 965 2859 1096 2910; x_wconf 90' lang='lat' dir='ltr'>imitando</span> <span class='ocrx_word' id='word_1_440' title='bbox 1111 2859 1221 2909; x_wconf 86' lang='lat' dir='ltr'>confor-</span> 
     </span>
     <span class='ocr_line' id='line_1_86' title="bbox 688 2933 1220 2998; baseline 0.004 -15"><span class='ocrx_word' id='word_1_441' title='bbox 688 2943 780 2984; x_wconf 88' lang='lat' dir='ltr'>maret.</span> <span class='ocrx_word' id='word_1_442' title='bbox 796 2933 832 2983; x_wconf 89' lang='lat' dir='ltr'>Et</span> <span class='ocrx_word' id='word_1_443' title='bbox 852 2933 947 2983; x_wconf 91' lang='lat' dir='ltr'>merito</span> <span class='ocrx_word' id='word_1_444' title='bbox 965 2933 1109 2998; x_wconf 81' lang='lat' dir='ltr'>parvulum</span> <span class='ocrx_word' id='word_1_445' title='bbox 1131 2934 1220 2992; x_wconf 80' lang='lat' dir='ltr'>¹advo-</span> 
     </span>
     <span class='ocr_line' id='line_1_87' title="bbox 688 3004 1221 3070; baseline -0.002 -14"><span class='ocrx_word' id='word_1_446' title='bbox 688 3012 740 3066; x_wconf 86' lang='lat' dir='ltr'>cat,</span> <span class='ocrx_word' id='word_1_447' title='bbox 764 3015 795 3054; x_wconf 92' lang='lat' dir='ltr'>ut</span> <span class='ocrx_word' id='word_1_448' title='bbox 818 3005 864 3070; x_wconf 93' lang='lat' dir='ltr'>qui</span> <span class='ocrx_word' id='word_1_449' title='bbox 889 3005 1000 3069; x_wconf 74' lang='lat' dir='ltr'>maiores</span> <span class='ocrx_word' id='word_1_450' title='bbox 1023 3004 1108 3055; x_wconf 91' lang='lat' dir='ltr'>videri</span> <span class='ocrx_word' id='word_1_451' title='bbox 1125 3006 1221 3056; x_wconf 85' lang='lat' dir='ltr'>volunt</span> 
     </span>
     <span class='ocr_line' id='line_1_88' title="bbox 688 3074 1220 3140; baseline 0.006 -15"><span class='ocrx_word' id='word_1_452' title='bbox 688 3077 745 3140; x_wconf 86' lang='lat' dir='ltr'>ejus</span> <span class='ocrx_word' id='word_1_453' title='bbox 767 3075 890 3139; x_wconf 86' lang='lat' dir='ltr'>exemplo</span> <span class='ocrx_word' id='word_1_454' title='bbox 914 3074 1087 3136; x_wconf 90' lang='lat' dir='ltr'>instruantur,</span> <span class='ocrx_word' id='word_1_455' title='bbox 1111 3087 1137 3126; x_wconf 87' lang='lat' dir='ltr'>et</span> <span class='ocrx_word' id='word_1_456' title='bbox 1157 3093 1220 3128; x_wconf 92' lang='lat' dir='ltr'>eum</span> 
     </span>
     <span class='ocr_line' id='line_1_89' title="bbox 689 3147 1223 3200; baseline 0.004 -4"><span class='ocrx_word' id='word_1_457' title='bbox 689 3148 717 3196; x_wconf 93' lang='lat' dir='ltr'>in</span> <span class='ocrx_word' id='word_1_458' title='bbox 734 3147 887 3197; x_wconf 88' lang='lat' dir='ltr'>humilitate</span> <span class='ocrx_word' id='word_1_459' title='bbox 900 3157 927 3197; x_wconf 93' lang='lat' dir='ltr'>et</span> <span class='ocrx_word' id='word_1_460' title='bbox 941 3147 1095 3198; x_wconf 86' lang='lat' dir='ltr'>innocentia</span> <span class='ocrx_word' id='word_1_461' title='bbox 1118 3149 1223 3200; x_wconf 86' lang='lat' dir='ltr'>imiten-</span> 
     </span>
     <span class='ocr_line' id='line_1_90' title="bbox 688 3220 1222 3288; baseline 0.002 -18"><span class='ocrx_word' id='word_1_462' title='bbox 688 3231 739 3271; x_wconf 90' lang='lat' dir='ltr'>tur.</span> <span class='ocrx_word' id='word_1_463' title='bbox 753 3220 788 3271; x_wconf 90' lang='lat' dir='ltr'>Et</span> <span class='ocrx_word' id='word_1_464' title='bbox 797 3221 951 3286; x_wconf 89' lang='lat' dir='ltr'>amplexans</span> <span class='ocrx_word' id='word_1_465' title='bbox 963 3237 1035 3280; x_wconf 89' lang='lat' dir='ltr'>eum,</span> <span class='ocrx_word' id='word_1_466' title='bbox 1050 3223 1122 3286; x_wconf 93' lang='lat' dir='ltr'>quod</span> <span class='ocrx_word' id='word_1_467' title='bbox 1135 3222 1222 3288; x_wconf 86' lang='lat' dir='ltr'>signat</span> 
     </span>
     <span class='ocr_line' id='line_1_91' title="bbox 688 3290 1221 3357; baseline -0.002 -17"><span class='ocrx_word' id='word_1_468' title='bbox 688 3292 758 3340; x_wconf 88' lang='lat' dir='ltr'>solos</span> <span class='ocrx_word' id='word_1_469' title='bbox 779 3292 897 3342; x_wconf 88' lang='lat' dir='ltr'>humiles</span> <span class='ocrx_word' id='word_1_470' title='bbox 917 3290 1014 3357; x_wconf 86' lang='lat' dir='ltr'>dignos</span> <span class='ocrx_word' id='word_1_471' title='bbox 1032 3307 1090 3342; x_wconf 91' lang='lat' dir='ltr'>esse</span> <span class='ocrx_word' id='word_1_472' title='bbox 1104 3307 1153 3342; x_wconf 91' lang='lat' dir='ltr'>suo</span> <span class='ocrx_word' id='word_1_473' title='bbox 1167 3307 1221 3340; x_wconf 92' lang='lat' dir='ltr'>am-</span> 
     </span>
     <span class='ocr_line' id='line_1_92' title="bbox 687 3361 1222 3428; baseline 0.002 -17"><span class='ocrx_word' id='word_1_474' title='bbox 687 3363 766 3426; x_wconf 84' lang='lat' dir='ltr'>plexu</span> <span class='ocrx_word' id='word_1_475' title='bbox 780 3371 805 3411; x_wconf 93' lang='lat' dir='ltr'>et</span> <span class='ocrx_word' id='word_1_476' title='bbox 817 3361 968 3422; x_wconf 90' lang='lat' dir='ltr'>dilectione,</span> <span class='ocrx_word' id='word_1_477' title='bbox 977 3362 1024 3428; x_wconf 90' lang='lat' dir='ltr'>qui</span> <span class='ocrx_word' id='word_1_478' title='bbox 1035 3377 1095 3412; x_wconf 91' lang='lat' dir='ltr'>vere</span> <span class='ocrx_word' id='word_1_479' title='bbox 1109 3371 1222 3426; x_wconf 89' lang='lat' dir='ltr'>possunt</span> 
     </span>
     <span class='ocr_line' id='line_1_93' title="bbox 687 3433 1221 3500; baseline 0.002 -17"><span class='ocrx_word' id='word_1_480' title='bbox 687 3433 795 3500; x_wconf 87' lang='lat' dir='ltr'>gloriari</span> <span class='ocrx_word' id='word_1_481' title='bbox 820 3444 846 3483; x_wconf 89' lang='lat' dir='ltr'>et</span> <span class='ocrx_word' id='word_1_482' title='bbox 862 3434 949 3484; x_wconf 88' lang='lat' dir='ltr'>dicere</span> <span class='ocrx_word' id='word_1_483' title='bbox 970 3451 976 3483; x_wconf 82' lang='lat'>2</span> <span class='ocrx_word' id='word_1_484' title='bbox 998 3435 1081 3484; x_wconf 76' lang='lat' dir='ltr'>Lava</span> <span class='ocrx_word' id='word_1_485' title='bbox 1096 3433 1154 3498; x_wconf 79' lang='lat' dir='ltr'>ejus</span> <span class='ocrx_word' id='word_1_486' title='bbox 1171 3433 1221 3484; x_wconf 78' lang='lat' dir='ltr'>sub</span> 
     </span>
     <span class='ocr_line' id='line_1_94' title="bbox 686 3504 1220 3570; baseline 0 -16"><span class='ocrx_word' id='word_1_487' title='bbox 686 3505 775 3570; x_wconf 84' lang='lat' dir='ltr'>capite</span> <span class='ocrx_word' id='word_1_488' title='bbox 789 3510 883 3556; x_wconf 86' lang='lat' dir='ltr'>meoet</span> <span class='ocrx_word' id='word_1_489' title='bbox 896 3505 1012 3555; x_wconf 86' lang='lat' dir='ltr'>dextera</span> <span class='ocrx_word' id='word_1_490' title='bbox 1027 3504 1101 3554; x_wconf 80' lang='lat' dir='ltr'>illius</span> <span class='ocrx_word' id='word_1_491' title='bbox 1117 3504 1220 3568; x_wconf 84' lang='lat' dir='ltr'>ample·</span> 
     </span>
     <span class='ocr_line' id='line_1_95' title="bbox 684 3574 1220 3643; baseline 0.002 -17"><span class='ocrx_word' id='word_1_492' title='bbox 684 3579 799 3628; x_wconf 82' lang='lat' dir='ltr'>xabitur·</span> <span class='ocrx_word' id='word_1_493' title='bbox 821 3593 870 3638; x_wconf 89' lang='lat' dir='ltr'>me,</span> <span class='ocrx_word' id='word_1_494' title='bbox 886 3588 917 3628; x_wconf 93' lang='lat' dir='ltr'>ut</span> <span class='ocrx_word' id='word_1_495' title='bbox 935 3578 1020 3643; x_wconf 88' lang='lat' dir='ltr'>magis</span> <span class='ocrx_word' id='word_1_496' title='bbox 1042 3574 1220 3639; x_wconf 91' lang='lat' dir='ltr'>discipulosa</span> 
     </span>
    </p>
   </div>
   <div class='ocr_carea' id='block_1_5' title="bbox 686 3647 1303 3712">
    <p class='ocr_par' dir='ltr' id='par_1_6' title="bbox 686 3647 1303 3712">
     <span class='ocr_line' id='line_1_96' title="bbox 686 3647 1303 3712; baseline 0.002 -16"><span class='ocrx_word' id='word_1_497' title='bbox 686 3647 811 3712; x_wconf 90' lang='lat' dir='ltr'>superbia</span> <span class='ocrx_word' id='word_1_498' title='bbox 835 3649 866 3697; x_wconf 94' lang='lat' dir='ltr'>ad</span> <span class='ocrx_word' id='word_1_499' title='bbox 893 3647 1073 3697; x_wconf 88' lang='lat' dir='ltr'>humilitatem</span> <span class='ocrx_word' id='word_1_500' title='bbox 1104 3657 1218 3708; x_wconf 82' lang='lat' dir='ltr'>revocet,</span> <span class='ocrx_word' id='word_1_501' title='bbox 1299 3700 1303 3709; x_wconf 70' lang='grc'><em>,</em></span> 
     </span>
    </p>
   </div>
   <div class='ocr_carea' id='block_1_6' title="bbox 683 3717 1218 3928">
    <p class='ocr_par' dir='ltr' id='par_1_7' title="bbox 683 3717 1218 3928">
     <span class='ocr_line' id='line_1_97' title="bbox 684 3717 1218 3783; baseline 0.004 -16"><span class='ocrx_word' id='word_1_502' title='bbox 684 3719 735 3768; x_wconf 92' lang='lat' dir='ltr'>sub</span> <span class='ocrx_word' id='word_1_503' title='bbox 758 3719 905 3769; x_wconf 89' lang='lat' dir='ltr'>assertione</span> <span class='ocrx_word' id='word_1_504' title='bbox 921 3726 1082 3767; x_wconf 89' lang='lat' dir='ltr'>contestatur</span> <span class='ocrx_word' id='word_1_505' title='bbox 1102 3717 1141 3767; x_wconf 92' lang='lat' dir='ltr'>eis</span> <span class='ocrx_word' id='word_1_506' title='bbox 1158 3733 1218 3783; x_wconf 91' lang='lat' dir='ltr'>poe-</span> 
     </span>
     <span class='ocr_line' id='line_1_98' title="bbox 683 3789 1217 3853; baseline 0.002 -14"><span class='ocrx_word' id='word_1_507' title='bbox 683 3807 759 3853; x_wconf 89' lang='lat' dir='ltr'>nam,</span> <span class='ocrx_word' id='word_1_508' title='bbox 784 3792 836 3842; x_wconf 90' lang='lat' dir='ltr'>nisi</span> <span class='ocrx_word' id='word_1_509' title='bbox 864 3792 898 3841; x_wconf 92' lang='lat' dir='ltr'>ab</span> <span class='ocrx_word' id='word_1_510' title='bbox 923 3789 1038 3840; x_wconf 91' lang='lat' dir='ltr'>elatione</span> <span class='ocrx_word' id='word_1_511' title='bbox 1062 3798 1088 3839; x_wconf 94' lang='lat' dir='ltr'>et</span> <span class='ocrx_word' id='word_1_512' title='bbox 1111 3789 1217 3840; x_wconf 89' lang='lat' dir='ltr'>inordi-</span> 
     </span>
     <span class='ocr_line' id='line_1_99' title="bbox 685 3859 1214 3928; baseline 0.002 -19"><span class='ocrx_word' id='word_1_513' title='bbox 685 3874 747 3911; x_wconf 90' lang='lat' dir='ltr'>nato</span> <span class='ocrx_word' id='word_1_514' title='bbox 759 3863 878 3928; x_wconf 89' lang='lat' dir='ltr'>appetitu</span> <span class='ocrx_word' id='word_1_515' title='bbox 898 3859 1011 3910; x_wconf 90' lang='lat' dir='ltr'>honoris</span> <span class='ocrx_word' id='word_1_516' title='bbox 1029 3863 1214 3912; x_wconf 87' lang='lat' dir='ltr'>retrocedant:</span> 
     </span>
    </p>
   </div>
   <div class='ocr_carea' id='block_1_7' title="bbox 95 3923 1213 4000">
    <p class='ocr_par' dir='ltr' id='par_1_8' title="bbox 95 3923 1213 4000">
     <span class='ocr_line' id='line_1_100' title="bbox 95 3923 1213 4000; baseline 0.011 -28"><span class='ocrx_word' id='word_1_517' title='bbox 95 3923 167 3988; x_wconf 92' lang='lat' dir='ltr'>quod</span> <span class='ocrx_word' id='word_1_518' title='bbox 184 3923 257 3990; x_wconf 88' lang='lat' dir='ltr'>passi</span> <span class='ocrx_word' id='word_1_519' title='bbox 274 3934 337 3974; x_wconf 92' lang='lat' dir='ltr'>sunt</span> <span class='ocrx_word' id='word_1_520' title='bbox 356 3925 459 3992; x_wconf 89' lang='lat' dir='ltr'>aliquid</span> <span class='ocrx_word' id='word_1_521' title='bbox 477 3926 628 3979; x_wconf 87' lang='lat' dir='ltr'>humanum</span> <span class='ocrx_word' id='word_1_522' title='bbox 674 3934 768 3996; x_wconf 80' lang='lat' dir='ltr'>Amen,</span> <span class='ocrx_word' id='word_1_523' title='bbox 799 3933 898 4000; x_wconf 89' lang='lat' dir='ltr'>inquit,</span> <span class='ocrx_word' id='word_1_524' title='bbox 927 3933 988 3984; x_wconf 86' lang='lat' dir='ltr'>dico</span> <span class='ocrx_word' id='word_1_525' title='bbox 1015 3935 1090 3986; x_wconf 83' lang='lat' dir='ltr'>vobis</span> <span class='ocrx_word' id='word_1_526' title='bbox 1116 3950 1124 3984; x_wconf 81' lang='lat' dir='ltr'>r</span> <span class='ocrx_word' id='word_1_527' title='bbox 1148 3933 1213 3985; x_wconf 81' lang='lat' dir='ltr'>Nisi</span> 
     </span>
    </p>
   </div>
   <div class='ocr_carea' id='block_1_8' title="bbox 0 0 1320 4320">
    <p class='ocr_par' dir='ltr' id='par_1_9' title="bbox 0 0 1320 4320">
     <span class='ocr_line' id='line_1_101' title="bbox 0 0 1320 4320; baseline 0 6"><span class='ocrx_word' id='word_1_528' title='bbox 0 0 1320 4320; x_wconf 95' lang='lat' dir='ltr'> </span> 
     </span>
    </p>
   </div>
  </div>
 </body>
</html>
