2632 4320
391 306 438 357 DE
453 306 596 359 VILLICO
613 308 841 368 lNIQUITATlS.

55 415 248 466 concederetur
265 415 381 481 spatium
404 416 486 469 unius
506 419 589 480 horae,

56 504 108 554 quo
121 485 275 553 poeniteret,
289 499 315 538 et
328 489 431 556 aliquid
445 490 510 541 boni
525 507 590 558 age·

55 570 108 623 ret;
136 559 186 610 sed
210 575 266 610 non
288 561 375 623 datur,
397 562 462 629 quia
483 572 592 629 tempus

1124 326 1175 380 117

642 436 657 471 a
685 422 862 488 prudentibus
885 434 950 477 sunt
974 425 1105 491 expulsae3
1128 425 1176 476 sed

642 507 690 543 nec
709 493 783 545 dives
804 496 884 561 epulo
898 497 1053 547 mendicans
1071 506 1175 563 guttam

642 581 717 632 aquae
743 569 842 620 meruit
864 570 989 636 recipere.
1018 570 1083 621 Scio
1111 570 1176 636 quid

55 631 120 682 illud
147 640 191 682 est
213 633 354 684 reddendae
378 635 510 700 rationis,
536 651 591 685 non
636 637 751 702 faciam,
766 638 945 706 quiascilicet
959 651 1104 707 antequam
1118 639 1175 690 tol-

51 705 207 755 exercendae
231 704 414 758 villicationis.
439 707 591 759 Audiamus

22 800 25 805 ·
53 790 115 843 ergo
130 776 191 828 lraec
207 778 289 827 verba
309 779 360 829 tria
380 780 465 832 severi
478 779 590 840 ludicis,

54 860 80 900 et
98 859 162 901 ante
177 849 310 915 judicium
324 851 461 917 placemus
473 868 546 914 eum,
561 861 592 904 ut

54 935 108 970 non
121 935 275 986 pereamus.

641 709 680 758 lar
698 724 744 774 per
765 710 926 760 sententiam
946 711 1043 762 mortis
1065 727 1080 762 a
1098 711 1174 762 villi-

641 779 752 841 catione,
767 779 856 832 debita
868 781 992 831 relaxabo
1006 781 1175 832 debitoribus

641 850 747 900 domini
767 851 830 912 mei,
851 861 877 903 et
899 850 1060 901 distribuam
1079 852 1119 903 eis
1141 853 1175 902 de

642 920 812 974 facultatibus
829 923 930 989 ipsius;
954 929 983 973 ut
995 937 1054 973 cum
1068 929 1175 975 amotus

85 989 99 1040 3
126 992 264 1042 Arrxrnrns
289 1008 389 1043 mmor
412 1010 515 1046 ronnas
540 1011 591 1047 ue·
636 994 719 1057 suero
731 1009 749 1045 a
761 995 931 1058 villicatione,
948 994 1048 1045 scilicet
1061 994 1090 1044 in
1105 1009 1175 1045 mor·

54 1078 171 1114 scmnrrs
199 1079 234 1113 er
256 1080 403 1115 uranicum
423 1082 590 1118 nauarscnn·

54 1152 103 1187 ris.
123 1165 155 1174 -
176 1136 291 1188 Timens
314 1148 403 1188 autem
425 1139 532 1191 villicus
557 1140 591 1191 de

54 1206 197 1259 vocatione
213 1207 241 1256 in
261 1216 347 1257 morte
367 1209 408 1259 vel
432 1209 460 1259 in
481 1209 590 1275 iudicio,

54 1291 78 1333 et
98 1281 237 1333 reddenda
260 1282 371 1343 ratione,
391 1284 433 1335 ait
456 1285 529 1336 intra
552 1299 589 1348 se,

54 1353 80 1402 in
98 1367 150 1403 sua
167 1352 343 1419 cogitatione3
361 1354 432 1406 intra
451 1371 479 1406 se
499 1355 591 1422 loqui·

53 1433 105 1485 tur,
127 1423 177 1490 qui
202 1424 308 1474 nullum
334 1425 451 1476 amicum
476 1426 590 1488 invenit,

56 1511 115 1546 cum
142 1510 198 1561 quo
219 1494 354 1546 consiliari
376 1496 463 1561 possit
486 1513 493 1547 ι
519 1496 591 1558 Quid

51 1565 185 1630 sociam?
198 1565 261 1632 quia
271 1566 403 1617 Dominus
413 1567 506 1632 ausari
518 1582 536 1618 a
550 1582 591 1619 me

56 1634 260 1697 villicationem,
276 1635 303 1684 id
318 1645 358 1687 est
372 1636 496 1687 omnium
509 1636 590 1688 villa·

56 1724 114 1759 rum
140 1706 328 1775 praedictarum
352 1710 510 1770 custodiam,
534 1709 589 1760 sci-

56 1780 125 1841 licet,
141 1791 199 1830 tam
214 1795 305 1830 rerum
323 1796 405 1846 quam
420 1782 543 1848 corporis
564 1791 590 1833 et

56 1851 164 1915 animae;
189 1860 214 1901 et
229 1851 281 1901 hoc
298 1851 349 1900 erit
365 1851 393 1902 in
405 1863 501 1903 morte.
516 1854 590 1917 Saepe

57 1923 126 1977 enim
145 1923 290 1990 contingit,
314 1926 387 1991 quod
405 1926 471 1977 tales
492 1925 590 1976 timore

58 1996 149 2047 mortis
173 1996 311 2049 ducuntur
335 1999 368 2048 ad
390 1997 589 2064 poenitentiam,

59 2076 80 2118 et
100 2067 279 2134 cogitandum
297 2068 331 2118 de
353 2069 408 2128 vita
426 2068 525 2120 futura.
545 2068 590 2118 Sic

59 2155 160 2206 semper
182 2139 300 2205 cogitare
312 2140 391 2191 debet
411 2151 532 2207 peccator
546 2156 591 2192 se·

60 2209 176 2260 cundum
197 2209 247 2260 lob
268 2226 276 2259 :
297 2210 370 2272 Quid
388 2211 509 2275 sociam,
532 2225 591 2262 oum

61 2281 215 2333 surrexerit
236 2281 274 2332 ad
294 2283 468 2348 judicandum
492 2283 591 2334 Deus?

61 2354 94 2405 Et
111 2368 173 2406 cum
186 2354 334 2420 quaesierit,
349 2356 414 2421 quid
427 2356 591 2423 respondebo

63 2426 121 2477 illi?
135 2427 199 2476 Non
211 2425 258 2487 ait,
269 2427 334 2492 quid
345 2427 445 2491 dicam3
461 2430 518 2490 sed,
527 2428 591 2494 quid

59 2498 165 2560 sociam,
182 2497 248 2563 quia
271 2499 342 2564 apud
363 2500 518 2551 districtum
541 2501 591 2550 Ju-

63 2567 143 2619 dicem
154 2583 211 2618 non
224 2578 352 2620 excusant
365 2570 447 2620 verba
460 2569 590 2633 suasoria,

63 2641 102 2691 sed
113 2641 183 2693 iacta
193 2641 340 2693 meritoria.
353 2643 381 2692 F
380 2643 468 2703 odere,
481 2658 528 2708 per
540 2658 593 2708 poe·

10 2708 13 2779 j
65 2712 208 2775 nitentiam,
223 2727 275 2762 non
289 2714 372 2776 valeo,
387 2713 414 2763 id
429 2726 469 2764 est
483 2713 591 2779 proprio

10 2790 12 2801 '
66 2783 146 2837 labore
157 2789 185 2837 et
195 2785 355 2851 poenitentia
366 2802 421 2836 non
433 2801 546 2852 possum
559 2787 592 2836 de

32 2858 39 2877 ⁹
67 2856 170 2918 peccatis
179 2854 342 2915 satisfacere,
358 2865 383 2906 et
392 2857 425 2907 ad
439 2857 521 2907 vitam
534 2857 592 2907 bea·

67 2936 113 2976 tam
134 2927 242 2988 venire;
271 2927 432 2990 mendicare,
455 2943 502 2993 per
530 2942 591 2978 ora-

67 2993 167 3059 tionem,
182 2997 317 3060 erubesco,
330 2997 395 3062 quia
408 2996 591 3048 verecundum

68 3066 135 3121 debet
158 3084 218 3120 esse
242 3068 439 3135 hujusmundi
462 3067 592 3119 divitibus

69 3148 145 3200 petere
164 3138 294 3205 suffragia
314 3137 471 3205 spiritualia,
491 3149 518 3189 et
536 3154 591 3189 non

21 3206 24 3211 ’
69 3213 201 3289 rependere
218 3211 248 3263 in
262 3211 465 3277 temporalibus.
489 3213 519 3262 ln
540 3211 592 3262 alia

69 3289 120 3343 nte,
133 3281 223 3333 anima
236 3297 292 3331 non
307 3291 394 3347 potest
407 3282 511 3348 operari
526 3297 592 3348 ope·

69 3364 91 3399 ta
111 3354 210 3419 quibus
237 3353 375 3417 adiuvetur
402 3356 437 3404 ad
466 3353 590 3420 gloriam.

68 3418 134 3474 Unde
147 3424 361 3491 chrysostomus
379 3441 388 3474 .·
410 3441 424 3470 a
445 3424 506 3474 Vita
521 3439 591 3490 prae-

68 3504 121 3543 sens
129 3493 210 3545 habet
223 3493 381 3545 exercitium
392 3496 590 3556 mandatorum,

68 3559 146 3617 futura
158 3581 222 3617 vero
240 3565 376 3617 solatium.
391 3566 419 3617 si
439 3566 509 3617 nihil
524 3582 591 3633 ope-

67 3642 131 3685 ratus
143 3651 172 3686 es
186 3635 241 3696 hic,
255 3635 357 3686 frustra
374 3635 403 3686 in
419 3635 510 3687 futuro
529 3652 591 3702 spe-

66 3717 110 3756 tas.
123 3725 138 3755 a
157 3708 234 3769 Item,
258 3722 306 3757 nec
327 3708 399 3758 bona
423 3708 480 3774 ipsa
504 3718 592 3774 potest

66 3774 161 3829 abaliis
173 3779 355 3831 mendicando
365 3779 517 3846 impetrare,
528 3780 592 3846 quia

66 3848 235 3900 tondebitur
255 3849 289 3905 ei.
305 3850 393 3916 Hujus
407 3850 515 3916 signum
529 3860 592 3901 sunt

64 3918 174 3987 virginea
187 3922 277 3988 fatuae,
289 3939 351 3991 quae
365 3934 485 3991 petentes
499 3925 591 3975 oleum

642 1076 676 1126 te,
692 1068 824 1133 recipiant
837 1083 878 1118 me
899 1068 925 1118 in
941 1068 1033 1119 domos
1049 1082 1124 1129 suas,
1146 1067 1175 1118 id

642 1147 681 1187 est
702 1152 748 1203 per
771 1152 865 1188 eorum
887 1137 982 1188 merita
1002 1146 1028 1187 et
1049 1136 1175 1202 suffragia

642 1209 756 1275 recipiar
770 1209 798 1260 in
817 1209 873 1261 vita
888 1210 973 1270 beata,
988 1224 1022 1258 ne
1038 1223 1116 1274 cogar
1132 1207 1175 1257 io·

642 1281 712 1340 dere,
734 1289 780 1330 aut
801 1279 953 1331 mendicare
970 1279 1083 1344 frustra3
1102 1287 1127 1329 et
1147 1278 1175 1329 in

642 1354 735 1405 domos
758 1355 905 1421 pluraliter,
928 1365 1036 1421 propter
1059 1352 1176 1403 diversi-

641 1437 724 1478 tatem
739 1427 913 1493 praemiorum
932 1443 939 1477 t
959 1427 1023 1494 quia
1041 1426 1078 1476 ibi
1097 1440 1175 1476 mon-

641 1501 731 1551 tiones
759 1501 850 1552 multoe
882 1506 953 1551 sunt.
983 1501 1012 1550 ln
1042 1500 1091 1550 has
1119 1500 1176 1550 do-

642 1586 701 1620 mos
722 1571 813 1622 nullus
830 1581 919 1636 potest
935 1570 1047 1636 ingredi,
1060 1571 1113 1620 nisi
1129 1585 1177 1637 per

641 1641 742 1693 ostium
764 1640 964 1701 misericordiae,
986 1643 1028 1691 vel
1049 1640 1177 1706 spiritua-

642 1713 684 1772 lis,
699 1712 740 1762 vel
755 1711 914 1776 corporalis3
930 1710 959 1759 in
978 1711 1054 1774 cuius
1067 1711 1177 1776 signum

641 1785 770 1835 Salomon
795 1783 823 1832 in
849 1782 973 1848 ingressu
999 1783 1083 1832 sancti
1112 1797 1178 1851 san-

640 1867 755 1916 ctorum,
771 1853 833 1905 fecit
851 1854 905 1904 duo
925 1853 1021 1904 ostiola
1041 1854 1074 1904 de
1093 1852 1176 1920 lignis

641 1928 786 1990 olivarum;
806 1940 853 1991 per
866 1924 956 1975 oleum
973 1925 1047 1975 enim
1064 1923 1174 1974 miseri-

641 1999 731 2050 cordia
746 1997 911 2064 designatur.
928 1997 996 2047 Nota
1009 1997 1082 2062 quod
1101 2011 1176 2046 man·

641 2071 732 2122 siones
741 2070 861 2120 coelestes
871 2077 934 2120 sunt
942 2083 1100 2134 pauperum,
1111 2067 1177 2134 quia

641 2143 694 2193 illis
723 2141 791 2191 datae
822 2150 903 2203 sunt;
923 2153 1075 2205 pauperum
1101 2137 1176 2189 enim

642 2213 739 2278 spiritu
760 2218 801 2262 est
814 2225 929 2277 regnum
945 2209 1081 2262 coelorum.
1096 2207 1176 2260 Unde

641 2283 664 2333 si
678 2281 776 2333 divites
789 2281 856 2332 illud
869 2281 968 2331 habere
981 2280 1084 2341 volunt,
1100 2292 1178 2345 opor·

642 2367 679 2406 tet
696 2364 725 2406 ut
747 2370 762 2405 a
781 2353 943 2420 pauperibus
956 2362 1063 2414 emant;
1079 2351 1177 2402 divites

642 2427 716 2477 enim
731 2424 831 2475 habent
850 2425 946 2474 domos
965 2423 992 2472 in
1012 2432 1091 2481 terra,
1107 2435 1176 2486 pau-

643 2512 718 2562 peres
733 2497 762 2546 in
778 2495 859 2559 coelo;
873 2493 988 2543 libenter
1004 2508 1066 2558 ergo
1080 2491 1178 2541 divites

642 2567 773 2633 recipiant
793 2580 924 2631 pauperes
948 2565 977 2614 in
1001 2565 1097 2613 domos
1113 2576 1177 2613 suas

643 2641 671 2690 in
690 2650 768 2698 terra,
784 2647 843 2687 uta
858 2635 1021 2702 pauperibus
1040 2633 1175 2700 recipian-

643 2721 687 2760 tur
711 2710 738 2760 in
762 2709 839 2760 coelo.
866 2708 944 2758 Unde
970 2705 1141 2773 Augustinus
1167 2721 1177 2755 .-

644 2803 657 2833 «
673 2783 762 2835 Praebe
773 2793 881 2842 terram,
896 2791 922 2832 et
935 2781 1022 2847 accipe
1041 2780 1148 2832 coelum.
1160 2798 1175 2828 n

673 2871 692 2922 4
708 2857 831 2905 Faucrus
847 2869 977 2904 ramirus
992 2869 1079 2904 VILLAE
1098 2865 1177 2903 notus

642 2942 783 2977 conurssrs.
808 2953 838 2962 -
865 2923 917 2975 Ubi
946 2924 1174 2975 considerandum

643 3007 691 3056 est,
704 2997 787 3062 quod,
802 3005 832 3045 ut
846 2996 1039 3061 supradictum
1054 3008 1104 3056 est,
1122 3006 1177 3046 tres

642 3068 712 3118 villae
728 3064 881 3116 commissae
902 3075 965 3116 sunt
982 3066 1098 3127 homini,
1120 3066 1175 3116 sci·

642 3139 731 3188 licet:
756 3136 890 3198 mundus,
914 3153 1011 3203 corpus
1028 3148 1054 3188 et
1075 3137 1176 3196 anima,

643 3224 760 3277 quorum
788 3207 889 3258 fructus
917 3208 994 3258 debet
1022 3208 1177 3273 dispensare

643 3284 675 3334 ad
702 3284 832 3334 honorem
852 3281 910 3333 Dei.
934 3283 1039 3347 Corpus
1060 3293 1178 3345 namque

643 3370 724 3405 suum
753 3353 832 3404 debet
858 3353 1021 3404 distribuere
1050 3351 1176 3417 jejuniis,

641 3425 743 3492 vigiliis
760 3435 786 3475 et
805 3423 900 3474 ceteris
910 3423 1049 3474 laboribus
1061 3436 1109 3487 pro
1119 3420 1176 3470 Deo

642 3497 804 3564 assumptis;
830 3506 856 3546 et
877 3506 943 3547 tunc
961 3495 1070 3557 sanitas,
1094 3491 1175 3541 forti-

642 3567 718 3626 tudo,
738 3566 918 3633 pulchritudo,
940 3580 1000 3631 quae
1021 3572 1084 3612 sunt
1108 3562 1177 3611 bona
1210 3588 1218 3599 ·

642 3637 771 3703 corporis,
791 3637 893 3702 optime
915 3645 994 3685 erunt
1013 3634 1176 3698 dispensata.

642 3709 671 3759 Si
691 3724 754 3759 vero
778 3707 897 3772 corporis
916 3706 1021 3755 labores
1043 3704 1178 3753 sustinere

643 3794 698 3828 non
710 3777 804 3844 possit,
819 3776 911 3825 dicens
921 3791 984 3825 cum
996 3772 1087 3823 villico
1101 3790 1107 3822 :
1125 3774 1177 3824 Fo-

643 3853 705 3903 dere
726 3866 777 3903 non
801 3851 885 3912 valeo,
906 3849 1001 3899 saltem
1023 3849 1092 3899 bona
1113 3847 1175 3898 ani-

642 3938 703 3987 mae,
725 3937 785 3989 quae
806 3931 870 3972 sunt
892 3936 984 3980 amor,
1008 3919 1125 3986 cognitio
1149 3926 1175 3967 et
