2632 4320
148 230 197 281 126

140 353 177 405 lio
192 362 233 404 est
250 366 311 401 mos
324 345 482 408 contrarius,
494 346 559 412 quia
572 362 675 413 paupe-

141 425 179 476 ris
204 437 304 473 nomen
323 418 493 484 exprimitur,
505 418 598 469 divitis
611 433 674 469 vero

142 511 242 547 nornen
252 503 366 553 tacetur3
378 489 510 555 superbos
519 489 616 539 divites
628 505 675 555 per

140 566 270 634 judicium
284 561 481 629 reprobationis
495 562 567 612 Deus
580 560 674 621 nescit,

143 637 261 690 humiles
275 649 404 701 pauperes
418 649 465 700 per
483 631 612 699 iudicium
625 647 675 697 ap-

143 708 310 778 probationis
324 704 420 756 noscit
431 703 565 756 Cominus
580 703 675 768 aspicit

143 784 202 846 hos,
217 791 243 832 et
257 780 366 830 eminus
375 787 445 828 arcet
456 777 525 826 illos.
540 773 675 825 Divitibus

142 865 205 907 sunt
230 852 341 903 nomina
373 850 402 900 in
428 846 547 899 culmine
570 845 674 906 mundi,

143 927 190 977 sed
206 924 369 992 pauperibus
383 932 447 973 sunt
456 918 567 970 nomina
579 918 608 968 in
624 935 675 969 au-

143 999 168 1049 la
182 999 239 1048 Dei.
256 997 309 1059 Qui
316 995 427 1062 jacebat
438 990 476 1043 ad
487 990 603 1058 januam
617 990 675 1056 ejus

144 1070 275 1122 ulceribus
298 1069 402 1135 plenus,
427 1073 458 1114 ut
481 1079 513 1113 ex
538 1062 676 1113 vicinitate

143 1143 230 1209 magis
273 1147 408 1207 appareret
439 1135 540 1186 duritia
574 1133 675 1194 divitis,

143 1218 263 1269 exeundo
278 1225 304 1265 et
327 1208 483 1262 revertendo
498 1223 561 1258 eum
579 1207 676 1258 viden-

142 1289 186 1347 tis,
202 1298 228 1338 et
241 1283 369 1351 patientia
383 1279 507 1347 pauperis
521 1294 554 1328 ex
572 1277 677 1328 visione

139 1358 240 1409 divitis.
257 1355 310 1407 Ubi
325 1348 677 1417 chrysostomusmlnfeli-

140 1431 247 1481 cissime
259 1427 411 1485 hominum,
424 1431 538 1474 mortem
556 1421 677 1487 corporis

140 1503 180 1555 tui
189 1503 263 1554 vides
276 1502 360 1566 jacere
372 1508 434 1548 ante
446 1498 564 1563 januam,
579 1505 605 1545 et
619 1510 675 1544 non

141 1570 294 1623 misereris!
320 1569 349 1619 Si
387 1567 435 1618 Dei
461 1574 592 1631 praecepta
620 1580 674 1614 non

140 1643 301 1699 consideras,
323 1640 418 1691 saltem
433 1637 559 1687 miserere
579 1635 674 1686 condi-

140 1714 225 1765 tionis
240 1724 303 1773 tuae,
323 1722 349 1762 et
371 1710 437 1761 time
454 1724 489 1759 ne
501 1718 528 1758 et
542 1706 599 1773 ipse
614 1707 675 1758 talis

139 1788 302 1839 efficiaris.»
318 1785 435 1851 Cupiens
445 1783 568 1834 satur-art
581 1781 614 1832 de
622 1781 674 1831 mi-

141 1861 188 1923 et's,
204 1875 260 1909 non
276 1857 342 1907 dicit
356 1857 389 1906 de
400 1852 536 1921 pretiosis,
550 1866 611 1917 quoe
624 1865 673 1902 ca-

141 1933 237 1983 debant
256 1931 289 1981 de
308 1943 399 1980 mensa
415 1926 523 1988 divitis;
538 1925 673 1991 quodam-

140 2005 221 2055 modo
235 2003 325 2052 dicens
337 2001 369 2050 ad
382 1999 494 2049 divitem
509 2013 516 2046 :
529 1996 674 2047 Sufficiunt

140 2074 209 2124 mihi
233 2073 309 2123 micae
328 2085 429 2120 mensae
443 2079 507 2128 tuae,
523 2082 591 2132 quas
604 2066 673 2132 abji-

139 2147 232 2197 ciendo
248 2143 358 2211 projicis
369 2143 440 2193 inde.
463 2139 556 2190 Praebe
577 2140 610 2189 de
624 2155 673 2190 su-

140 2217 242 2283 perfluo
266 2216 473 2278 eleemosynam,
499 2209 539 2258 fac
562 2209 595 2258 de
616 2224 673 2259 non

138 2288 239 2337 damno
255 2285 377 2346 lucrum;
395 2282 423 2332 in
439 2296 493 2346 quo
505 2279 590 2330 nimia
601 2280 673 2331 duri-

137 2359 173 2409 tia
186 2366 304 2423 apparet,
322 2371 354 2407 eo
370 2355 442 2421 quod
459 2353 546 2420 perire
559 2352 673 2419 permit-

137 2429 211 2479 tebat
223 2427 295 2477 unde
305 2441 405 2492 pauper
415 2422 546 2476 sublevari
562 2432 671 2489 poterat.

137 2500 176 2551 Et
189 2514 266 2552 nemo
284 2499 326 2550 itti
342 2499 433 2560 dabat,
448 2497 514 2565 quia
526 2497 573 2547 tali
588 2497 674 2546 domi-

138 2589 175 2624 no
187 2574 248 2625 talis
263 2572 376 2633 familia,
388 2581 415 2623 et
436 2571 500 2622 ideo
513 2570 672 2621 conforma-

139 2649 237 2698 bantur
257 2647 282 2698 ei
304 2647 333 2697 in
357 2645 457 2697 mentis
472 2643 580 2695 duritia.
602 2643 672 2695 Cum

137 2733 201 2784 ergo
218 2727 279 2768 ante
292 2718 400 2781 januam
415 2717 528 2780 jaceret:
540 2730 573 2765 ex
587 2715 672 2765 visio-

139 2805 173 2839 ne
192 2789 317 2854 pauperis
340 2787 418 2839 diviti
445 2802 501 2837 non
523 2787 671 2846 miserenti,

137 2863 262 2914 cumulus
289 2859 471 2911 damnationis
497 2858 629 2923 infertur;
647 2867 673 2909 et

137 2949 230 2984 rursus
253 2948 285 2983 ex
311 2932 413 2983 visione
441 2929 533 2981 divitis
556 2938 672 2980 tentatus

137 3004 259 3070 quotidie
268 3019 369 3068 pauper
384 3003 521 3069 probatur.
536 3001 625 3062 Quem
639 3002 671 3052 ad

138 3074 266 3138 majorem
282 3073 369 3139 ipsius
390 3073 579 3139 probationem
603 3089 672 3140 pau-

137 3154 226 3210 pertas
250 3143 333 3195 simul
357 3153 383 3194 et
409 3144 552 3210 aegritudo,
573 3155 600 3195 et
617 3145 673 3195 visa

138 3215 230 3275 divitis
244 3215 329 3281 copia,
347 3226 374 3266 et
398 3217 472 3267 nulla
493 3215 546 3267 sibi
562 3216 673 3267 adhibi-

139 3298 165 3337 ta
187 3286 334 3338 consolatio
364 3286 495 3338 afficiunt.
523 3286 574 3337 Ubi
600 3287 673 3337 idem

139 3359 352 3426 chrysostomus
366 3376 375 3410 .-
391 3377 405 3406 α
418 3358 568 3424 AEgrotatio
592 3359 673 3410 habet

138 3432 247 3498 aliquod
265 3431 401 3491 solatium,
419 3431 441 3482 si
455 3446 521 3496 opes
535 3431 633 3494 habet3
648 3431 672 3482 si

138 3512 229 3554 autem
250 3503 283 3554 ad
308 3501 475 3553 infirmitatis
503 3501 673 3568 magnitudi-

139 3587 202 3622 nem
226 3573 331 3623 accedat
350 3582 376 3624 et
394 3581 545 3638 paupertas,
572 3571 673 3636 duplex

139 3652 179 3692 est
190 3642 344 3695 infirmitas.
368 3643 474 3703 Quanta
488 3658 554 3709 ergo
570 3642 599 3693 in
620 3643 672 3694 isto

138 3726 216 3776 poena
230 3724 278 3775 est,
289 3714 318 3764 in
339 3730 394 3780 quo
404 3714 474 3764 inter
487 3722 560 3765 tanta
573 3713 672 3765 vulne-

139 3796 168 3831 ra
182 3798 235 3833 non
252 3784 379 3836 meminit
397 3784 504 3835 dolores
522 3784 670 3851 plagarum,

137 3857 185 3907 sed
201 3857 301 3909 famis?
315 3859 519 3913 »Sedeteaaes
532 3859 673 3913 ueniebant

441 231 616 283 SECUNDAE
635 231 759 283 PARTlS
777 233 896 286 CAPUT
908 237 980 289 XVI.

729 354 756 398 et
776 348 916 415 lingebant
924 353 1014 404 ulcero
1027 354 1101 422 eJ'us,·
1110 357 1187 408 'unde
1202 358 1266 410 talis

730 418 815 483 pietas
832 420 859 471 in
882 422 1008 489 lingendo
1025 426 1113 476 ulcera
1138 430 1266 494 pauperis

727 490 816 555 arguit
829 492 956 544 duritiam
971 495 1074 557 divitis,
1097 498 1163 563 quia
1176 501 1265 566 magis

728 564 841 636 curiales
854 577 929 617 erant
947 583 1027 619 canes
1041 571 1161 637 pauperi,
1180 588 1265 639 quam

729 650 824 685 eorum
839 637 975 690 dominus.
992 641 1024 690 Et
1039 656 1087 691 nec
1105 657 1121 692 a
1136 659 1165 693 se
1183 660 1265 697 canes

727 722 864 759 removere
876 721 988 776 poterat,
1005 729 1054 764 nec
1063 714 1187 767 visitator
1198 717 1266 769 erait

728 778 775 843 qui
800 792 956 834 removeret.
976 784 1029 844 Qui
1052 786 1157 837 etiamsi
1185 804 1264 839 mor-

728 849 818 900 dendo
844 852 1011 917 punxissent,
1035 871 1089 905 non
1122 869 1194 911 esset
1215 859 1264 925 qui

729 919 789 971 illos
804 923 958 975 amovisset.

758 1008 777 1056 4
804 996 883 1045 Moas
903 1012 1031 1049 pausatus
1050 1015 1085 1050 ur
1100 1016 1210 1053 urvrrrs.
1234 1032 1265 1041 -

734 1065 849 1117 Factum
876 1073 917 1117 est
943 1075 1030 1119 autem
1055 1077 1085 1120 ut
1114 1080 1266 1124 moreretur

732 1137 882 1202 mendicus,
909 1138 1096 1206 inpatientia,
1112 1159 1174 1209 quae
1197 1159 1267 1211 opus

727 1207 882 1273 per-fectum
896 1209 977 1260 habet
993 1212 1130 1277 probatus,
1151 1221 1178 1264 et
1195 1230 1266 1281 por-

729 1286 843 1344 taretur,
859 1284 1007 1333 secundum
1023 1285 1153 1347 animam,
1162 1289 1199 1339 ab
1212 1292 1267 1340 An-

730 1350 802 1416 gelis
822 1352 849 1401 in
872 1353 959 1403 sinum
980 1355 1107 1419 Adraha,
1130 1358 1164 1408 de
1186 1374 1266 1411 men-

728 1420 789 1471 dico
802 1421 877 1473 dives
888 1421 983 1485 factus,
997 1425 1024 1476 id
1038 1428 1120 1477 estad
1130 1428 1264 1494 requiem,

728 1503 753 1545 et
769 1494 885 1546 limbum
900 1509 1054 1549 sanctorum
1071 1510 1193 1565 patrum,
1215 1502 1263 1553 ubi

726 1564 923 1618 descendebant
938 1569 1037 1620 animae
1050 1571 1186 1635 justorum
1200 1589 1263 1625 mo-

727 1634 865 1698 rientium,
881 1647 1026 1705 antequam
1044 1644 1167 1707 generale
1180 1644 1264 1712 impe-

726 1709 879 1761 dimentum
909 1713 1001 1779 gloriae
1029 1730 1076 1780 per
1107 1717 1263 1770 Passionem

727 1785 830 1835 Christi
854 1797 923 1837 esset
947 1799 1086 1853 amotum3
1105 1791 1153 1856 qui
1175 1793 1260 1852 sinus,

726 1857 877 1907 secundum
892 1858 1083 1925 Augustiuum,
1100 1861 1162 1913 ideo
1175 1865 1263 1915 Abra·

727 1927 769 1977 hae
799 1928 887 1978 dictus
912 1939 967 1990 est,
995 1945 1049 1979 non
1072 1933 1145 1998 quod
1176 1933 1262 2001 ipsius

726 2008 833 2050 tantum
859 2000 907 2060 sit,
929 2001 975 2051 sed
990 2002 1064 2067 quod
1088 2003 1147 2069 ipse
1169 2007 1262 2058 multa-

726 2086 787 2120 rum
806 2071 927 2135 gentium
948 2082 1023 2139 pater
1044 2073 1089 2134 sit,
1111 2075 1215 2141 quibus
1230 2078 1262 2128 ad

727 2143 892 2192 imitandum
906 2144 1012 2209 positus
1031 2153 1080 2195 est.
1099 2146 1152 2196 Ubi
1168 2148 1262 2216 Chry-

728 2223 862 2267 sostomus
889 2233 898 2266 :
928 2235 943 2264 a
972 2218 1034 2268 Non
1067 2219 1209 2271 suffecerat
1230 2221 1262 2272 ad

728 2288 891 2352 portandum
918 2288 1039 2354 Angelus
1064 2304 1135 2340 unus
1158 2305 1262 2357 paupe-

726 2371 792 2417 rem,
808 2358 854 2407 sed
874 2369 1015 2425 propterea
1036 2361 1126 2425 plures
1149 2361 1262 2412 veniunt

725 2437 756 2477 ut
775 2427 891 2478 chorum
913 2428 1014 2479 laetitiae
1034 2428 1141 2480 faciant.
1157 2431 1262 2481 Gaudet

724 2501 914 2571 unusquisupe
950 2502 1116 2568 Angelorum
1154 2512 1261 2555 tantum

726 2589 797 2625 onus
816 2583 939 2640 tangere;
956 2574 1073 2625 libenter
1086 2574 1189 2626 talibus
1200 2591 1262 2627 one·

726 2644 802 2696 ribus
823 2655 1030 2710 praegravantur,
1046 2653 1076 2695 ut
1095 2644 1196 2695 ducant
1209 2646 1261 2697 ho·

725 2718 811 2768 mines
832 2716 865 2765 ad
886 2731 969 2781 regna
981 2716 1120 2767 ooelorum.
1139 2736 1154 2764 a
1180 2715 1262 2769 Mor-

725 2795 787 2839 tuus
801 2792 842 2838 est
855 2791 942 2837 autem
956 2786 1076 2848 etdives,
1087 2786 1153 2852 quia
1162 2786 1263 2838 divitiae

726 2873 779 2907 non
803 2866 918 2919 possunt
944 2871 961 2906 a
987 2866 1074 2907 morte
1097 2857 1216 2919 salvare;
1237 2863 1264 2909 et

726 2929 845 2995 sepultus
871 2935 913 2979 est
945 2931 973 2979 in
1010 2929 1129 2993 inferno,
1160 2929 1265 2981 scilicet

725 3002 927 3062 damnatorum,
940 2999 967 3051 id
983 3009 1023 3050 est
1036 3000 1064 3050 iu
1080 2999 1264 3066 profunditate

726 3087 869 3139 poenarum
893 3070 1084 3135 infernalium,
1118 3070 1153 3120 de
1178 3070 1263 3123 divite

725 3143 866 3195 mendicus
892 3143 986 3193 factus.
1014 3141 1094 3192 Dives
1121 3141 1174 3192 iste
1201 3152 1264 3193 tau·

725 3235 807 3286 quarn
827 3218 927 3269 diaboli
949 3216 1129 3284 parochianus
1150 3217 1183 3266 ad
1206 3232 1264 3269 αι-

726 3291 871 3342 meterium
893 3289 1036 3353 infernale,
1057 3304 1073 3340 a
1091 3288 1264 3341 daemonibus

727 3358 768 3413 e'st
791 3362 938 3421 deductus,
958 3370 986 3411 et
1005 3360 1043 3411 ibi
1068 3370 1110 3411 est
1127 3360 1262 3426 sepultus.

725 3433 765 3484 lbi
785 3432 951 3499 sepelientur
977 3429 1134 3496 parochiani
1159 3428 1263 3483 diaboli

726 3506 785 3558 sine
799 3506 881 3556 thure
900 3514 927 3554 et
939 3503 999 3553 sine
1015 3516 1086 3569 aqua
1110 3501 1263 3561 benedicta,

724 3577 759 3629 ad
780 3577 893 3628 modum
907 3573 989 3624 asini.
1008 3572 1086 3623 Unde
1104 3571 1134 3622 in
1147 3570 1265 3623 Jeremia

725 3647 758 3697 de
774 3645 898 3712 quolibet
919 3642 1035 3709 reprobo
1055 3641 1181 3692 dicitur:
1210 3642 1264 3695 Se·

722 3717 836 3782 pultura
853 3714 927 3766 asini
946 3713 1096 3780 sepelietur.
1117 3712 1264 3777 Sepultura

723 3787 792 3838 asini
815 3796 857 3837 est
872 3784 933 3836 talis
954 3801 962 3834 ε
979 3781 1045 3850 quia
1058 3782 1222 3844 excoriatur,
1236 3791 1263 3833 et

725 3859 803 3926 pellis
825 3873 840 3911 a
860 3855 974 3909 domino
991 3852 1157 3921 possidetur,
1167 3866 1263 3907 carnos
