2632 4320
150 317 349 369 MEDITATIO
366 316 403 368 IN
421 315 539 367 Puluis
554 312 721 368 VESPERIS
737 314 785 368 DE
800 316 911 368 COENA
927 317 1063 368 DOMINI.
1128 314 1181 383 387

55 435 157 490 Pascha
179 432 328 494 celebravit,
351 433 415 499 quia
447 432 494 482 illa
520 434 586 482 hora

53 519 142 571 agnus
164 502 298 569 paschalis
319 501 424 552 comedi
438 501 587 552 consuerit.

53 576 129 627 Hora
164 573 267 639 quippe
294 572 447 637 vespertina
475 571 589 622 debebat

52 663 142 715 agnus
160 646 293 713 paschalis
317 646 464 706 immolari,
487 655 514 696 et
537 645 589 695 hoc

55 720 85 770 in
96 719 184 785 figura
198 728 225 768 et
239 718 326 783 signo,
341 718 413 782 quod
433 717 462 767 in
480 730 590 781 vespera

55 789 154 842 mundi
169 797 196 838 et
209 788 237 837 in
251 787 305 838 fine
318 788 470 837 seculorum
487 786 590 837 immo-

54 861 153 912 landus
172 867 246 909 esset
265 872 345 908 verus
365 857 469 924 Agnus,
489 856 591 907 scilicet

56 935 193 987 Christus.
226 931 414 982 Solemnitates
441 930 522 981 etiam
543 931 591 981 Ju-

54 1007 179 1057 deorum
198 1002 368 1068 incipiebant
385 1017 402 1052 a
423 1016 541 1068 vespera,
563 1010 591 1052 et

54 1076 271 1131 terminabantur
284 1075 314 1125 in
326 1090 446 1141 vespera,
461 1075 526 1142 quia
537 1074 590 1140 ipsi

55 1148 207 1201 secundun
228 1147 322 1197 lunam
332 1161 394 1212 quae
408 1147 440 1197 de
456 1161 517 1196 sero
529 1145 590 1211 pri-

55 1238 101 1273 mo
131 1229 240 1287 apparet
262 1219 321 1269 dies
347 1220 537 1280 numerabant,
565 1227 591 1269 et

55 1308 102 1344 eos
123 1292 157 1342 de
172 1306 226 1341 uno
240 1305 300 1340 sero
312 1290 343 1339 in
359 1290 432 1340 aliud
448 1298 591 1355 computa·

54 1366 131 1415 bant.
143 1361 189 1412 Sic
202 1377 268 1427 ergo
280 1361 383 1427 aliquid
395 1359 496 1410 factum
509 1361 538 1410 in
552 1359 591 1411 vi-

55 1435 124 1502 gilia
143 1432 214 1492 festi,
237 1442 327 1497 potest
347 1431 401 1481 dici
416 1431 443 1481 in
466 1431 532 1481 festo
549 1430 591 1481 fa·

54 1518 141 1569 ctum,
164 1519 248 1571 quem
268 1503 382 1570 quidem
404 1505 516 1553 modum
537 1512 591 1553 tres

55 1576 234 1644 Evangelistae
268 1585 425 1636 servantes,
466 1576 592 1626 dixerunt

54 1664 159 1703 coactam
182 1662 242 1698 esse
257 1645 354 1697 factam
369 1647 457 1710 prima
468 1647 512 1697 die
527 1662 592 1712 azy-

54 1732 176 1783 morum,
191 1717 257 1784 quia
269 1716 336 1766 facta
360 1716 412 1767 suit
430 1716 474 1766 die
490 1732 591 1782 praece·

53 1789 130 1841 denti
152 1788 187 1839 ad
217 1802 365 1853 vesperam,
389 1802 450 1853 quae
478 1788 532 1853 jam
557 1787 591 1837 ad

54 1861 174 1928 primm
184 1858 256 1909 diem
263 1871 420 1924 azymorum
432 1858 590 1924 pertinebat,

53 1934 153 2000 inqua
163 1930 266 1982 scilieet
275 1946 394 1996 vespera,
410 1931 541 1982 fermento
559 1932 593 1981 de

55 2003 187 2055 mnibus
198 2001 257 2052 suis
266 2001 378 2066 abjecto,
390 2002 476 2052 ludaei
491 2016 592 2068 agnum

55 2074 210 2134 immolare,
222 2072 250 2122 id
264 2080 304 2123 est
318 2072 446 2133 occidere,
460 2073 593 2124 solebant.

55 2146 175 2197 ioannes
193 2157 257 2194 vero
279 2142 377 2208 accipit
401 2142 474 2193 diem
493 2142 592 2194 festum

56 2216 177 2280 Paxbae,
192 2230 248 2264 non
263 2229 312 2279 pro
333 2215 380 2265 illo
396 2216 473 2280 cujus
494 2215 593 2266 festum

57 2289 148 2339 solum
170 2284 276 2335 celebre
299 2294 364 2345 erat,
390 2301 451 2351 quae
466 2297 521 2338 erat
534 2287 594 2337 dies

56 2354 227 2423 praecedens3
242 2354 288 2404 sed
303 2371 352 2420 pro
367 2356 415 2406 illo
430 2357 474 2407 die
492 2357 540 2423 qui
554 2367 594 2408 to·

57 2439 102 2481 tus
126 2426 243 2479 celebris
262 2436 328 2487 erat,
346 2437 372 2477 et
386 2427 446 2478 ideo
468 2429 596 2480 dicitcoe-

57 2512 123 2551 uam
142 2498 241 2549 factam
255 2502 318 2547 ante
333 2498 403 2549 diem
412 2499 517 2564 festum
533 2500 595 2550 Pa·-

56 2572 137 2623 tclroe.
178 2570 228 2621 illa
267 2580 358 2620 autem
393 2584 501 2636 vespera
541 2586 596 2638 qua

56 2640 250 2692 comedebatur
271 2656 357 2707 agnus
377 2642 511 2708 paschalis
531 2658 595 2693 cum

59 2710 175 2779 azymis,
199 2711 316 2763 confecit
343 2711 470 2763 Christus
496 2728 596 2779 corpus

60 2796 152 2846 suum,
169 2796 204 2833 ex
227 2796 284 2849 quo
305 2792 379 2847 patet
392 2784 467 2849 quod
480 2783 596 2836 confecit

60 2852 92 2904 de
102 2866 200 2919 azymo
213 2863 239 2903 et
256 2868 312 2903 non
328 2853 362 2903 de
375 2853 517 2919 fermento,
532 2870 596 2906 cum

58 2934 122 2977 tuuc
153 2940 211 2977 non
244 2936 316 2977 esset
352 2926 543 2979 fermentatum
567 2929 596 2980 in

59 2998 188 3051 domibus
203 3000 370 3060 ludaeorum,
393 3002 458 3066 quia
472 3012 538 3052 tunc
559 3013 597 3054 te-

60 3072 192 3123 nebantur
223 3072 293 3123 vesci
332 3072 449 3137 panibus
485 3074 596 3140 azymis,

60 3142 163 3195 scilicet
174 3159 192 3194 a
207 3159 318 3210 vespera
329 3144 427 3194 decimi
438 3146 527 3210 quarti
542 3146 595 3196 diei

61 3214 142 3279 primi
160 3215 276 3275 mensis,
295 3230 382 3280 usque
407 3216 440 3265 ad
456 3230 596 3282 vesperam

61 3286 267 3354 nceeimiprimi
278 3288 331 3338 diei
343 3288 462 3351 ejusdem
473 3290 576 3339 mensis
587 3304 595 3353 ;

61 3359 134 3411 unde
143 3367 221 3425 patet
233 3360 307 3424 quod
328 3359 444 3409 loannes
459 3376 516 3409 non
530 3375 598 3410 con-

59 3429 168 3481 amicit
193 3429 265 3490 aliis,
293 3430 341 3478 sed
367 3429 453 3494 magis
470 3431 598 3481 convenit

59 3514 122 3553 m
143 3500 222 3568 ipsis.
242 3502 374 3563 Quamvis
388 3513 478 3552 autem
492 3503 598 3569 typicus

58 3588 148 3641 agnus
167 3572 284 3641 liguram
298 3575 354 3626 veri
377 3576 448 3642 Agni
466 3577 596 3641 gestabat,

54 3642 104 3697 tlh
116 3656 213 3697 minen
229 3656 308 3697 nocte
329 3662 383 3714 qua
405 3648 599 3699 immolabatur

57 3732 149 3787 :gnua
170 3718 291 3786 typicus,
315 3736 373 3771 non
401 3719 455 3771 fuit
472 3721 599 3773 Chr-istus

55 3802 140 3843 vem
152 3790 252 3857 Agnus
264 3790 433 3843 immolatus.
448 3792 510 3858 lpse
524 3793 599 3842 enim

53 3859 157 3929 legalia
180 3861 271 3913 voluit
298 3862 449 3924 observare,
475 3878 510 3914 ne
534 3862 599 3928 Legi

52 3932 213 3989 monitu
228 3934 385 4002 odenatum
398 3947 425 3988 et
438 3936 500 3989 ideo
513 3936 602 3989 noluit

641 448 717 482 more
737 433 893 484 ludaeorum
909 435 1011 484 Pascha
1031 434 1166 486 celebrare

641 514 667 554 et
681 513 757 553 nocte
770 503 815 554 illa
828 520 930 570 agnum
944 505 1084 556 comedere
1095 515 1181 557 anter

642 590 725 640 quam
754 586 914 626 moreretur.
948 575 1089 626 Praecessit
1119 590 1183 643 ergo

642 646 796 696 immolatio
818 647 882 713 agni
908 646 991 713 typici
1011 648 1184 698 immolatio-

644 732 707 767 nem
720 717 792 783 Agni
805 717 872 778 veri,
884 727 914 768 ut
925 719 965 768 sic
980 717 1121 779 Christus,
1132 719 1181 786 qui

644 799 685 839 est
707 790 803 856 Agnus
825 805 914 854 verus,
931 789 1119 842 immolaretur
1130 802 1179 857 pro

645 859 725 910 nobis
749 860 904 911 immediate
927 870 988 926 post
1011 860 1181 912 immolatio-

644 946 707 980 nem
719 932 782 998 agni
796 931 930 997 figuralis3
947 939 973 980 et
989 930 1028 980 sic
1039 932 1138 982 veritae
1152 932 1182 983 fi-

645 1016 718 1067 gurae
753 1002 906 1052 succederet
938 1010 964 1050 et
989 1003 1180 1067 responderet.

644 1074 698 1134 Qui
713 1075 805 1138 etiam,
818 1074 881 1125 licet
890 1074 933 1124 die
947 1074 1072 1140 sequenti
1088 1073 1181 1126 cruci-

644 1146 715 1197 fixus
731 1146 823 1210 fuerit,
841 1146 891 1195 hac
912 1155 1010 1196 tamen
1025 1155 1104 1196 nocte
1127 1160 1182 1212 qua

643 1232 729 1284 agnus
749 1216 942 1267 immolabatur
966 1216 1093 1281 mysteria
1106 1215 1181 1266 Cor·

644 1289 719 1355 poris
738 1298 765 1339 et
785 1287 932 1353 Sanguinis
957 1288 1000 1337 sui
1020 1287 1182 1339 celebranda

644 1359 784 1426 discipulis
793 1358 912 1418 tradidit,
924 1369 950 1409 et
960 1358 1081 1409 aludaeis
1092 1368 1182 1409 tentus

645 1444 671 1484 et
681 1433 779 1498 ligatus
791 1440 846 1496 est;
870 1442 896 1481 et
916 1431 958 1481 sic
975 1431 1060 1496 ipsius
1079 1431 1183 1481 immo-

644 1504 762 1565 lationis,
774 1502 801 1552 id
813 1510 855 1553 est
867 1500 1006 1552 Passionis
1022 1516 1088 1561 suae,
1102 1514 1184 1552 exor-

645 1576 722 1625 dium
736 1573 856 1625 sacravit.
871 1574 989 1633 Quando
1003 1583 1093 1623 autem
1104 1572 1183 1623 chri-

645 1656 704 1697 stus
724 1659 805 1696 reus
828 1645 923 1710 Agnus
940 1643 991 1693 fuit
1013 1642 1182 1705 immolatus,

644 1720 750 1770 scilicet
774 1717 804 1766 in
828 1718 970 1767 Parasceve
997 1725 1097 1776 sancta,
1116 1725 1183 1767 tunc

646 1790 718 1856 apud
740 1804 789 1839 nos
806 1796 847 1838 est
872 1798 980 1852 tempus
1011 1803 1067 1836 non
1079 1787 1181 1852 gaudii,

645 1861 692 1912 sed
713 1859 847 1921 moeroris,
868 1868 976 1924 propter
990 1858 1093 1908 Christi
1116 1858 1182 1908 Pas-

646 1932 760 1992 sionem,
789 1941 815 1981 et
840 1930 900 1980 ideo
926 1929 1044 1979 Ecclesia
1066 1929 1112 1979 illa
1137 1927 1183 1979 die

647 2022 703 2058 non
740 2006 904 2057 solemnizat
931 2004 1034 2055 festum
1063 2004 1181 2068 Pascha

646 2080 693 2128 sed
703 2077 798 2127 differt
811 2091 900 2141 usque
914 2076 946 2125 ad
968 2074 1041 2125 diem
1060 2088 1181 2124 resurre-

646 2150 755 2210 ctionis,
769 2147 844 2215 quia,
856 2148 928 2198 sicut
951 2147 989 2197 ait
1007 2147 1157 2212 Apostolus
1172 2162 1181 2195 ε

637 2220 757 2270 ‚Pascua
791 2224 913 2268 nostrum
954 2217 1107 2269 immolatus
1139 2223 1180 2268 est

647 2291 783 2342 Christus.

679 2378 697 2427 4
725 2362 890 2412 Nacassarun
923 2376 958 2410 no
1004 2372 1182 2410 consonabunt

648 2446 740 2484 annuet
759 2448 923 2482 eascuanarr.
936 2454 967 2469 υ-
979 2432 1078 2496 Aspice
1097 2430 1185 2495 igitur

649 2519 720 2554 nunc
741 2502 891 2552 Dominum
923 2502 1017 2551 lesum
1040 2500 1070 2549 in
1091 2500 1184 2565 aliqua

650 2584 725 2641 parte
746 2573 846 2622 domus
868 2582 1032 2630 manentem,
1065 2578 1092 2620 et
1120 2584 1185 2620 cum

649 2643 791 2710 discipulis
823 2642 943 2693 salubria
974 2642 1182 2707 colloquentem.

650 2718 684 2767 Et
704 2714 814 2766 interim
832 2715 861 2765 in
881 2714 1017 2765 coenaculo
1043 2713 1185 2779 parantur

650 2806 699 2857 pro
718 2789 767 2851 eie,
779 2804 830 2855 per
847 2789 954 2854 aliquos
968 2802 1001 2837 ex
1014 2785 1185 2853 septuaginta

649 2863 757 2912 duobus
789 2859 942 2926 discipulis
969 2859 1080 2925 Legitur
1110 2857 1185 2908 enim

649 2933 723 2998 quod
744 2932 838 2982 beatus
865 2929 1003 2992 Martialis,
1021 2927 1186 2980 Lemovice-

650 3016 712 3053 rum
723 3002 881 3068 Apostolus,
895 3016 959 3051 cum
972 3001 1112 3066 aliquibus
1125 2999 1186 3051 aliis

650 3090 682 3127 ex
689 3075 856 3140 septuaginta
865 3074 982 3136 duobus,
993 3073 1045 3124 fuit
1055 3074 1115 3139 ipso
1125 3086 1185 3124 sero

651 3147 689 3197 ibi
703 3147 737 3196 ad
748 3145 962 3196 ministrandum
979 3145 1098 3195 Domino
1111 3144 1183 3205 Jesu,

651 3232 676 3271 et
702 3220 845 3270 duodecim
872 3220 1103 3271 recumbentibus.
1129 3215 1184 3265 Sed

651 3301 677 3342 et
700 3306 800 3358 aquarn
834 3291 951 3357 portavit
985 3290 1037 3355 ipsi
1065 3285 1184 3337 Domino

650 3365 724 3427 lesu,
739 3363 850 3430 quando
862 3363 927 3414 lavit
939 3363 1020 3428 pedes
1035 3357 1185 3423 discipulo·

650 3450 721 3485 rum.
739 3431 808 3485 Cum
825 3444 915 3484 autem
927 3431 1021 3482 omnia
1033 3436 1121 3478 essent
1135 3441 1187 3492 pa-

652 3516 709 3556 rata
722 3506 750 3555 in
765 3506 917 3565 coenaculo,
937 3501 1046 3552 intravit
1060 3512 1188 3551 coenacu-

652 3580 710 3627 lum
736 3577 874 3627 Dominus
899 3576 986 3633 Jesus,
1015 3582 1041 3623 et
1061 3568 1188 3635 discipuli

651 3663 715 3698 cum
736 3664 777 3700 eo.
802 3648 904 3697 Omnes
930 3645 1020 3694 lavant
1034 3655 1142 3701 manua,
1162 3647 1191 3691 et

653 3718 772 3770 delectur
789 3717 828 3768 eis
846 3731 933 3782 agnus
957 3713 1090 3780 paschalis
1102 3724 1189 3776 meus,

654 3798 895 3909 benedictioneque
926 3794 993 3845 facta
1016 3808 1063 3860 per
1089 3791 1191 3871 nomia

655 3879 739 3923 num,
762 3869 912 3912 comeant
934 3874 996 3909 eum
1020 3873 1083 3908 cum
1110 3867 1190 3909 succo

654 3936 817 3988 lactucarum
832 3932 990 3999 agrestium.
1005 3931 1034 3982 ln
1056 3927 1192 3984 solemni*
