2632 4320
150 316 204 367 410

151 414 219 465 lis.»
228 415 333 466 Deinde
344 415 489 479 benedixit,
503 415 593 466 dicens
605 431 614 465 .·
626 414 683 465 Hic
701 417 705 435 ¹

148 496 193 540 eet
212 490 328 557 sanguia
351 503 432 553 meus,
448 490 495 556 qui
509 489 610 540 scilicet
632 488 705 559 sul)¹

150 560 239 626 specie
260 560 318 610 vini
340 570 457 625 apparet,
482 559 556 610 Novi
583 559 683 608 Terta-

151 634 234 684 menti
255 633 369 694 scilicet,
391 644 418 684 et
442 635 474 684 ad
501 633 569 684 Novi
586 632 683 683 Testa-

150 703 237 753 menti
259 703 510 768 confirmationem
532 703 597 768 quia
611 702 683 751 sicut

151 774 235 824 Vetus
261 775 467 824 Testamentum
494 772 683 823 confirmatum

151 857 192 898 est
213 847 243 897 in
267 849 396 915 sanguine
408 848 566 898 animalium
588 848 684 897 immo

151 919 277 977 latorum,
295 919 331 969 ita
351 921 462 970 Novum
480 921 683 969 Testamentum

150 991 283 1057 sanguine
300 991 404 1042 Christi
426 1003 467 1042 est
485 990 682 1051 confirmatum,

150 1065 180 1115 in
204 1081 263 1131 ·quo
292 1076 401 1132 apparet
428 1065 585 1116 excellentia
613 1065 683 1116 Novi

151 1136 333 1195 Testamenti,
358 1146 479 1202 respectu
504 1135 618 1186 Veteris.
651 1136 684 1185 Et

149 1206 224 1256 addit
240 1224 246 1257 :
261 1208 341 1268 Quod
351 1223 403 1274 pro
418 1207 493 1257 vobis
508 1213 536 1256 et
546 1221 600 1272 pro
614 1207 683 1256 mul-

151 1277 195 1338 tia,
211 1277 385 1331 redimendis.
396 1286 422 1327 et
438 1277 466 1326 in
480 1279 617 1327 coelestem
631 1277 682 1326 he-

150 1347 292 1397 reditatem
306 1348 519 1407 introducendis,
531 1348 684 1413 ‹eff'undetttr

152 1419 178 1468 in
201 1419 384 1468 remissionem
406 1426 586 1484 peccatorum.
611 1419 684 1469 Dicit

146 1497 250 1547 autem,
270 1503 322 1553 pro
341 1490 443 1551 multis,
465 1489 619 1551 efficienter,
636 1491 683 1539 sed

147 1573 200 1625 pro
225 1560 363 1622 omnibus,
392 1559 557 1610 sufficienter
585 1577 591 1610 :
620 1560 683 1626 quia

147 1631 258 1697 sanguis
274 1631 380 1682 'Christi
400 1648 449 1698 pro
469 1632 597 1682 omnibus
612 1632 683 1683 effu·

150 1703 273 1764 susiuit,
288 1714 420 1770 quantum
435 1706 466 1754 ad
482 1704 681 1765 sufficientiam,

149 1776 197 1826 sed
213 1791 268 1825 non
288 1775 341 1826 fuit
355 1777 457 1827 effusus
471 1793 520 1842 pro
543 1778 704 1841 omnibus,v
1011 1834 1016 1844 ¹
1255 1834 1261 1844 ,

150 1856 284 1912 quantum
298 1848 331 1897 ad
346 1848 527 1908 efficientiam,
546 1849 610 1913 quia
627 1864 681 1898 non
701 1850 704 1913 j
734 1843 933 1883 sacramentum
956 1851 964 1883 ε
983 1833 1062 1883 aliter
1078 1844 1170 1884 tamen
1186 1844 1215 1884 et
1229 1835 1273 1884 alr-

150 1931 246 1967 omnes
270 1918 412 1978 emundat,
439 1918 564 1984 quamvis
588 1934 704 1968 omnes·

150 1990 297 2039 emundare
320 1990 461 2050 sufficeret,
474 1991 498 2040 si
515 1989 567 2041 fide
590 2001 616 2041 et
636 1991 682 2040 di·
701 2018 704 2025 ·

149 2059 272 2122 lectione,
289 2075 319 2110 ac
337 2070 564 2111 sacramentorum
587 2076 681 2126 perce·

149 2199 213 2249 inde
233 2201 306 2250 dedit
329 2202 376 2264 eir,
402 2203 517 2252 dicens:
537 2203 626 2253 Bibite
643 2217 681 2252 ex

149 2267 198 2318 hoc
215 2283 312 2331 omnes,
327 2281 358 2320 ut
375 2271 434 2320 sitis
453 2271 591 2321 Passionis
613 2287 681 2321 meae

146 2348 397 2403 repraesentatores,
418 2341 445 2390 id
471 2352 512 2390 est
535 2340 680 2391 imitamini

148 2424 239 2460 meam
263 2411 428 2473 Passionem,
449 2412 514 2479 quia
533 2413 585 2463 nisi
604 2428 680 2463 com-

146 2484 298 2551 patiamini,
317 2502 373 2536 non
399 2486 608 2553 conregnabitis.
632 2488 680 2538 Bi-

149 2555 190 2604 bit
210 2565 302 2606 autem
323 2557 382 2623 ipse
403 2558 492 2623 primo
514 2559 680 2623 Sanguinem
700 2582 703 2623 5

146 2640 240 2686 suum,
262 2627 393 2678 inducens
416 2644 461 2679 eos
483 2628 563 2678 etiam
586 2631 619 2680 ad
636 2631 703 2687 bi·:

148 2698 276 2750 bendum.
292 2700 325 2748 Et
343 2701 493 2750 notandum
517 2701 590 2765 quod
606 2701 681 2751 sicut

146 2780 221 2832 tunc,
232 2771 268 2822 ita
279 2783 304 2822 et
316 2774 344 2822 in
353 2774 492 2838 primitiva
504 2773 624 2824 Ecclesia
631 2775 680 2825 ho
700 2822 703 2835 ,

148 2841 238 2891 mines
254 2843 301 2908 qui
318 2843 407 2892 misste
421 2843 577 2903 intererant,
593 2858 680 2894 sume·

147 2913 213 2963 bant
237 2925 434 2965 sacramentum
458 2915 580 2978 unitatis;
608 2933 680 2969 nunc

147 2994 237 3034 autern
252 2985 317 3049 quia
331 3001 385 3035 non
400 2994 515 3050 possunt
527 3002 622 3038 omues
635 2989 679 3038 di-

145 3069 200 3120 gne
219 3069 335 3114 sumere,
357 3066 471 3106 sumunt
490 3056 563 3107 aliud
583 3058 678 3109 saltem

146 3125 256 3193 signum
279 3127 405 3186 unitatis,
432 3128 458 3177 id
487 3138 527 3178 est
554 3122 678 3180 osculum

109 3236 112 3243 .
147 3198 232 3264 pacis;
246 3200 320 3265 quod
333 3199 442 3249 tradens
461 3201 583 3251 sacerdos
597 3212 625 3252 et
639 3202 679 3252 di-

146 3284 243 3320 cens:
268 3268 389 3335 Accipite
416 3270 557 3320 vinculum
587 3273 677 3338 pacis,

146 3338 219 3390 idem
238 3350 279 3390 est
294 3355 325 3390 ac
344 3340 368 3390 si
386 3339 505 3391 diceret:
519 3342 623 3392 Sumite
640 3358 678 3393 ex

145 3411 195 3462 hoc
209 3427 311 3475 omner;
323 3413 376 3473 uel,
391 3412 512 3479 accipite,
527 3419 554 3462 et
566 3414 678 3465 dividite

146 3481 217 3532 inter
241 3498 297 3534 vos.
323 3484 372 3534 Per
393 3485 501 3534 calicem
527 3484 677 3548 persecutio

144 3552 268 3620 signante
278 3555 306 3604 iu
323 3556 476 3621 Scriptura:
489 3555 533 3605 hic
544 3556 612 3605 calix
621 3571 676 3606 au-

144 3625 237 3688 mitur,
256 3625 386 3690 patienter
407 3626 562 3687 tolerando;
584 3635 610 3675 et
628 3627 676 3676 da·

143 3706 188 3746 tur
200 3696 270 3756 aliis,
282 3698 315 3747 ad
328 3699 417 3748 simile
431 3698 608 3748 exhortando.

177 3763 190 3814 5
207 3767 266 3817 Coa
287 3782 337 3817 suu
359 3782 464 3817 ouaurcr
483 3781 572 3817 saeua
588 3782 675 3817 rnatu-

143 3851 236 3887 ruruu
251 3855 299 3890 usr
318 3840 508 3890 Euuaaarsrra
518 3854 675 3889 maruan-

138 3908 212 3960 triu?
223 3939 255 3950 -
265 3912 469 3962 Advertendum
489 3921 579 3961 autern
596 3913 673 3977 -quod

456 298 630 350 SECUNDAE
646 298 771 349 PARTIS
786 299 904 350 CAPUT
927 299 993 350 LVI.

734 415 808 465 istud
818 426 1015 465 sacramentum
1031 416 1082 465 sub
1097 414 1201 480 duplici
1215 430 1271 481 spe

731 486 784 546 cie,
800 487 902 537 scilicet
916 487 991 552 panis
1003 496 1029 536 et
1048 485 1113 546 vini,
1126 496 1171 536 *est
1189 486 1270 536 insti-

734 568 836 617 tutum,
855 555 918 622 quia
937 557 1079 607 ordinatur
1094 556 1129 606 ad
1149 557 1271 622 corporis

736 639 762 678 et
783 628 883 678 animae
904 629 1032 691 salutem
1053 629 1106 688 vel,
1126 627 1161 677 ad
1181 627 1270 694 signi-

736 698 870 748 ficandum
897 699 1039 765 perfectam
1066 698 1167 749 animae
1197 699 1271 750 reie-

736 769 862 832 ctionem,
878 770 949 820 sicut
964 785 997 820 ex
1015 770 1077 820 cibo
1100 779 1127 820 et
1151 779 1220 835 potu
1240 769 1271 820 iit

735 839 850 904 perfecta
872 840 991 906 corporis
1013 839 1134 890 refectio.
1158 842 1269 907 Separa-

701 920 704 927 '
735 912 786 960 tim
803 922 893 961 tamen
910 910 940 961 fit
951 910 1083 976 Corporis
1105 920 1133 961 et
1152 910 1271 978 Sangui·

736 982 779 1032 nis
802 982 978 1042 consecratio,
1002 982 1066 1048 quia
1092 981 1122 1031 in
1145 983 1271 1034 Passioae

735 1052 787 1102 fuit
809 1055 921 1118 sanguis
944 1061 1083 1118 separatus
1107 1066 1123 1102 a
1147 1066 1270 1118 corpore.

734 1123 792 1173 Hoc
818 1133 909 1173 autem
932 1133 1130 1173 sacramentum
1157 1123 1270 1174 institu-

735 1205 793 1244 tum
808 1204 856 1252 est,
872 1195 949 1260 quasi
962 1195 1099 1261 quoddam
1114 1194 1273 1245 memoriale

735 1264 810 1314 illius
828 1264 972 1324 Passionis,
999 1274 1025 1314 et
1046 1264 1109 1314 ideo
1128 1278 1271 1314 consecra·

736 1335 774 1384 tio
796 1334 924 1400 Corporis
949 1346 975 1385 et
999 1335 1147 1402 Sanguinis
1169 1335 1202 1385 tit
1220 1336 1273 1386 aub

735 1405 876 1471 speciebus
906 1407 1052 1457 distinctis.
1084 1405 1273 1457 Consideran-

735 1476 801 1525 dum
816 1485 906 1527 tamen
923 1478 997 1543 quod
1013 1478 1065 1526 sub
1083 1487 1196 1543 utraque
1213 1491 1272 1542 spe

732 1544 775 1595 cie
799 1556 839 1596 est
863 1557 936 1597 totus
965 1547 1094 1597 Christus
1117 1545 1271 1606 indivisus,

734 1618 837 1668 scilicet
861 1636 871 1669 s
899 1619 1006 1686 Corpus
1030 1630 1057 1670 et
1086 1620 1221 1685 Sanguis,
1243 1635 1272 1671 ac

701 1708 703 1713 ·
732 1689 823 1739 anima
846 1700 872 1740 et
887 1691 986 1755 deitas;
1009 1707 1039 1741 ac
1063 1707 1112 1758 per
1126 1690 1180 1741 hoc
1195 1700 1272 1742 utru-

736 1760 818 1826 bique
828 1771 871 1812 est
886 1777 972 1812 unum
986 1772 1013 1813 et
1032 1762 1272 1828 simplicissimum

734 1915 782 1956 ter.
800 1907 856 1956 Sub
877 1907 965 1972 specie
988 1922 1107 1973 namque
1127 1907 1207 1974 panis
1233 1917 1272 1958 est

733 1987 839 2027 tantum
861 1979 967 2043 Corpus
988 1994 1020 2028 ex
1039 1978 1066 2029 vi
1085 1979 1271 2030 conversionis

733 2052 775 2100 vel
798 2052 966 2112 sacramenti,
984 2062 1071 2102 cetera
1096 2061 1189 2102 autern
1209 2061 1271 2103 scuit

149 2129 240 2194 ptione
251 2131 364 2181 virtutes
378 2133 434 2196 ejus
449 2132 620 2198 attingerent
630 2133 682 2182 De
701 2136 703 2195 j
734 2120 772 2170 ibi
791 2135 824 2170 ΕΚ
835 2122 1047 2172 ῑθῐὶίθῐῐὶίῑᾶῐὶῒῑᾶ
1069 2122 1145 2182 reali,
1163 2137 1212 2172 ⁸0¹1
1230 2136 1269 2173 Μ·

732 2192 814 2241 tuteli
829 2202 856 2242 et
877 2192 1061 2257 inseparabili,
1076 2193 1144 2259 quia
1158 2191 1268 2259 Sanguis

733 2270 773 2312 est
793 2261 841 2322 ibi,
861 2278 909 2328 per
934 2262 1143 2326 connexionem,
1165 2273 1192 2314 et
1213 2263 1267 2314 atri-

733 2349 788 2395 um,
811 2335 1108 2398 perconjunctionem,
1132 2345 1159 2386 et
1176 2336 1264 2393 deitas,

734 2419 781 2470 per
805 2404 933 2455 unionem
957 2423 963 2455 ι
984 2406 1035 2457 ista
1055 2407 1133 2456 enirn
1157 2417 1265 2473 quatuor

734 2491 788 2525 non
809 2487 924 2542 possunt
948 2477 1050 2537 dividi,
1075 2492 1125 2527 nec
1146 2479 1182 2528 ab
1206 2476 1264 2527 iuri

732 2565 791 2600 cem
811 2550 939 2614 separari.
956 2550 1089 2600 Similiter
1109 2551 1165 2600 sub
1180 2549 1262 2616 specie

733 2621 806 2682 viui,
832 2632 873 2672 est
897 2633 1002 2672 tantum
1025 2623 1161 2689 Sangada,
1183 2638 1218 2674 ex
1238 2620 1260 2671 ri

732 2693 917 2744 conversionis
938 2704 965 2744 et
991 2693 1162 2755 sacramenti,
1186 2701 1261 2744 ceter

732 2776 822 2817 autem
842 2781 876 2816 ex
895 2766 1111 2817 concomitantia
1133 2776 1200 2817 sunt
1218 2763 1259 2815 ibi.

732 2838 765 2888 Et
786 2837 848 2888 licet
869 2839 898 2888 in
922 2837 1061 2902 primitiva
1081 2838 1200 2889 Ecclesia
1215 2848 1259 2902 pb

732 2908 812 2973 pulos
835 2907 886 2958 sub
907 2918 1021 2974 utraque
1045 2908 1258 2963 communicaret,
1307 2932 1309 2971 ;

731 2989 823 3044 postea
846 2989 937 3030 tamen
969 2979 1080 3045 provide
1109 2980 1257 3030 ordinaram

729 3062 781 3114 est,
796 3063 826 3103 ut
845 3069 901 3103 non
919 3053 1134 3103 communicaret
1145 3053 1197 3102 sub
1208 3064 1257 3116 spe

730 3124 770 3176 cie
793 3126 865 3186 vini,
890 3137 1000 3192 propter
1023 3125 1176 3189 periculum
1198 3123 1257 3175 ἀπ’

730 3199 831 3264 sionis,
859 3209 886 3250 et
906 3200 975 3266 quia
1000 3199 1051 3249 sub
1076 3199 1166 3265 specie
1189 3196 1257 3264 punis

730 3273 932 3338 quodammodo
945 3272 1063 3338 Sanguis
1082 3272 1220 3338 accipitur,
1233 3270 1257 3320 ia

728 3353 861 3410 quantum
895 3344 934 3394 ibi
958 3344 1122 3395 continetur.
1152 3343 1258 3394 Eucha-

729 3413 805 3465 ristia
830 3415 921 3481 itaque
946 3415 1096 3465 formaliter
1121 3424 1148 3466 et
1172 3411 1258 3480 perfe-

728 3485 850 3536 ctissime
872 3495 916 3536 est
944 3502 1030 3536 unum
1057 3495 1258 3539 sacramentum,

729 3555 905 3607 materialiter
927 3572 991 3607 vero
1015 3557 1111 3622 plura,
1137 3556 1205 3622 quit
1222 3552 1258 3605 ili

728 3638 891 3677 concurrunt
913 3629 983 3687 duo,
1010 3627 1117 3679 scilieet
1141 3628 1221 3679 cibus
1236 3634 1260 3675 et

728 3709 822 3764 potus,
846 3708 872 3748 et
893 3710 1002 3765 propter
1025 3700 1076 3749 hoc
1099 3701 1260 3766 quandoque

727 3768 888 3834 exprimitur
907 3769 1056 3834 pluraliter,
1071 3770 1145 3821 sicut
1155 3771 1191 3821 in
1208 3770 1260 3822 tol·

728 3840 794 3891 lecta
818 3857 825 3891 r
846 3840 999 3908 Pur-ilicem
1022 3857 1072 3892 nos
1092 3854 1258 3908 quaesumus,

728 3913 850 3977 Dmnine,
874 3921 1045 3965 sacramenta
1068 3931 1131 3980 qaoe
1153 3915 1262 3983 suntpd
