2632 4320
145 258 178 312 18
444 251 618 306 SECUNDAE
639 247 763 300 PARTIS
779 246 896 299 CAPUT
912 247 955 298 ΠΙ.

141 373 231 425 lutura
245 373 321 423 inre.
332 371 420 432 Unde,
432 370 579 420 secundum
595 367 672 418 Glos-

140 461 208 508 rant,
232 444 260 494 in
290 457 400 508 corpore
422 441 527 492 mortali
554 438 672 490 ostendit

140 518 179 568 eis
192 532 247 566 aon
258 513 496 574 immortalitatem,
511 513 557 564 sed
567 512 672 563 clarita-

139 600 194 641 tem
216 589 311 638 futurae
324 586 519 637 immortalitati
536 585 670 646 similem;

140 676 167 715 et
184 663 220 713 ita
234 677 331 712 sensus
343 670 393 722 est,
408 661 491 711 donec
509 659 617 710 rideant
627 674 672 709 re-

141 750 225 802 gnum
247 732 309 792 Dei,
331 731 358 781 id
385 742 425 783 est
451 731 672 797 imaginationem

140 803 231 870 gloriae
246 801 321 868 regni
345 801 404 853 Dei.
418 803 489 854 Cum
507 800 615 852 Christo
628 800 672 850 hic

141 883 242 924 stantes
264 882 328 922 sunt
352 872 381 922 in
410 881 480 922 statu
499 871 603 936 gratiae,
625 870 672 938 qui

141 959 190 1010 pro
205 943 264 1010 ipso
283 943 416 1010 patienter
429 941 566 1010 passiones
590 941 673 992 susti-

143 1018 219 1076 nent}
241 1025 266 1065 et
283 1013 328 1064 isti
343 1024 457 1064 mortem
473 1012 557 1077 culpae
571 1012 612 1062 vel
625 1027 673 1078 ge-

725 363 757 414 ad
790 361 903 428 gloriam
943 372 1069 413 aeternam
1109 372 1258 415 transeunt.

726 434 799 483 Hanc
822 433 894 498 piam
923 434 1130 499 promissionem
1151 434 1191 484 eis
1218 433 1260 484 fe-

726 505 770 566 cit,
786 517 831 565 ut,
850 523 897 572 per
920 506 1006 558 visam
1023 507 1136 574 gloriam
1163 507 1260 558 futurae

727 576 927 627 resurrectionis
955 588 982 628 et
1008 578 1260 644 contemplationem

728 650 817 716 gaudii
848 652 995 712 manentis,
1029 653 1138 702 adversa
1168 661 1261 702 trans·

727 721 816 772 euntis
845 722 926 772 seculi
952 722 1049 773 lortius
1076 721 1184 773 ferenda
1205 722 1262 773 ani-

729 801 821 843 maret.
853 792 994 843 Visionem
1021 803 1110 842 autem
1141 792 1262 857 promis·

728 884 785 919 sam
808 868 921 932 distulit,
944 879 974 920 ut
994 884 1051 919 eam
1075 857 1262 921 vehementius

728 939 918 1000 desiderarent,
936 950 962 990 et
982 939 1158 989 desideratam
1175 939 1263 1006 magis

728 1019 904 1075 acceptarent,
917 1018 943 1060 et
954 1020 1056 1075 gratam
1070 1009 1206 1060 haberent.

143 1084 238 1136 hennae
256 1100 312 1135 non
335 1093 452 1150 gustant,
467 1083 513 1134 sed
533 1099 595 1134 curn
613 1083 672 1148 ipso

634 1338 771 1389 ORATIO

176 1535 294 1585 Domine
308 1533 370 1584 lesu
383 1531 501 1593 Christe,
517 1534 550 1583 da
569 1533 638 1583 mihi
655 1543 686 1584 ut
697 1533 832 1599 meipsum
845 1535 885 1585 sic
903 1536 1042 1602 abnegem,
1057 1536 1138 1602 quod,
1160 1535 1189 1585 in
1206 1551 1266 1602 pro

147 1605 272 1671 speritate
296 1615 321 1655 et
345 1604 371 1653 in
388 1603 517 1654 omnibus
533 1619 594 1671 quae
611 1604 793 1670 temporaliter
813 1605 950 1667 delectant,
964 1607 1064 1658 amalo
1084 1606 1227 1668 declinem,
1239 1617 1267 1657 et

149 1678 220 1729 nihil
236 1677 288 1728 nisi
307 1679 438 1728 honorem
454 1688 531 1728 tuum
552 1693 685 1745 quaeram;
703 1693 823 1744 meaeque
836 1679 966 1729 voluntati
986 1680 1154 1739 renuntians,
1167 1677 1217 1728 tibi
1238 1689 1267 1729 et

150 1753 259 1819 propter
286 1764 311 1804 te
332 1752 409 1803 omni
433 1761 559 1803 creaturae
586 1751 719 1802 obediam.
746 1751 785 1801 Da
802 1751 883 1802 etiam
909 1752 978 1802 mihi
998 1764 1028 1803 ut
1052 1753 1143 1803 tollam
1159 1768 1266 1803 crucem

148 1839 246 1885 meam,
268 1824 426 1875 afflictiones
449 1835 475 1874 et
494 1823 660 1890 poenalitates
685 1837 731 1888 per
749 1838 793 1873 me
818 1823 968 1873 voluntarie
990 1824 1162 1884 assumendo,
1180 1835 1207 1873 et
1230 1823 1266 1873 ab

148 1896 208 1946 aliis
224 1896 309 1949 illatas
327 1897 459 1963 patienter
470 1896 639 1954 sustinendo,
653 1911 682 1946 ac
697 1895 827 1960 proximis
846 1896 875 1946 in
891 1896 1095 1946 necessitatibus
1107 1896 1268 1961 compatien-

150 1968 195 2026 do,
211 1977 237 2018 et
253 1968 280 2016 in
292 1967 367 2017 omni
382 1967 540 2016 adversitate
561 1965 662 2016 bonum
680 1965 765 2017 facere
784 1983 840 2017 non
859 1967 1020 2017 desistendo.
1033 1967 1072 2016 Da
1089 1967 1170 2016 etiam
1196 1965 1267 2016 mihi

147 2047 178 2088 ut
192 2047 218 2087 te
228 2054 334 2105 sequar,
351 2037 463 2104 vestigia
476 2047 520 2088 tua
542 2037 688 2102 imitando;
710 2048 736 2088 et
756 2049 809 2089 tuae
822 2038 883 2088 vitae
895 2053 939 2088 me
956 2038 1160 2098 conformando,
1171 2047 1269 2103 postte

148 2109 255 2161 veniam
270 2110 303 2161 ad
312 2124 457 2175 supernam
470 2109 584 2174 patriam
597 2109 782 2175 pertingendo.
793 2111 892 2160 Amen.

586 2514 754 2586 CAPUT
791 2517 846 2586 III

419 2727 472 2829 De
502 2762 1001 2863 transfigurationeDomini.

213 3026 215 3030 ⁴
291 3005 435 3071 Matthaei
456 3028 533 3091 cap·
548 3029 598 3094 17,
616 3008 718 3072 Marci
732 3031 833 3094 capp
857 3022 887 3073 et
907 3009 1001 3074 Lucae
1022 3033 1088 3096 cap.
1105 3037 1135 3096 9.

188 3262 198 3296 1
219 3245 389 3298 Pantaenus
415 3262 688 3300 raausr1cuaarroms

108 3366 111 3370 Α
152 3315 261 3368 Bournr.
276 3345 306 3354 -
321 3317 425 3368 Deinde
438 3320 513 3385 quod
535 3320 588 3385 jam
607 3335 688 3385 supra

152 3391 277 3455 promisit
301 3392 390 3453 solvit,
426 3408 488 3443 cum
515 3393 634 3444 dicitur:
649 3393 688 3444 Et

148 3468 213 3526 post
221 3462 279 3514 dies
289 3462 352 3527 sex,
362 3464 511 3515 secundum
518 3465 687 3528 Matthaeum,

152 3545 208 3580 aon
222 3533 390 3584 numerando
406 3545 555 3598 extremos3
571 3535 614 3585 rel
624 3540 689 3602 post

146 3600 213 3666 fere
228 3604 287 3656 dies
305 3612 373 3670 octo,
398 3607 547 3658 secundum
576 3607 687 3669 Lucam,

154 3678 320 3728 numerando
335 3677 407 3729 diem
422 3677 540 3744 primum
553 3694 608 3745 quo
623 3694 688 3745 pro-

154 3739 239 3811 misit,
263 3757 288 3797 et
304 3749 431 3800 ultimum
454 3764 509 3816 quo
530 3749 625 3814 solvit;
640 3764 689 3800 as·

156 3813 270 3881 sumpsit
301 3817 383 3873 lesus
407 3834 494 3875 secum
516 3821 639 3886 Petram,
662 3825 689 3872 et

741 3250 879 3315 Jacobum,
892 3257 918 3302 et
929 3251 1068 3314 Joannem,
1080 3257 1108 3301 et
1116 3251 1199 3303 duxit
1212 3253 1277 3305 illos

742 3335 863 3372 seorsum
891 3324 919 3374 in
948 3329 1060 3374 montem
1085 3323 1163 3374 valde
1180 3325 1284 3376 excel-³

742 3409 809 3457 sum,
820 3394 920 3446 scilicet
933 3395 1052 3458 Thabor,
1066 3407 1162 3462 quarto
1175 3397 1278 3448 millia-

742 3466 783 3516 rio
811 3482 827 3516 a
848 3468 979 3518 Nazareth
1006 3479 1102 3520 oontra
1122 3468 1277 3532 Orientem,

743 3543 772 3587 ut
783 3537 887 3588 ibidem
898 3545 998 3589 oraret.
1016 3539 1157 3590 Matthaeus
1170 3549 1197 3590 et
1208 3541 1277 3590 Mar·

743 3622 790 3658 cus
795 3618 907 3673 ‚ponunt
922 3619 1025 3660 tantum
1035 3610 1094 3660 dies
1103 3610 1219 3671 medios,
1229 3609 1277 3661 sed

743 3679 827 3729 Lucas
840 3679 920 3729 etiam
929 3690 1070 3731 extremos.
1087 3681 1129 3732 illi
1142 3695 1198 3740 sex,
1212 3680 1278 3747 quia

743 3760 804 3817 post
816 3760 918 3801 sextam
935 3751 1031 3803 mundi
1055 3762 1160 3803 aetatem
1176 3752 1277 3803 anime

743 3822 901 3874 Sanctorum
923 3820 952 3874 in
981 3821 1056 3874 beata
1081 3822 1278 3888 exspectatione
