2632 4320
98 284 150 350 364

97 402 134 453 tis
154 416 220 464 suae,
242 402 269 452 id
289 411 328 452 est
348 402 377 451 in
391 399 520 458 Ecclesia,
535 397 563 447 in
578 412 631 463 qua

96 474 235 539 apparebit
256 489 318 523 cum
346 470 541 536 omnipotentia
565 483 629 527 sua,

97 561 145 611 per
157 547 230 612 quod
246 544 379 611 significat
393 553 550 609 potestatem
565 541 632 606 judi-

97 617 208 667 ciariam
232 633 293 684 quae
317 617 426 668 Christo
454 613 559 665 homini
591 621 631 662 est

97 688 172 750 data,
187 695 213 738 et
226 698 290 738 tunc
310 687 549 753 congregabuntur
569 689 631 734 ante

98 773 166 819 eum,
186 770 314 826 tanquam
330 771 392 811 ante
405 759 526 810 iudicem
539 771 629 814 suum,

98 844 186 880 omnes
217 838 329 896 gentes,
360 830 451 880 omnis
481 826 629 892 temporis,

100 899 189 949 omnis
215 901 388 961 conditionis,
420 899 510 949 omnis
535 896 629 957 aetatis,

98 970 160 1035 quia
183 972 274 1022 nullus
293 972 390 1038 poterit
411 981 474 1020 tunc
495 969 575 1018 latere
588 967 629 1016 vel

98 1056 126 1092 se
148 1043 318 1094 abscondere.
344 1043 422 1093 Unde
442 1042 513 1091 idem
536 1039 629 1102 Chry-

98 1120 230 1164 sostomus
246 1132 253 1164 :
269 1133 283 1160 n
298 1114 348 1165 Ubi
361 1111 525 1162 illuminatio
540 1111 629 1160 Evan-

98 1185 160 1249 gelii
189 1187 221 1235 ad
247 1201 342 1236 omnes
365 1194 458 1251 gentes
487 1181 630 1248 praedicata

97 1256 224 1321 pervenit,
248 1266 313 1306 tunc
332 1269 426 1305 omnes
445 1264 537 1320 gentes
550 1252 629 1301 inex-

98 1327 229 1376 cusabiles
251 1325 325 1375 factae
346 1335 419 1386 sunt,
441 1335 466 1375 et
487 1325 547 1373 ideo
567 1333 630 1372 tunc

99 1396 167 1459 juste
191 1397 223 1446 ad
246 1395 375 1461 judicium
397 1394 630 1460 congregabuntur

99 1480 234 1516 omnes.»

131 1551 145 1584 2
166 1537 316 1586 Sernnarto
339 1552 463 1587 uononuu
485 1552 518 1585 ar
542 1550 629 1584 unto-

98 1622 162 1656 nuu.
175 1636 205 1644 -
220 1608 258 1658 Et
267 1609 456 1674 separabiteos
465 1608 499 1658 ab
509 1608 627 1668 invicem,

98 1677 199 1727 scilicet
215 1678 302 1727 bonos
315 1694 329 1728 a
344 1678 431 1737 malis,
452 1678 521 1728 sicut
531 1682 629 1742 pastor

98 1755 230 1814 segregat
241 1763 302 1799 ores
313 1749 347 1799 ab
359 1749 452 1811 hedis,
465 1750 498 1798 de
511 1749 554 1798 die
566 1757 630 1798 sunt

100 1820 182 1870 simul
198 1821 226 1870 in
241 1821 346 1887 pascuis
362 1838 425 1873 oves
446 1833 472 1872 et
487 1822 568 1886 haedi,
582 1822 629 1871 sed

99 1891 127 1941 in
141 1907 251 1958 vespere
269 1903 359 1958 pastor
377 1908 422 1943 eos
438 1903 574 1959 segrega13
590 1893 629 1941 sic

101 1960 129 2010 in
143 1961 197 2012 vita
220 1962 343 2027 ptaesenti
362 1972 425 2013 sunt
452 1963 479 2012 in
508 1963 630 2013 Ecclesia

96 2033 179 2083 simul
200 2034 262 2084 boni
282 2044 308 2085 et
327 2036 399 2097 mali,
413 2035 459 2084 sed
480 2035 506 2084 in
521 2048 630 2099 vespere

97 2103 192 2152 mortis
213 2119 259 2154 seu
278 2105 536 2170 mundi,'separabit
552 2105 630 2154 Chri-

101 2184 159 2224 stus
176 2176 263 2226 bonos
282 2192 297 2226 a
319 2178 406 2235 malis,
422 2177 490 2226 sicut
511 2192 574 2227 oves
596 2177 629 2226 ab

96 2245 191 2294 haedis.
205 2246 357 2312 Separabit,
374 2247 505 2312 inquam:
522 2245 627 2306 merito,

97 2315 188 2364 omnia
214 2315 309 2366 merita
333 2316 525 2379 discernend03
551 2317 627 2377 loc0,

95 2386 151 2436 loca
178 2387 249 2436 varia
276 2387 457 2454 assignand03
478 2388 627 2448 vocabulo,

52 2461 57 2469 '
94 2459 208 2510 diversis
223 2461 382 2512 nominibus
396 2463 553 2527 appellando
577 2462 628 2512 hos

96 2532 196 2592 haedos,
214 2534 275 2584 illos
295 2550 366 2585 oves.
391 2536 419 2584 ln
435 2534 531 2584 ovibus
546 2534 628 2584 intel-

94 2604 187 2671 ligitur
201 2606 350 2656 innocentia
362 2607 505 2673 bonerum,
520 2617 628 2673 propter

95 2676 302 2741 simplicitatem,
318 2677 472 2741 mititatem,
484 2677 628 2728 fecundita-

95 2754 167 2809 tem;
184 2746 211 2796 in
227 2747 313 2796 haedis
326 2747 488 2813 intelligitur
502 2749 628 2812 perversi-

95 2825 136 2865 tas
161 2818 304 2876 malorum,
329 2827 437 2883 propter
464 2817 626 2879 foeditatem,

96 2885 331 2951 impetuositatem,
355 2889 530 2941 sterilitatem.
550 2891 628 2940 Unde

97 2955 307 3023 Chrysostomus
324 2979 333 3011 .·
349 2978 363 3006 «
383 2960 485 3010 Deinde
503 2976 517 3010 a
535 2961 627 3011 nomi-

96 3025 177 3076 nibus
190 3028 410 3096 uniuscuiusque,
421 3032 532 3081 modum
541 3041 628 3083 osten-

95 3096 143 3157 dit,
157 3096 207 3147 hos
220 3099 330 3164 quidem
351 3101 441 3151 hoedos
455 3117 561 3160 vocans,
577 3103 627 3152 hos

95 3179 185 3220 autem
215 3187 277 3221 oves
302 3189 309 3221 ε
336 3183 366 3223 ut
394 3174 491 3224 horum
515 3175 625 3239 quidem

94 3240 355 3293 infructificationem
389 3246 532 3309 ostendat,
563 3247 626 3296 nul·

97 3313 139 3362 lus
167 3313 239 3363 enim
268 3314 301 3364 ab
329 3315 415 3364 haedis
444 3315 545 3366 fructus
574 3316 625 3381 fit;

95 3382 193 3434 horum
221 3395 310 3436 autem
345 3386 460 3434 multum
491 3397 625 3452 quaestum

95 3458 236 3519 ostendat,
268 3458 368 3508 etenim
398 3459 500 3508 multus
533 3459 625 3509 ovium

96 3536 136 3577 est
160 3539 290 3594 quaestus,
315 3538 340 3578 et
366 3543 381 3578 a
406 3528 466 3578 lana
491 3529 624 3594 lacteque,

94 3606 119 3648 et
146 3599 179 3648 ab
215 3599 258 3649 his
287 3615 347 3665 quae
378 3598 582 3664 parturiuntur,
610 3615 625 3650 a

93 3672 194 3737 quibus
217 3673 351 3723 universis
365 3674 485 3723 desertus
507 3683 547 3722 est
565 3674 625 3723 hae-

93 3744 153 3796 dus.
169 3766 182 3793 n
205 3747 237 3796 Et
249 3747 346 3797 iterum
362 3764 368 3796 ι
385 3765 399 3793 «
421 3747 509 3806 OveS‚
529 3746 622 3796 homi-

94 3833 141 3867 nes
155 3819 218 3884 justi
234 3831 362 3886 :propter
377 3820 622 3881 mansuetudinem,

93 3888 157 3954 quia
176 3889 228 3954 ipsi
243 3891 381 3941 neminem
400 3891 508 3951 laedunt,
521 3901 546 3941 et
562 3906 623 3955 pro·

423 280 595 334 SECUNDAE
614 276 736 329 PARTlS
751 274 868 326 cnPttT
883 273 914 325 L.

687 405 745 460 pter
758 394 925 460 patientiam,
944 394 1007 461 quia
1023 409 1086 444 curn
1106 391 1140 441 ab
1156 389 1215 440 aliis

685 466 755 515 laesae
768 464 877 528 fuerint,
892 465 1042 527 sustinent3
1061 463 1155 513 haedos
1168 476 1214 510 au·

684 549 739 589 tem
757 537 883 587 homines
897 547 1046 603 peccatores
1061 535 1138 593 dicit,
1153 531 1214 599 quia

684 610 712 660 in
738 609 824 675 capris
853 610 908 660 haec
936 607 1094 659 naturaliter
1122 606 1215 656 insunt

683 679 768 730 vitia:
787 679 874 730 libido
894 695 948 746 prae
974 677 1070 747 ceteris
1090 675 1215 726 animali-

683 754 743 813 bus,
767 753 902 819 superbia‚
930 752 997 812 rixa,
1016 749 1128 810 invidia,
1150 764 1215 800 con—

683 826 846 892 cupiscentia
877 827 966 892 gulae,
995 835 1021 875 et
1052 823 1216 874 clamoribus

682 912 764 962 super
776 896 869 947 omnia
889 896 1017 963 garrulae3
1040 895 1068 945 in
1089 893 1215 943 omnibus

682 967 726 1016 his
746 967 820 1017 vitiis
843 977 992 1033 peccatores
1016 964 1170 1024 abundant,
1191 972 1215 1012 et

681 1037 741 1087 ideo
758 1037 843 1087 haedis
857 1047 920 1088 sunt
939 1035 1103 1087 assimilati:
1125 1053 1139 1081 n
1159 1033 1214 1084 haec

682 1111 901 1178 Chrysostomus.
915 1111 953 1160 Et
968 1115 1068 1160 statuet
1083 1121 1155 1169 oveS,
1169 1122 1215 1157 seu

683 1184 778 1242 bonos,
800 1197 817 1232 α
840 1183 949 1233 dextris
964 1181 1038 1244 suis;
1057 1180 1152 1231 taedos
1164 1193 1216 1229 au-

682 1260 742 1318 tem,
759 1269 806 1303 seu
822 1254 917 1313 malos,
932 1269 949 1303 a
961 1252 1092 1303 sinistris.
1108 1251 1138 1299 ln
1159 1248 1216 1314 ipsa

682 1325 816 1392 positione
837 1325 936 1376 dextrae
960 1335 986 1375 et
1010 1323 1139 1384 sinistrae,
1163 1323 1215 1387 jam

682 1410 713 1445 ex
743 1404 808 1444 tunc
831 1403 944 1459 utraque
970 1408 1032 1458 pars
1055 1405 1216 1456 cognoscere

681 1467 779 1533 poterit
793 1465 836 1517 cui
849 1465 1041 1527 misericordia,
1062 1473 1089 1513 et
1103 1463 1147 1513 cui
1161 1463 1215 1512 mi-

681 1536 914 1588 seriaimmineat.
931 1537 1009 1586 Unde
1029 1535 1103 1584 idem
1123 1533 1215 1600 Chry-

682 1617 815 1661 sostomus
843 1626 851 1659 ,·
877 1628 890 1656 n
922 1609 1014 1659 Justos
1042 1607 1156 1672 quidem
1183 1606 1214 1656 ad

682 1682 826 1740 dexteram,
845 1679 992 1730 constituet
1010 1687 1162 1743 peccatores
1183 1676 1214 1727 ad

680 1751 827 1811 sinistram,
844 1760 874 1800 ut
898 1749 1089 1815 unusquisque
1104 1747 1215 1798 merito-

682 1839 742 1874 rum
758 1839 870 1874 suorum
882 1821 1077 1883 conditionem,
1090 1819 1215 1885 exipsius

681 1894 732 1944 loci
769 1894 895 1959 qualitate
935 1901 1089 1956 cognoscat.
1122 1889 1214 1940 Merito

681 1966 765 2030 justos
782 1965 814 2014 ad
829 1965 963 2013 dexteram
978 1962 1139 2021 collocabit,
1155 1960 1213 2027 quia

682 2050 822 2102 nunquam
845 2044 1029 2100 cognoverunt
1056 2033 1210 2088 sinistram:

681 2107 777 2156 merito
799 2106 897 2170 impios
914 2105 946 2154 ad
969 2104 1132 2164 sinistram,
1153 2103 1212 2169 quia

681 2194 820 2245 nunquam
830 2192 990 2244 cognoscere
1001 2178 1149 2227 voluerunt
1158 2178 1212 2226 dex·

681 2262 765 2302 teram
781 2260 907 2317 partem:
936 2250 1000 2300 Vias
1021 2250 1092 2300 euim
1118 2262 1209 2316 queen

681 2325 789 2375 dextris
803 2330 873 2386 sunt,
894 2323 968 2374 rtorit
988 2323 1123 2374 Dominus
1129 2341 1139 2388 ,·
1150 2337 1209 2388 per-

680 2413 766 2450 versce
795 2404 882 2448 autem
907 2403 976 2460 sunt,
999 2411 1061 2462 quae
1083 2397 1121 2447 ad
1150 2395 1209 2449 sini·

680 2476 764 2520 stram
777 2475 848 2519 sunt.
865 2489 878 2517 n
897 2471 930 2519 Et
942 2468 1041 2518 iterum
1058 2485 1065 2518 ε
1084 2488 1098 2516 «
1110 2470 1135 2519 A
1152 2466 1208 2518 sini-

680 2541 742 2592 stris
761 2551 834 2602 sunt,
847 2541 894 2606 qui
906 2551 1034 2607 quaerunt
1048 2539 1206 2606 temporalia,

680 2629 695 2664 a
720 2613 829 2674 dextris,
851 2612 898 2679 qui
923 2624 1049 2679 quaerunt
1071 2623 1206 2664 aeterna.r

680 2686 757 2736 Unde
780 2695 807 2735 et
830 2685 974 2750 Remigius
995 2702 1003 2735 :
1026 2703 1040 2730 α
1062 2686 1092 2734 ln
1117 2681 1205 2735 dextris

678 2767 784 2806 aeternae
810 2755 983 2806 beatitudinis
1010 2755 1204 2817 confirmabun-

680 2837 741 2887 tur,
769 2827 817 2892 qui
846 2835 1004 2877 amaverunt
1033 2837 1151 2889 aeterna;
1179 2824 1202 2873 in

678 2897 796 2948 sinistris
815 2906 920 2948 aeternae
942 2896 1066 2960 miseriae,
1092 2897 1139 2963 qui
1160 2910 1202 2945 cu·

679 2968 788 3034 pierunt
815 2967 966 3034 praesentia.
997 2967 1066 3017 Nam
1101 2977 1127 3018 et
1154 2965 1201 3030 ipsa

677 3038 832 3089 transitoria
848 3038 895 3088 Dei
910 3039 990 3098 dona,
1006 3048 1128 3104 respectu
1141 3047 1200 3088 ceter·

680 3129 796 3174 norum,
829 3112 956 3162 dicuntur
991 3126 1050 3168 esse
1086 3110 1196 3167 sinistra;

679 3195 787 3245 aeterna,
804 3200 867 3234 vero
887 3184 915 3233 in
935 3184 1052 3242 dextera,
1071 3183 1135 3249 quia
1145 3188 1197 3231 sunt

680 3256 791 3321 potiora,
812 3255 877 3306 hinc
901 3264 941 3305 est
961 3255 1029 3305 illud
1055 3271 1062 3304 ε
1087 3256 1140 3306 Cor
1157 3264 1195 3301 sa·

674 3326 775 3391 pientis
787 3326 814 3377 in
829 3326 944 3391 dextera
956 3325 1022 3391 ejus,
1034 3332 1059 3375 et
1074 3340 1120 3376 cor
1133 3319 1196 3375 stulti

678 3397 704 3445 in
723 3396 834 3446 sinistra
850 3395 933 3445 illius.
951 3415 965 3443 n

710 3465 724 3516 3
742 3467 814 3526 Qun>
826 3483 901 3516 nicar
917 3469 974 3517 Rex
986 3467 1077 3517 nonis?
1090 3461 1119 3504 ’-
1133 3463 1195 3514 Tunc

678 3538 748 3590 dicet
770 3539 834 3589 Rex
856 3538 899 3588 his
918 3538 964 3603 qui
985 3552 1002 3587 a
1023 3537 1131 3588 dextris
1149 3533 1195 3600 ejus

677 3616 763 3671 eruut,
780 3609 806 3658 id
825 3619 866 3659 est
884 3608 984 3658 bonis:
1002 3608 1117 3658 hicnon
1133 3603 1196 3661 dicit,

676 3678 763 3729 Filius
787 3679 916 3736 hominis,
940 3678 1011 3727 sicut
1034 3693 1124 3744 supra,
1149 3673 1195 3734 sed,

675 3749 749 3807 Rex,
766 3750 799 3797 ad
811 3749 886 3813 cujus
900 3747 1002 3813 apicem
1018 3747 1135 3813 pertinet
1147 3743 1198 3794 sub

675 3819 746 3869 ditos
768 3835 866 3885 regere,
882 3821 953 3884 leges
978 3819 1101 3883 condere,
1120 3827 1198 3867 trans·

674 3908 810 3958 gressores
841 3892 908 3958 legis
945 3891 1064 3958 punire,
1096 3901 1123 3942 et
1156 3890 1199 3941 ob
