2632 4320
453 309 627 363 SECUNDAE
643 309 772 360 PARTlS
785 308 903 363 CAPUT
924 311 995 363 XVI.

560 744 728 815 CAPUT
754 745 839 813 XVI

265 1078 317 1146 De
339 1075 449 1146 divite
475 1073 616 1167 epulone
650 1087 685 1144 et
712 1076 852 1167 Lazaro
886 1075 1041 1145 mendico
1070 1075 1119 1144 od

482 1193 631 1275 januam
655 1193 728 1277 ejus
746 1194 893 1277 jacente.

573 1494 668 1556 Lucae
696 1513 762 1576 cap.
785 1497 832 1557 16.

178 1775 187 1809 r
207 1760 398 1812 Paomssionas
411 1761 490 1811 Lucis
500 1776 534 1810 ur
546 1760 671 1810 Evaunu-

142 1847 189 1884 ιιι.
202 1861 233 1874 -
255 1833 382 1884 Pharisaei
408 1841 506 1893 autem,
526 1832 574 1898 qui
596 1841 672 1882 erant

142 1906 223 1966 avari,
248 1907 387 1957 audientes
413 1905 562 1955 Dominum
580 1904 671 1956 lesum

142 1979 175 2028 de
186 1989 344 2045 contemptu
358 1978 452 2028 mundi
467 1987 492 2028 et
506 1985 599 2028 contra
608 1991 672 2028 ava-

139 2050 230 2102 ritiam
247 2052 438 2117 disputantem,
455 2065 484 2101 ac
500 2049 626 2100 homines
639 2049 674 2099 ab

140 2122 261 2188 appetitu
275 2122 430 2172 divitiarum
446 2121 635 2184 retrahentem,
648 2129 674 2170 et

140 2191 175 2242 ad
186 2191 336 2243 faciendum
350 2192 533 2258 eleemosynas
543 2189 674 2241 inducen-

141 2261 394 2313 temsDeridebant
414 2275 480 2324 eum,
505 2259 582 2327 quasi
607 2259 674 2310 irra-

150 2330 316 2382 tionabiliter
329 2332 492 2398 loqueretur,
505 2342 531 2382 et
544 2330 677 2382 contraria

150 2404 214 2471 Legi
235 2405 429 2472 Prophetisque
451 2404 613 2472 praeciperet,
627 2405 674 2455 ubi

151 2475 230 2526 multi
256 2477 385 2528 ditissimi
403 2477 459 2528 Deo
481 2475 612 2543 placuisse
633 2478 674 2528 le-

147 2557 257 2612 guntur,
272 2558 298 2600 et
308 2548 524 2599 observatoribus
536 2547 616 2614 Legis
631 2548 676 2598 bo-

145 2633 180 2669 na
205 2620 362 2685 temporalia
381 2619 575 2685 promittuntur
582 2634 590 2682 ;
619 2634 675 2669 non

142 2691 318 2753 attendentes,
339 2692 403 2758 quia
427 2691 456 2742 in
470 2693 541 2758 Lege
559 2691 674 2742 carnali-

145 2760 196 2810 bus
211 2761 326 2822 minora,
341 2772 448 2827 propter
466 2778 577 2828 regnum
595 2771 675 2813 aeter-

130 2828 220 2891 num,
232 2840 258 2881 et
276 2831 305 2881 in
324 2832 471 2898 Evangelio
488 2831 674 2898 spiritualibus

142 2901 251 2981 majora,
274 2912 382 2985 propter
404 2917 519 2968 regnum
544 2901 673 2952 coelorum

143 2971 201 3036 jure
228 2974 435 3040 praecipiuntur3
463 2985 490 3024 et
515 2973 575 3024 ideo
605 2973 676 3025 inter

149 3043 250 3126 Legem
266 3056 291 3096 et
311 3047 498 3113 Evangelium,
521 3046 591 3097 sicut
609 3063 675 3113 pro-

145 3114 318 3180 missionum,
334 3116 371 3167 ita
384 3127 410 3168 et
422 3127 614 3184 praeceptorum
624 3118 674 3168 de-

143 3185 205 3236 bere
230 3201 288 3236 esse
307 3187 471 3239 distantiam.
493 3188 533 3239 lbi
556 3203 674 3256 namque

144 3258 247 3310 dictum
262 3270 321 3311 est:
337 3261 371 3310 Si
388 3261 527 3313 volueritis
538 3268 564 3313 et
577 3262 674 3312 audie-

141 3329 203 3380 ritis
218 3344 267 3394 me,
282 3332 349 3383 bona
362 3339 443 3383 terrae
452 3333 607 3395 comedetis;
629 3332 674 3383 hic

140 3414 226 3455 vero:
241 3403 322 3454 Beati
336 3417 471 3469 pauperes
484 3404 590 3469 spiritu,
606 3418 674 3468 quo-

145 3475 217 3528 niam
229 3477 348 3543 ipsorum
360 3484 401 3529 est
411 3491 525 3543 regnum
538 3476 674 3529 coelorum.

144 3545 220 3612 ltem,
235 3549 290 3598 Lex
304 3565 359 3598 non
381 3548 553 3614 promittebat
567 3558 675 3612 tempo-

142 3618 217 3680 ralia,
230 3630 356 3688 tanquam
367 3620 511 3686 principale
522 3618 673 3685 praemium,

141 3697 168 3737 et
188 3689 248 3740 ideo
272 3691 425 3758 ubicunque
449 3690 478 3740 in
504 3704 578 3740 sacra
600 3689 674 3739 Scri-

141 3769 218 3825 ptura
233 3777 281 3826 pro
296 3763 399 3814 actibus
412 3762 543 3814 virtutum
559 3761 675 3827 promit·

142 3840 234 3882 tuntur
259 3833 328 3885 bona
350 3834 516 3900 temporalia,
546 3835 597 3884 sub
620 3832 675 3884 illis

141 3904 325 3972 intelliguntur
334 3908 675 3975 bonaspiritualiaetaeter-

724 1774 768 1818 na,
782 1768 908 1826 tanquam
925 1759 1106 1827 principaliter
1117 1761 1260 1827 promissa.

728 1830 783 1880 Nec
818 1830 975 1897 temporalia
1001 1831 1040 1882 sic
1064 1831 1264 1898 promittuntur

724 1902 757 1952 ad
792 1902 895 1953 malum
920 1917 1011 1963 usum,
1038 1902 1108 1954 sicut
1132 1902 1261 1956 Pharisoei

722 1974 777 2033 ‚ista
802 1975 835 2025 ad
858 1974 1043 2026 defensionem
1069 1991 1125 2026 suae
1142 1976 1261 2028 avaritie

727 2045 798 2095 male
818 2045 989 2106 inducebant,
1012 2046 1058 2096 sed
1085 2046 1118 2096 ad
1137 2046 1258 2111 bonum3

726 2117 790 2183 quia
804 2116 844 2167 illi
857 2117 904 2183 qui
927 2117 995 2168 bene
1018 2126 1132 2168 utuntur
1145 2117 1260 2179 divitiis,

731 2203 789 2237 non
811 2187 931 2239 serviunt
949 2188 997 2253 eis,
1018 2204 1068 2240 nee
1082 2189 1203 2241 daemoni
1215 2203 1262 2255 per

727 2273 771 2309 eas
789 2259 912 2321 tentanti,
933 2260 979 2310 sed
996 2260 1082 2326 magis
1097 2276 1112 2311 e
1129 2274 1259 2312 converso

726 2329 828 2380 divitiae
843 2330 964 2381 serviunt
975 2331 1051 2396 ipsis,
1066 2331 1130 2397 quia
1142 2342 1208 2384 sunt
1219 2330 1259 2385 eis

728 2401 884 2466 juvamenta
895 2401 1020 2464 virtutis;
1035 2411 1062 2453 et
1072 2402 1139 2452 tales
1151 2400 1260 2453 fuerunt

728 2476 877 2538 Abraham,
903 2487 929 2527 et
951 2477 996 2527 alii
1016 2476 1113 2528 divites
1137 2477 1186 2544 qui
1202 2478 1259 2529 Deo

731 2551 889 2612 servierunt,
918 2560 945 2602 et
975 2553 1132 2616 placuerunt
1158 2551 1188 2601 in
1210 2551 1260 2603 eis.

728 2622 805 2673 Unde
828 2620 929 2672 ocurrit
948 2621 987 2672 eis
1004 2622 1137 2673 Dominus
1161 2620 1260 2672 confu-

728 2703 801 2754 tans,
824 2703 850 2743 et
870 2693 1030 2758 redarguens
1063 2707 1110 2743 eos
1132 2693 1168 2742 de
1191 2704 1261 2743 vana

727 2764 820 2829 gloria,
844 2773 870 2813 et
892 2765 925 2814 de
938 2762 1057 2823 avaritia,
1073 2763 1166 2814 dicens
1183 2780 1190 2813 z
1210 2762 1261 2815 Vos

727 2833 793 2883 estis
807 2834 852 2899 qui
865 2833 1026 2900 justificatis
1040 2847 1087 2884 vos
1102 2847 1196 2884 coram
1209 2832 1261 2885 lto·

727 2904 850 2967 minibus,
871 2905 1010 2956 avaritiam
1026 2912 1142 2955 vestram
1158 2903 1262 2970 praedi-

730 2985 775 3026 cto
793 2976 873 3025 modo
892 2974 958 3025 false
976 2975 1130 3035 colorando,
1143 2984 1264 3041 etopera

725 3060 814 3100 vestra
828 3059 860 3101 ut
875 3049 909 3100 ab
930 3049 1091 3100 hominibus
1111 3047 1261 3101 videamini

725 3122 866 3184 faciend03
882 3122 955 3172 Deus
980 3128 1077 3186 autem,
1100 3120 1144 3171 cui
1170 3120 1261 3173 omnia

726 3197 803 3247 nuda
821 3202 849 3247 et
861 3200 958 3262 aperta
973 3200 1043 3258 sunt,
1052 3230 1101 3247 .....
1116 3193 1266 3246 noviacor·

726 3270 762 3321 da
779 3276 880 3333 vestra,
896 3278 922 3318 et
936 3267 1106 3334 iniquitatem
1118 3267 1158 3319 ibi
1172 3268 1263 3317 laten-

726 3350 791 3398 tem,
812 3341 877 3406 quia
889 3340 959 3406 quod
971 3340 1128 3404 hominibus
1144 3350 1171 3395 et
1185 3339 1216 3390 in
1225 3353 1265 3389 re·

728 3413 867 3479 putatione
899 3411 1055 3471 hominum,
1083 3411 1132 3478 qui
1167 3410 1263 3463 vident

728 3485 754 3534 in
768 3484 844 3549 faria,
858 3484 942 3535 altum
957 3491 1006 3546 est,
1028 3483 1056 3533 id
1074 3494 1116 3534 est
1128 3496 1264 3550 apparens

727 3553 839 3619 justitia,
863 3564 889 3606 et
906 3569 963 3604 non
975 3553 1094 3605 existens
1107 3554 1137 3605 in
1151 3569 1189 3615 re,
1201 3553 1265 3605 aba·

727 3625 838 3676 minatio
852 3631 893 3675 est
903 3624 976 3692 apud
989 3625 1084 3688 Deum,
1100 3634 1127 3676 et
1141 3625 1171 3675 in
1185 3640 1265 3692 repu-

727 3695 829 3746 tatione
840 3695 888 3746 Dei
900 3696 946 3762 qui
959 3695 1034 3745 videt
1045 3695 1073 3745 in
1087 3695 1184 3760 corde;
1197 3693 1263 3762 quia

730 3760 860 3817 simuiata
879 3765 1014 3826 sanctitas,
1037 3767 1136 3831 duplex
1151 3775 1192 3816 est
1206 3765 1264 3818 ini-

726 3839 816 3904 quitas
835 3855 842 3888 ι
860 3847 900 3889 est
914 3837 988 3888 enim
1009 3847 1035 3887 et
1058 3836 1208 3899 simulatio,
1236 3848 1263 3888 et

727 3909 867 3977 iniquitas.
894 3910 1013 3961 Audiant
1033 3909 1085 3960 hoc
1112 3909 1262 3976 hypocritae
