2632 4320
187 264 235 314 DE
250 264 518 327 VENTILATIONE
528 263 638 315 AREAE
653 264 689 314 IN
705 265 878 317 ermeno
892 266 1038 318 tumulo.
1129 269 1176 333 371

60 380 127 442 hoc,
138 378 204 443 quia
214 378 238 428 si
247 394 303 428 non
315 378 439 429 fecissent
451 378 511 429 vitae
523 378 594 444 ipso·

60 464 123 500 rom
137 449 213 498 booae
226 449 353 500 sterilitas
366 449 417 498 ista
429 464 483 498 non
499 449 593 514 utique

60 521 240 574 convenisset.
253 522 332 572 Forte
344 521 418 572 enim
431 521 494 572 casti
509 530 592 581 erant,

60 611 117 646 non
130 594 306 655 fraudatores,
324 611 379 645 non
391 595 501 654 ebriosi,
512 594 594 646 absti-

60 673 156 716 nentes
183 679 213 714 se
234 665 270 714 ab
297 665 424 730 operibus
448 665 543 728 malis;
568 665 593 715 si

59 738 112 787 hnc
138 752 195 787 non
217 736 354 798 adderent,
375 737 479 788 steriles
504 751 594 787 rema·

59 816 165 868 nerent,
190 807 317 873 iecissent
341 807 424 868 enim,
443 808 548 860 declina
576 823 594 858 a

59 882 148 945 malo,
169 897 225 931 non
239 880 374 945 fecissent,
384 887 411 932 et
421 881 474 946 sac
489 882 593 932 dmm.

59 953 199 1018 Scriptum
217 962 257 1003 est
277 970 286 1003 ι
307 953 386 1004 Sicut
399 968 471 1018 aqua
485 953 594 1004 exstin-

60 1022 124 1087 guit
139 1022 237 1088 ignea,
248 1023 290 1072 sie
307 1022 477 1088 eleemosyn
493 1035 594 1087 pecca-

62 1100 136 1156 tum,
149 1092 223 1155 item,
238 1093 368 1158 scriptum
380 1104 441 1144 est:
459 1093 594 1144 Coactude

61 1165 259 1232 eleemosynam
277 1165 305 1215 in
321 1166 402 1216 corde
414 1165 558 1231 pauperis,
568 1170 595 1215 et

61 1237 119 1286 baec
132 1249 186 1301 pro
207 1241 232 1284 te
245 1236 372 1286 exorabit
385 1235 534 1286 Dominum
543 1250 552 1298 3
567 1244 594 1286 et

60 1306 114 1357 alia
128 1306 213 1356 multa
231 1316 298 1357 sunt
311 1307 398 1358 divini
412 1307 512 1374 eloquii
526 1307 594 1372 dog-

60 1387 133 1430 mata
143 1379 244 1444 quibus
253 1380 406 1431 ostenditur
415 1382 532 1430 multum
544 1395 594 1430 ra-

61 1450 115 1501 lere
135 1451 335 1517 eleemosynam
347 1452 382 1501 ad
401 1451 595 1517 exstinguenda

61 1533 88 1571 et
118 1521 231 1572 delenda
253 1533 366 1587 peccata.
393 1522 509 1572 Proinde
539 1522 594 1572 illis

60 1609 132 1660 quos
153 1593 351 1655 damnaturus,
376 1594 433 1644 inno
457 1595 517 1660 plus
540 1593 595 1644 illis

61 1681 131 1729 quie
148 1676 326 1716 coronaturus
340 1674 379 1716 est
393 1668 463 1716 solas
474 1667 594 1716 eleemo-

61 1751 141 1802 synas
162 1735 316 1802 imputabit,
331 1737 425 1786 dicens
450 1753 458 1786 :
482 1735 595 1786 Difficile

61 1815 154 1856 estut
175 1805 198 1856 si
219 1806 371 1856 examinem
391 1823 439 1857 vos
460 1817 486 1857 et
504 1821 596 1872 appre

61 1876 190 1935 herdam,
215 1885 243 1926 et
263 1886 364 1927 scruter
387 1876 596 1942 diligentissime

62 1946 132 1996 facta
155 1955 255 2006 vestra,
277 1963 333 1998 non
360 1947 498 1998 inveniam
523 1946 596 1997 unde

62 2032 111 2067 vos
141 2016 289 2081 damnem
311 2019 358 2069 sed
389 2017 441 2074 ite.
465 2016 597 2082 percipite

62 2101 178 2152 reguum
193 2105 201 2137 ,·
216 2089 330 2139 Esurivi
349 2089 427 2152 enim,
441 2095 466 2139 et
484 2087 597 2138 dedistis

63 2158 129 2209 milii
142 2159 323 2223 ”candacem
341 2176 398 2210 non
419 2175 483 2225 ergo
506 2158 553 2208 itis
567 2158 596 2208 in

62 2243 193 2295 regnum,
216 2229 282 2296 quia
305 2246 361 2280 non
383 2229 524 2296 peccastis,
550 2229 597 2280 sed

63 2303 129 2365 quia
163 2310 268 2366 peccata
303 2311 390 2352 vestra
419 2298 597 2366 eleemosynis

64 2371 227 2422 redemistis.
241 2373 347 2422 Rursus
360 2383 386 2422 et
399 2373 454 2424 illis
478 2390 485 2423 ι
507 2373 548 2423 Ite
569 2372 596 2422 ia

63 2445 157 2511 ignem
177 2451 317 2509 eternum,
335 2445 394 2496 sine
412 2445 497 2496 dubio
520 2445 597 2495 vide-

64 2517 132 2567 bunt
149 2531 182 2567 se
198 2517 267 2581 juste
281 2517 403 2569 damnari
427 2533 475 2582 pro
489 2515 598 2566 sceleri-

65 2589 116 2639 bus
127 2589 205 2654 suis;
220 2599 248 2639 at
258 2589 336 2655 quasi
349 2591 389 2640 eis
402 2589 501 2639 diceret
512 2602 524 2637 ε.
536 2588 597 2637 Non

64 2659 128 2708 inde
146 2660 220 2710 unde
233 2660 341 2724 putatis,
356 2661 403 2710 sed
416 2660 483 2725 quia
496 2657 598 2709 esurivi

64 2735 91 2780 et
105 2743 160 2780 uon
176 2730 367 2780 dedistismihi
380 2730 552 2780 munducare.
567 2727 596 2778 Si

63 2801 140 2851 euim
153 2801 257 2852 abillis
271 2802 402 2852 omnibus
411 2801 508 2851 vestris
521 2799 598 2851 factis

65 2875 163 2936 aversi,
180 2884 208 2925 at
227 2875 261 2925 ad
276 2890 321 2925 me
339 2874 461 2925 conversi
480 2874 526 2923 illa
537 2888 598 2922 om-

65 2947 110 2998 nia
129 2946 246 2997 crimina
260 2955 341 3012 atque
360 2956 466 3011 peccata
478 2945 598 2995 eleemo-

66 3017 144 3085 synis
169 3015 368 3080 redemissetis,
392 3016 458 3080 ipsae
482 3017 599 3065 eleemo-

66 3106 141 3158 synae
165 3089 248 3141 modo
274 3089 420 3139 liberarent
441 3103 506 3148 vos,
536 3096 563 3137 et
585 3101 600 3136 a

67 3173 142 3214 reatu
156 3169 294 3212 tantorum
311 3159 458 3209 criminum
477 3158 601 3209 absolve-

67 3245 129 3285 rent
156 3249 169 3283 :
194 3232 275 3282 Beati
300 3231 375 3282 enim
401 3231 600 3292 misericordes,

66 3305 199 3372 quautam
214 3303 268 3370 ipsi
281 3301 493 3353 misericordiam
508 3315 602 3352 couse-

67 3382 200 3443 querum
216 3383 265 3424 et:
281 3372 419 3424 Judicium
438 3373 495 3423 sine
520 3372 602 3422 mise-

69 3448 203 3512 ricordia,
216 3447 242 3498 ei
254 3447 300 3514 qui
313 3461 367 3496 non
380 3445 481 3510 fecerit
495 3444 604 3495 ntiseri-

62 3521 205 3582 -cordiom
219 3537 238 3566 a
399 3535 401 3538 >

105 3608 139 3660 1¹4
168 3595 429 3645 hnnnnmnons
462 3605 497 3639 rr
534 3604 605 3638 aare·

66 3653 199 3717 acriam
220 3678 367 3714 niscamrn.
388 3681 423 3699 -‘
441 3661 516 3711 Sicut
543 3675 606 3725 ergo

71 3738 138 3791 boni
159 3736 265 3804 quibus
284 3740 414 3802 paratum
437 3739 477 3783 est
492 3747 606 3797 regnum

72 3824 89 3860 a
116 3807 308 3861 consdttdione
328 3805 434 3864 mundi,
461 3814 606 3868 antequam

72 3879 190 3940 tierent„
205 3878 240 3929 ad
268 3876 351 3928 vitam
377 3883 505 3932 aternam
533 3882 609 3929 erant

652 379 852 444 praedestinati3
867 380 908 431 sic
925 382 989 431 mali
1009 382 1059 447 qui
1071 383 1182 432 mitten-

652 459 697 499 tur
719 449 858 516 inignem
878 459 1006 516 parm
1027 453 1134 503 diabolo
1158 460 1183 502 et

651 521 760 586 angelis
778 523 843 584 suis,
857 523 1071 574 aionstitatione
1080 525 1182 584 mundi,

652 600 797 656 antequam
810 592 913 652 fierent,
928 593 961 642 ad
977 603 1094 643 mortem
1105 605 1182 644 eram

654 661 778 726 praesciti.
800 662 848 712 Est
866 661 1016 713 differentia
1030 663 1101 714 inter
1114 679 1184 730 prae-

653 731 860 782 destinationem
871 743 898 783 et
909 734 1111 798 proecientiam,
1120 735 1184 802 quia

653 803 851 868 praedestinatio
874 815 915 854 est
936 806 1113 872 praecognitio
1132 808 1184 857 bo-

652 892 759 939 norum,
770 892 833 926 cum
846 878 999 929 causalitate
1008 881 1180 943 eorumdem3

651 949 699 998 sed
720 949 889 1014 praescientia
908 949 973 1000 dicit
993 952 1184 1017 praeoognitio-

653 1037 717 1071 nem
731 1032 854 1087 respectu
867 1023 1000 1072 malorum
1013 1023 1074 1074 sine
1089 1038 1183 1075 causa-

652 1093 743 1152 litate,
768 1110 831 1160 quee
857 1095 946 1160 potius
975 1096 1075 1146 residet
1099 1109 1183 1161 penes

652 1164 770 1214 liberum
783 1165 934 1216 arbitrium.
950 1166 996 1216 Fit
1013 1176 1103 1216 autem
1116 1181 1183 1216 con-

652 1235 818 1286 ditionaliter
837 1237 1035 1302 praedestinatio
1053 1237 1112 1302 Dei,
1136 1236 1183 1286 ni-

654 1306 746 1372 hilque
767 1306 826 1357 sine
840 1307 931 1374 aliqua
945 1307 1098 1358 conditione
1112 1321 1184 1373 prae-

653 1378 818 1429 destinatum
831 1388 872 1429 est
888 1396 896 1430 z
913 1379 1131 1445 praedestinatum
1145 1388 1185 1429 est

653 1448 728 1499 euim
755 1458 786 1500 ut
809 1451 957 1500 salvaretur
985 1449 1116 1509 mundns,
1139 1449 1186 1499 sed

653 1533 701 1583 per
714 1534 812 1584 aquam
837 1520 1009 1586 Baptismatis
1023 1529 1049 1570 et
1069 1527 1185 1569 mortem

654 1589 718 1640 Filii
730 1590 796 1654 Dei,
811 1591 995 1655 praedestinati
1011 1600 1074 1641 suni
1090 1603 1187 1641 omnes

655 1663 721 1714 boni
738 1665 772 1714 ad
789 1664 912 1728 gloriam,
932 1680 963 1714 ea
984 1674 1075 1714 tamen
1089 1663 1186 1714 condi-

652 1735 731 1786 tione
741 1734 764 1784 si
779 1734 862 1784 fidem
877 1735 1025 1794 tenuerint,
1041 1733 1065 1783 si
1089 1732 1187 1783 carita-

655 1819 720 1868 tem,
734 1808 758 1858 ai
772 1806 965 1868 humilitatem,
981 1807 1004 1857 si
1020 1805 1186 1872 patientiam,

655 1880 679 1929 si
690 1878 902 1928 misericordiam
916 1888 942 1928 et
955 1878 1090 1943 pietatem,
1103 1885 1128 1926 et
1142 1875 1186 1925 his

655 1950 755 2000 similia
775 1949 929 2000 habuerint.
946 1951 1025 2000 Tales
1041 1949 1118 1998 enim
1139 1961 1186 1997 eos

656 2022 761 2072 futtuos
781 2021 905 2087 praevidit
918 2037 987 2087 quos
1002 2022 1075 2070 Deus
1096 2018 1128 2069 ad
1142 2017 1186 2068 vi-

655 2105 710 2145 tam
726 2093 942 2159 pradestinavit3
953 2104 979 2143 et
988 2093 1066 2159 quasi
1080 2091 1185 2157 praede-

656 2165 779 2214 stinando
791 2163 830 2214 eis
839 2165 940 2214 diceret
949 2181 958 2214 τ
968 2165 1024 2229 Ego
1032 2163 1144 2229 quidem
1153 2159 1186 2210 ad

655 2234 737 2284 vitam
751 2249 800 2285 vos
818 2234 988 2300 praedestino,
1010 2233 1033 2283 si
1050 2243 1139 2282 tamen
1151 2241 1188 2281 ta-

656 2306 695 2356 les
708 2315 734 2356 et
747 2307 813 2356 tales
827 2304 942 2366 fueritis,
955 2305 978 2355 si
992 2305 1118 2354 mandata
1128 2316 1188 2352 mea

656 2379 851 2442 custodieritis,
867 2379 889 2430 si
903 2379 985 2429 fidem
1001 2388 1027 2428 et
1040 2377 1189 2427 misericor-

655 2450 729 2500 diam
741 2450 898 2509 habueritis,
919 2459 945 2499 et
957 2450 981 2498 si
993 2450 1022 2498 in
1037 2449 1109 2497 bono
1125 2456 1188 2496 tan-

656 2523 718 2573 dem
732 2521 836 2573 inventi
850 2520 967 2571 fueritis
982 2519 1035 2579 Qui
1047 2534 1111 2584 ergo
1124 2517 1188 2568 talis

657 2611 715 2645 esse
740 2611 798 2644 non
821 2593 888 2651 vult,
917 2593 965 2659 qui
990 2592 1117 2641 mandata
1136 2589 1186 2640 Dei

657 2664 794 2715 custodire
818 2679 873 2714 non
900 2663 1014 2725 nititur;
1046 2659 1107 2710 ideo
1132 2674 1189 2709 non

656 2737 729 2786 venit
754 2735 787 2785 ad
813 2733 1095 2800 praedestinationem,
1124 2730 1189 2796 quia

658 2823 712 2858 non
726 2816 813 2857 servat
824 2804 1018 2855 conditionem.
1034 2803 1096 2853 Noli
1107 2802 1190 2867 igitur

657 2880 794 2930 attendere
811 2878 844 2928 ad
862 2875 1126 2943 praedestinationem
1141 2874 1189 2924 Dei

657 2965 740 3016 quam
766 2949 886 3014 ignoras3
916 2947 1022 2996 attende
1051 2947 1084 2996 ad
1109 2945 1190 2996 verba

659 3037 719 3088 quae
732 3020 813 3071 audis
823 3029 848 3069 et
869 3018 1008 3086 intelligis.
1023 3019 1100 3068 Sicut
1116 3017 1190 3068 enim

660 3091 895 3158 predestinatione
904 3106 953 3141 sua
962 3105 1043 3140 verus
1055 3099 1097 3140 est
1108 3089 1189 3144 Deus.

660 3177 687 3216 et
702 3163 802 3214 mutari
821 3179 876 3213 non
898 3172 986 3229 potest
997 3179 1008 3226 3
1020 3164 1057 3213 ita
1069 3171 1095 3211 et
1109 3160 1191 3211 verba

659 3236 719 3301 eius
729 3249 791 3285 vera
806 3243 880 3295 sunt,
902 3244 927 3284 et
940 3233 1039 3283 mutari
1053 3246 1110 3280 non
1124 3243 1190 3294 pos-

662 3315 734 3356 sunt
760 3305 812 3354 Sed
830 3303 973 3354 audiamus
991 3316 1052 3368 quae
1065 3300 1122 3350 sint
1134 3299 1191 3350 haec

661 3377 742 3427 verba
761 3376 925 3437 :Peccator,
950 3372 1049 3438 inquit,
1073 3383 1193 3435 quaean-

663 3462 712 3513 que
725 3443 803 3498 icora'
813 3459 956 3496 conrasas
963 3443 1053 3508 suerit
1075 3447 1102 3491 et
1114 3442 1194 3506 inge-

664 3517 769 3580 muerit,
785 3517 841 3567 vita
858 3516 927 3566 vivet
942 3520 969 3564 et
981 3527 1033 3562 non
1044 3511 1193 3570 morietur,-

665 3599 692 3641 et
706 3589 804 3639 iterum
818 3605 825 3637 :
841 3588 874 3637 Si
888 3584 1028 3636 miseritis
1039 3589 1067 3633 et
1079 3581 1196 3631 madieri-

666 3660 703 3710 tis
720 3673 769 3719 me,
785 3659 852 3708 bona
866 3663 946 3705 terrae
956 3653 1108 3712 comedetis,
1123 3649 1195 3716 qaod

666 3730 691 3781 ri
701 3727 849 3787 nolueritis,
862 3725 975 3791 gladius
983 3721 1123 3773 devorabit
1132 3733 1197 3781 ²⁰³5

667 3799 792 3851 similiter
812 3797 840 3846 in
860 3794 1005 3860 Evangelio
1019 3792 1131 3858 inquita
1144 3791 1198 3852 Qui

665 3868 820 3931 crediderit,
848 3873 874 3917 ct
896 3865 1061 3931 baptizatus,
1088 3873 1158 3926 etc.;:
1172 3871 1197 3910 et
