2632 4320
155 275 208 325 282

153 388 286 441 faciebant
306 391 335 442 in
359 391 469 458 signum
494 391 643 459 religionis,
656 402 688 442 ut

156 479 204 530 per
216 464 274 514 hac
289 465 409 532 religiosi
420 477 586 532 apparerent,
600 475 628 517 et
641 481 687 516 re-

155 537 307 587 cordatores
320 548 347 588 et
365 538 548 589 observatores
561 537 686 604 Decalogi

153 609 188 658 ab
216 609 375 660 hominibus
399 609 561 670 viderentur,
585 611 619 661 Et
644 611 688 660 hae

153 678 253 728 chartae
282 680 646 747 dicebantur¹phylacteria,
671 696 688 731 a

154 745 389 826 palmea-igme
399 762 439 803 est
448 769 561 814 servare,
568 750 686 828 etrr'qpa,

154 822 228 886 quod
245 832 286 872 est
307 825 362 885 lex,
388 825 465 890 quasi
490 824 688 875 conservatoria

154 893 243 959 Legis,
268 896 333 962 quia
357 907 433 948 erant
459 899 582 964 quaedam
610 898 688 963 signa

153 967 289 1017 servandae
303 969 392 1035 Legis,
405 970 520 1035 eoquod
533 970 689 1037 quicunque

153 1052 185 1088 ea
198 1038 366 1102 habuissent,
380 1042 458 1108 quasi
483 1043 519 1093 ob
538 1043 688 1094 custodiam

154 1117 180 1158 et
194 1110 396 1163 munimentum
413 1113 455 1163 sui
470 1114 608 1165 haberent.
624 1115 688 1164 Jus-

154 1187 225 1229 serat
245 1180 327 1230 etiam
342 1181 478 1232 Dominus
500 1199 548 1249 per
564 1186 685 1251 Moysen,

154 1255 185 1299 ut
193 1266 244 1316 per
256 1259 372 1318 quatuor
393 1256 512 1321 angulos
527 1258 684 1323 palliorum,

153 1323 228 1386 juxta
251 1326 331 1391 pedes
358 1326 411 1377 sibi
431 1329 541 1392 saciant
558 1330 685 1395 fimbras,

152 1395 185 1445 ad
199 1397 330 1462 populum
345 1398 520 1450 israeliticum
535 1402 687 1452 discemen-

152 1467 218 1517 dum
243 1485 257 1519 a
279 1470 372 1521 ceteris
400 1473 508 1537 populis
533 1475 561 1524 in
591 1475 685 1525 habitu

149 1539 284 1600 exteriori,
308 1540 377 1593 sicut
391 1554 467 1593 erant
480 1545 610 1611 religione
627 1545 685 1595 dis-

151 1609 240 1675 creti3
268 1623 294 1663 et
320 1622 451 1680 ponerent
479 1616 507 1668 in
535 1617 575 1668 eis
602 1618 685 1668 vittas

151 1679 355 1750 hyacinthinas,
375 1702 435 1753 quae
452 1688 534 1739 etiam
556 1705 619 1739 cum
632 1688 685 1739 filis

150 1754 377 1818 apponebantur,
414 1767 445 1808 ut
483 1758 605 1810 videntes
640 1775 684 1810 eas

150 1826 353 1879 recordarentur
382 1831 570 1882 mandatorum
605 1835 684 1884 coele-

149 1894 243 1958 stium,
265 1913 294 1949 ac
313 1916 379 1952 vana
395 1911 421 1952 et
441 1902 548 1954 inutilia
566 1920 620 1954 non
635 1921 683 1956 co-

149 1964 272 2031 gitarent.
287 1972 356 2023 Sunt
379 1972 461 2039 igitur
474 1973 589 2026 timbriae
603 1976 684 2042 Legis

150 2038 291 2100 mandata,
323 2041 396 2093 vittae
421 2060 485 2095 vero
503 2045 684 2111 hyacinthinae

149 2116 247 2158 sanctae
261 2111 437 2175 cogitationes
454 2131 460 2163 ε
476 2131 537 2181 qua·
555 2116 578 2165 si
600 2117 682 2168 simul

148 2174 243 2238 junctae
266 2178 382 2245 fuerint,
414 2183 448 2232 ab
469 2184 543 2234 omni
567 2187 684 2238 vanitate

149 2249 241 2300 oculos
260 2263 392 2314 avertunt,
411 2264 438 2305 et
462 2265 516 2306 tota
538 2269 629 2309 mente
649 2262 681 2310 ad

149 2320 266 2372 coelestia
294 2324 424 2391 dirigunt.
449 2328 580 2380 Videntes
607 2333 681 2383 enim

147 2387 333 2457 hyacinthum,
348 2397 405 2449 coeli
425 2401 606 2464 recordamur,
618 2405 682 2471 qnia

103 2517 106 2525 Ι
148 2463 230 2515 unius
250 2468 346 2519 coloris
370 2482 435 2522 sunt
451 2473 548 2524 coelum
563 2485 590 2526 et
611 2475 681 2543 hya-

148 2532 266 2590 cinthus.
301 2541 456 2595 Istiusmodi
489 2558 544 2598 erat
572 2547 680 2602 fimbria

147 2604 235 2658 brevis
253 2618 279 2660 et
299 2627 378 2676 parva
396 2629 429 2664 ex
450 2616 519 2683 Lege
539 2631 678 2687 precepta,

147 2692 229 2743 quem
244 2684 341 2735 mulier
353 2689 482 2753 sanguine
495 2689 581 2743 fluens
592 2694 681 2761 tetigit

148 2747 177 2798 in
192 2751 273 2814 pallio
289 2753 410 2816 Domini,
426 2769 452 2809 et
467 2760 557 2810 statim
580 2774 619 2814 est
633 2781 678 2816 sa-

147 2827 217 2869 nata.
243 2820 291 2871 Per
325 2824 488 2890 hujusmodi¹
508 2830 589 2881 etiam
616 2833 678 2885 fim-

148 2889 234 2940 briam
257 2895 373 2947 creditur
400 2901 596 2955 samaritanam
611 2921 677 2974 eog-

147 2961 254 3012 notisse
274 2966 307 3015 de
322 2967 447 3032 Domino,
469 2975 542 3041 quod
569 2977 677 3031 Judaeus

146 3041 225 3081 esset.
254 3035 436 3100 Superstitiosi
454 3058 517 3095 vero
546 3048 676 3114 magistri,

144 3102 258 3167 gloriam
282 3107 315 3157 ab
343 3109 501 3167 hominibus
523 3129 674 3187 captantes,

145 3181 172 3223 et
189 3174 263 3226 lucra
277 3189 409 3232 sectantes
424 3193 449 3233 et
460 3189 675 3253 ostentationem,

145 3244 258 3309 majores
267 3246 386 3300 fimbrias
398 3253 468 3315 aliis,
481 3255 509 3305 in
520 3258 609 3323 palliis
620 3262 678 3312 suis

144 3315 286 3381 iaciebant,
301 3332 327 3372 et
340 3325 508 3380 acutissimas
522 3330 550 3380 in
565 3333 605 3383 eis
617 3335 676 3400 spi-

144 3403 193 3439 nas
216 3391 350 3457 ligabant,
373 3406 404 3445 ur
430 3397 554 3452 videlicet
575 3405 674 3466 eundo,

143 3459 186 3509 vel
208 3462 326 3542 sedendo
350 3465 388 3517 eis
414 3482 613 3538 pungerentur,
649 3486 675 3526 et

142 3543 220 3594 quasi
234 3547 273 3582 src
286 3537 443 3588 commoniti
459 3554 591 3592 memores
602 3559 674 3596 man·

142 3600 276 3664 datorum,
301 3615 326 3657 et
348 3607 539 3662 beneficiorum
563 3613 612 3664 Dei
630 3630 673 3667 es-

142 3682 212 3732 sent,
226 3685 252 3724 et
266 3675 316 3727 hac
330 3680 541 3734 commonitione
555 3685 588 3734 ad
609 3686 672 3736 offi-

141 3740 182 3791 cia
195 3744 244 3794 Dei
259 3757 285 3796 et
304 3748 337 3798 ad
358 3750 509 3803 ministeria
534 3754 671 3807 servitutis

140 3811 197 3875 ejus
215 3816 384 3869 traherentur
419 3837 473 3872 non
494 3822 671 3890 intelligenti·

141 3881 191 3935 bus
204 3886 252 3947 eis,
267 3891 339 3955 quod
354 3890 412 3943 haec
429 3893 456 3944 in
474 3896 553 3946 corde
564 3907 669 3962 portan-

415 275 592 327 SECUNDAE
613 277 738 328 PARTIS
754 276 872 329 CAPUT
885 276 1017 328 xxxvii.

740 391 775 442 da
793 391 859 451 sint,
883 393 989 442 nonin
1014 407 1135 458 corpore,
1156 392 1277 459 alioquin

739 471 767 512 et
781 462 905 524 umeris,
924 473 952 513 et
970 478 1040 514 arcae
1056 463 1146 513 libros
1162 462 1272 528 habent,

739 543 766 584 et
784 534 835 585 Dei
848 535 974 586 notitiam
994 550 1050 585 non
1075 534 1188 585 habent.

770 605 788 656 6
807 607 892 658 Varus
908 623 1014 658 ornarat
1034 623 1277 659 nmmum

739 693 767 728 nt
780 693 831 728 usu
843 694 993 739 sromuu,
1011 695 1046 728 nr
1066 694 1160 728 aunan
1178 694 1276 729 nmo

739 765 796 799 anrr
809 765 980 800 aneuarruou
1002 765 1036 800 ac
1056 765 1273 801 saturanum

739 851 770 861 -
783 824 835 874 Pro
849 834 926 874 tanto
948 834 1038 874 autem
1052 823 1110 874 hnc
1130 821 1274 884 faciebant,

738 893 805 959 quia
820 894 982 945 hominibus
994 894 1090 955 videri,
1106 904 1133 944 et
1143 893 1274 960 opinione

738 965 885 1016 sanctitatis
898 967 932 1016 ab
949 965 990 1016 eis
1003 965 1144 1025 honorari,
1158 980 1192 1015 ec
1203 965 1275 1015 lucra

738 1033 837 1086 babere
850 1037 1003 1102 cupiebant.
1023 1038 1065 1088 Et
1074 1036 1203 1088 volebant
1213 1051 1275 1086 mu-

738 1108 832 1158 bnlare
855 1111 882 1160 in
904 1111 992 1173 stolis,
1007 1111 1034 1160 id
1050 1120 1091 1161 est
1110 1108 1275 1160 cultioribus

737 1180 904 1232 vestimentis
917 1183 951 1231 ad
968 1181 1110 1247 publicum
1121 1180 1275 1246 procedere,

738 1259 768 1300 ut
786 1265 833 1315 per
849 1251 901 1301 hoc
914 1251 1130 1302 honorabiliores
1142 1250 1273 1302 videren-

738 1330 791 1386 tur,
818 1331 844 1372 et
865 1323 951 1388 magis
974 1331 1179 1381 venerarentur,
1198 1320 1275 1387 qnod

738 1390 768 1440 in
786 1392 871 1443 divite
891 1393 1108 1458 reprehenditur,
1123 1391 1176 1457 qui
1190 1391 1275 1458 bysso

737 1469 764 1512 et
775 1479 901 1530 purpura
915 1466 1083 1516 induebatur.
1104 1463 1189 1514 Stolae
1199 1471 1275 1514 erant

737 1535 854 1586 camisiae
872 1535 952 1586 lineae
969 1537 1066 1602 longa,
1087 1533 1192 1600 quibus
1207 1532 1275 1583 Scri

738 1603 777 1654 bae
789 1606 943 1667 utebantur,
962 1615 994 1656 ut
1006 1605 1157 1655 sanctiores
1169 1620 1185 1655 a

737 1685 803 1737 rent,
817 1687 846 1726 et
863 1677 1020 1728 dicebantur
1035 1677 1122 1736 stole,
1142 1618 1274 1756 effi

737 1747 811 1812 quod
832 1759 873 1799 est
891 1749 973 1799 molle
1000 1757 1028 1799 et
1048 1748 1185 1814 longum,
1206 1759 1272 1812 quta

736 1832 823 1884 usque
845 1820 878 1869 ad
899 1821 979 1885 pedes
992 1818 1200 1870 descendebant.
1222 1816 1270 1867 Hae

736 1893 810 1941 stolae
829 1892 919 1942 adhuc
936 1891 1018 1942 hodie
1034 1892 1136 1942 multas
1153 1888 1269 1941 simula·

735 1965 822 2017 tiones
835 1976 861 2017 et
873 1966 1030 2033 hypocrises
1044 1965 1159 2026 faciunt,
1172 1979 1203 2015 ac
1217 1962 1271 2029 ple·

735 2054 834 2107 rosque
856 2041 979 2092 incautos
1001 2039 1154 2106 decipiunt.
1167 2039 1268 2090 Anat

734 2129 843 2180 quoque
862 2115 966 2180 primos
987 2115 1124 2184 recubitus
1149 2121 1176 2163 et
1194 2109 1270 2162 sedet

735 2185 762 2234 in
785 2186 876 2248 coenir,
894 2197 921 2237 et
935 2187 987 2237 hoc
999 2185 1100 2250 duplici
1124 2185 1159 2236 de
1180 2196 1269 2242 eausa,

734 2257 856 2309 scilicet:
875 2259 978 2309 ratione
994 2259 1073 2324 gulae,
1093 2256 1161 2323 quia
1180 2253 1269 2321 primo

734 2326 772 2378 ibi
787 2328 910 2390 servitur,
929 2338 958 2380 et
971 2328 1073 2379 fercula
1092 2325 1209 2379 meliora
1221 2340 1271 2391 po·

735 2411 850 2464 nuntur3
865 2411 892 2451 et
910 2401 1014 2452 ratione
1028 2398 1171 2466 superbiae,
1186 2408 1219 2450 ut
1228 2397 1267 2449 sic

734 2470 763 2521 in
778 2473 836 2522 loco
852 2470 1044 2522 honorabiliori
1056 2469 1151 2536 positi,
1165 2467 1269 2536 princi·

733 2543 848 2608 paliores
868 2552 895 2594 et
918 2544 1032 2607 majores
1056 2540 1167 2591 domini
1188 2540 1267 2591 vide·

732 2625 839 2680 rentur;
866 2631 896 2666 ac
918 2617 1040 2682 primm,
1061 2623 1089 2664 et
1109 2612 1267 2680 digniores,

731 2687 875 2737 cathedras
887 2687 915 2736 r'n
932 2685 1100 2753 synagogis,
1116 2694 1143 2735 et
1154 2698 1266 2751 oongre·

731 2757 892 2822 grationibus,
907 2756 955 2806 ubi
969 2755 1164 2806 conveniebant
1176 2754 1265 2805 homi·

730 2845 777 2880 nes
791 2831 823 2880 ad
837 2830 1002 2880 audiendum
1016 2829 1132 2879 verbum
1150 2828 1216 2892 Dei;
1239 2833 1266 2880 et

725 2901 832 2968 primas
852 2902 1028 2953 salutationes
1042 2903 1070 2952 in
1084 2900 1165 2966 soro,
1179 2901 1210 2952 id
1224 2910 1265 2952 est

730 2975 788 3024 loco
804 2975 914 3040 patenti,
928 2975 1035 3042 primas
1053 2974 1168 3040 quidem
1193 2985 1264 3026 tenr-

729 3060 803 3110 pore,
826 3055 857 3096 ut
879 3045 946 3096 dicit
969 3046 1204 3114 chrysostomus,
1233 3060 1263 3097 ac

728 3113 809 3164 factas
822 3116 875 3165 alta
888 3130 963 3179 voce3
979 3126 1006 3166 et
1022 3115 1153 3167 inclinato
1169 3116 1262 3184 eapite,

728 3186 822 3237 vocari
841 3188 875 3238 ab
899 3186 1048 3239 hominibus
1067 3189 1169 3253 Rabbr',
1185 3191 1264 3242 idest

729 3259 860 3326 magistri.
875 3259 971 3312 Vocari
993 3263 1098 3324 volunt,
1115 3279 1173 3314 non
1186 3279 1262 3327 eese3

728 3346 828 3382 nomen
842 3343 980 3398 appetunt,
995 3344 1021 3384 et
1035 3333 1159 3386 officium
1174 3336 1262 3403 negli-

727 3412 804 3468 gunt.
819 3403 855 3454 Et
867 3405 1014 3455 notandum
1030 3406 1105 3472 quod
1119 3408 1263 3475 tripliciter

726 3473 892 3524 conveniunt
911 3475 1037 3526 homines
1056 3493 1063 3526 :
1085 3479 1128 3528 vel
1152 3480 1187 3529 ad
1207 3490 1263 3532 tra-

725 3547 821 3597 ctanda
851 3548 975 3610 carnalia,
997 3549 1067 3599 sicut
1098 3550 1129 3601 in
1153 3553 1260 3618 etenim

724 3619 766 3669 vel
795 3618 963 3686 spiritualia,
992 3622 1060 3673 sicut
1088 3622 1117 3673 in
1141 3640 1262 3695 synago·

723 3689 786 3756 gis;
806 3693 848 3742 vel
868 3693 1033 3760 temporalia,
1054 3693 1125 3746 sicut
1143 3697 1176 3749 in
1192 3698 1260 3759 foro,

723 3770 749 3810 et
779 3760 881 3828 ubique
915 3763 1040 3815 volebant
1073 3764 1261 3835 principatum

722 3829 829 3891 habere,
843 3842 870 3882 et
882 3832 996 3898 gloriam
1011 3834 1041 3885 in
1057 3836 1169 3901 publico
1181 3855 1260 3907 quae·

722 3901 820 3953 rebant
832 3901 886 3953 sibi
900 3903 1033 3956 exhiberi.
