2632 4320
229 249 276 301 DE
291 249 408 302 FLETU
421 250 549 301 DOMINI
565 250 679 302 SUPER
695 252 909 317 JERUSALEM,
927 256 1005 307 ETC.

60 379 102 419 rat
115 368 205 420 cultus
220 366 338 428 divinus,
351 368 443 418 videns
459 383 515 418 non
532 376 597 418 tau·

62 454 122 494 tum
150 442 230 492 oculo
257 441 379 507 corporis
402 442 547 505 civitatem,
571 450 599 492 et

62 512 225 564 exteriorem
234 513 290 577 ejus
302 511 542 580 pulchritudinem,
551 512 598 563 sed

62 584 145 635 etiam
169 584 248 634 oculo
267 583 416 635 divinitatis
440 583 526 648 ipsam
550 584 599 634 im·

62 657 137 724 1111111
152 656 288 709 civitatem
299 655 328 706 in
340 672 417 707 suam
431 671 522 706 necem
538 671 599 706 con-

62 729 223 795 spirantem,
235 726 381 794 praevidens
393 727 450 792 ejus
462 741 554 776 casum
571 734 598 776 et

64 801 286 864 subversionem
299 817 353 850 non
379 801 478 851 desua
500 807 596 859 morte,

63 892 148 944 quam
167 875 208 925 illi
228 875 468 936 machinabantur,
495 874 541 924 sed
563 872 597 922 de

62 951 138 1001 illius
162 949 243 1001 ruina
269 959 296 1000 et
321 949 472 1015 perditione
496 946 595 1014 flevit,

61 1021 165 1072 scilicet
189 1019 255 1070 fletu
288 1019 486 1085 compassionis
515 1031 596 1083 snper

62 1092 137 1143 illam
163 1108 173 1141 :
199 1101 258 1141 tum
274 1100 382 1156 propter
410 1091 479 1140 mala
500 1089 594 1155 culpae,

62 1177 122 1229 quae
138 1161 179 1213 ibi
200 1161 378 1227 multiplicata
398 1159 513 1220 fuerant,
536 1169 595 1208 tum

61 1243 172 1301 propter
185 1234 255 1283 mala
267 1247 363 1298 poenae,
381 1247 441 1298 quae
455 1245 537 1297 super
552 1229 593 1279 ci-

61 1305 170 1356 vitatem
183 1315 210 1355 et
225 1304 356 1371 populum
368 1303 459 1355 futura
469 1300 595 1352 immine·

61 1378 135 1437 bant,
151 1377 243 1428 dicens
256 1376 346 1438 :Quia
367 1376 392 1425 si
409 1373 592 1440 cognovisses,

59 1449 162 1501 scilicet
177 1464 208 1500 ea
221 1465 280 1518 quae
290 1464 340 1515 ego
351 1463 431 1513 super
445 1457 470 1497 te
481 1455 594 1496 ventura

59 1537 203 1589 cognosco,
224 1528 250 1572 et
268 1528 303 1586 tu,
323 1521 424 1571 scilicet
437 1519 515 1569 fleres
532 1531 594 1567 me-

59 1610 120 1645 cum
126 1593 236 1645 ruinam
246 1603 400 1658 tuam,quae
414 1593 495 1641 modo
508 1589 595 1641 exsul·

59 1677 108 1717 tas.
125 1666 202 1716 Sicut
216 1681 274 1732 ego,
289 1665 390 1730 inquit,
407 1663 469 1723 fleo,
483 1678 533 1728 ego
545 1660 593 1728 qui

60 1739 154 1790 omnia
177 1738 256 1789 video
279 1747 305 1788 et
325 1738 416 1788 futura
443 1749 592 1803 cognosco;

59 1809 97 1859 sic
114 1820 142 1860 et
166 1819 196 1859 tu
221 1809 307 1869 fleres,
339 1809 362 1858 si
391 1823 463 1859 nunc
480 1815 594 1857 ventura

60 1879 180 1940 videres,
208 1895 269 1946 quae
296 1880 391 1943 modo,
407 1879 471 1944 quia
504 1876 592 1928 nescis

60 1953 132 2019 quod
148 1951 286 2013 imminet,
300 1953 429 2014 exsultas,
444 1950 504 1999 fons
518 1949 592 1999 enim

59 2022 166 2089 pietatis
180 2033 244 2084 erat,
258 2034 285 2073 et
304 2022 364 2075 ideo
377 2023 509 2087 lacrymas
523 2035 592 2069 con-

57 2093 142 2144 tinere
171 2109 226 2143 non
256 2104 376 2159 poterat,
405 2107 453 2142 nec
480 2088 593 2141 aedificia

57 2164 164 2231 planxit
188 2165 337 2230 parietum,
363 2164 409 2215 sed
432 2160 591 2213 subversio-

56 2252 118 2287 nem
141 2235 306 2289 animarum.
335 2236 390 2286 Cur
416 2251 480 2286 vero
509 2234 591 2284 modo

56 2311 181 2370 exsultat,
196 2309 356 2371 ostenditur,
372 2326 433 2360 cum
447 2307 589 2358 subditur:

58 2381 97 2431 Et
110 2381 218 2448 quidem
235 2381 262 2430 in
277 2381 328 2430 hac
337 2381 389 2442 dic,
403 2379 430 2429 id
443 2387 483 2428 est
497 2377 525 2427 in
541 2378 591 2426 hac

55 2462 101 2505 tua
115 2452 302 2521 prosperitatis
315 2451 440 2510 claritate,
455 2460 481 2499 et
497 2449 526 2497 in
539 2448 592 2498 hoc

55 2523 165 2573 modico
180 2533 301 2588 tempore
324 2521 374 2571 tibi
397 2535 536 2586 prospero,
561 2519 590 2568 in

56 2610 112 2677 quo
124 2595 208 2646 facies
217 2595 383 2645 voluntatem
396 2603 479 2652 tuam,
492 2592 592 2641 adsunt

55 2667 106 2717 nbi
120 2681 151 2717 ea
163 2681 224 2732 quae
234 2667 271 2716 ad
278 2680 375 2732 pacem
391 2664 438 2714 tibi
450 2670 520 2725 sunt,
537 2678 591 2712 non

54 2737 182 2802 pectoris,
200 2753 249 2787 nec
265 2736 430 2797 aeternitatis,
453 2734 499 2784 sed
520 2743 591 2783 tem-

56 2810 129 2877 poris
142 2811 244 2870 solum,
255 2820 282 2860 et
292 2809 399 2859 modico
413 2819 534 2873 tempore
545 2806 592 2856 du-

56 2889 193 2944 raturam3
211 2891 237 2930 ct
250 2880 311 2930 ideo
323 2895 395 2929 nunc
406 2879 514 2945 gaudes,
527 2876 590 2943 quia

54 2950 230 3001 imminentia
250 2965 305 3000 non
325 2949 409 3000 vides.
431 2949 500 2998 Cum
515 2946 590 2996 enim

54 3035 83 3072 se
92 3020 183 3072 carnis
197 3021 383 3087 voluptatibus
396 3021 479 3079 daret,
494 3029 590 3069 111111-

53 3102 115 3143 tura
136 3106 192 3141 non
214 3091 388 3157 prospiceret,
416 3091 446 3141 in
470 3090 515 3140 die
541 3105 590 3140 sua

52 3174 115 3227 quae
127 3161 162 3211 ad
174 3175 267 3226 pacem
283 3162 306 3211 ei
322 3177 380 3212 esse
393 3170 524 3227 poterant,
538 3160 589 3210 ha-

52 3231 143 3283 bebat.
165 3232 215 3282 Est
239 3248 355 3299 namque
376 3233 513 3282 mundana
528 3247 588 3296 pax,

52 3315 136 3368 quam
151 3301 268 3368 diligunt
280 3302 368 3368 impii,
380 3313 410 3354 ut
421 3303 480 3353 sine
492 3302 589 3352 timore

49 3381 172 3436 peccent,
187 3384 215 3424 et
229 3374 313 3425 libere
328 3375 385 3425 suis
405 3375 589 3440 voluptatibus

50 3453 159 3507 vacent3
185 3445 219 3494 de
233 3460 288 3511 qua
304 3445 332 3495 in
348 3446 466 3512 politicis
480 3446 588 3505 dicitur,

50 3513 127 3580 quod
148 3514 304 3581 rubiginem
330 3517 493 3567 contrahunt
520 3518 590 3568 sicut

48 3583 165 3646 ferrum,
182 3601 275 3652 pacem
287 3587 423 3639 ducentes.
438 3589 471 3638 Et
484 3590 590 3639 attende

50 3656 119 3727 quia
129 3667 239 3725 tempus
254 3661 438 3727 prosperitatis
458 3661 590 3728 significat

49 3728 99 3778 hic
112 3728 224 3779 nomine
244 3729 298 3779 diei
308 3731 494 3797 singulariter,
514 3740 590 3797 post-

50 3814 165 3853 cavero
190 3801 249 3853 dies
276 3803 445 3853 adversitatis
475 3805 589 3870 plurali-

51 3880 105 3930 ter,
129 3871 196 3937 quia
215 3872 321 3922 modica
346 3872 399 3923 fuit
427 3875 589 3940 prosperitas

1125 257 1178 308 ati

650 368 679 418 in
703 373 903 436 comparatione
924 373 1102 425 adversitatis.
1127 374 1183 425 Cur

650 450 740 491 autem
769 443 840 495 bona
867 444 1009 508 prasentia
1033 445 1066 494 ad
1090 459 1183 509 pacem

649 512 783 569 habuerit,
811 515 1006 576 manifestatur,
1025 531 1087 565 cum
1114 515 1182 567 aub-

649 583 772 651 jungitur
789 601 796 635 ε
813 585 894 636 Nunc
917 586 1098 653 antem'quasi
1119 602 1182 639 mo-

650 655 710 705 dico
725 656 850 721 praesenti
863 668 984 722 tempore
997 658 1182 724 prosperitatis

649 736 675 776 et
690 727 765 791 pacis
778 729 936 781 abscondita
960 736 1023 780 sunt
1039 729 1074 779 ab
1096 729 1181 781 oculis

649 798 712 860 tuis,
730 809 785 851 tam
800 802 985 867 corporalibus
1000 817 1083 867 quam
1097 801 1181 867 spiri-

648 869 776 931 tualibus,
789 871 890 923 scilicet
904 874 983 930 mala,
997 886 1058 937 quae
1068 882 1181 923 ventura

647 951 712 993 sunt
725 943 791 1009 tibi;
811 959 930 1010 praesens
947 944 1021 995 enim
1043 944 1180 1009 prosperi·

647 1022 687 1063 tas
703 1013 767 1064 iacit
790 1032 824 1067 ne
841 1017 1023 1067 consideretur
1035 1027 1063 1067 et
1077 1031 1179 1081 preca-

646 1096 739 1138 veatur
753 1087 842 1139 futura
855 1089 1008 1149 adversitas,
1021 1089 1074 1138 cito
1088 1097 1178 1138 autem

647 1157 893 1211 manifestabuntur
911 1172 937 1211 et
956 1160 985 1211 in
1007 1160 1090 1219 brevi,
1114 1158 1179 1224 quia
1219 1191 1221 1194 >

647 1227 776 1293 gaudium
791 1230 938 1296 hypocrite
953 1231 1037 1281 instar
1055 1240 1179 1295 estpun-

646 1299 691 1350 cti.
715 1300 745 1351 Si
767 1301 842 1352 enim
863 1319 878 1353 a
902 1303 991 1353 cordis
1013 1301 1071 1366 ejus
1092 1299 1180 1351 oculis

646 1375 716 1426 mala
745 1375 917 1428 imminentia
941 1376 1096 1427 abscondita
1123 1391 1179 1425 non

646 1457 745 1508 essent,
759 1448 799 1498 sic
813 1449 872 1499 laeta
883 1449 912 1497 in
924 1447 1102 1514 presentibus
1114 1460 1180 1512 pro·

646 1519 733 1585 aperis
747 1535 800 1569 non
811 1519 917 1571 fuisset.

680 1589 694 1639 3
709 1591 869 1641 Phornarar
883 1593 1005 1642 Donrnus
1017 1607 1119 1641 uurnan
1132 1591 1180 1640 ln·

646 1678 778 1713 1111111111.
800 1692 831 1703 -
852 1665 936 1728 Cujus
957 1679 1044 1729 poena,
1065 1677 1126 1728 quae
1146 1662 1180 1711 de

647 1733 778 1784 Romanis
802 1734 973 1800 principibus
1000 1733 1179 1793 imminebat,

643 1804 769 1867 adjuncta
779 1813 828 1864 est,
842 1821 905 1855 cum
915 1806 1013 1855 dicitur
1028 1804 1117 1865 :Quia
1132 1817 1179 1854 ve-

645 1876 718 1925 nient
738 1876 804 1937 dier,
821 1876 1038 1935 tribulationum,
1054 1876 1080 1925 in
1099 1881 1131 1936 te,
1151 1873 1178 1923 id

645 1958 685 1998 est
704 1959 798 2000 contra
822 1960 858 2011 te,
884 1957 912 2000 et
932 1949 1135 2001 circumdabunt
1152 1953 1178 1996 te

645 2023 746 2074 inimici
769 2025 816 2086 tui,
842 2025 942 2076 scilicet
963 2022 1098 2090 principes
1121 2023 1177 2071 Ro

645 2094 728 2159 mani,
745 2097 818 2147 vallo
830 2107 856 2147 et
868 2096 991 2156 circuitu,
1006 2094 1109 2145 scilicet
1118 2107 1178 2143 con-

643 2176 796 2224 catenatura
811 2169 844 2218 de
863 2167 945 2234 lignis
965 2176 991 2217 et
1007 2165 1076 2233 palis
1091 2164 1175 2227 lacta3

643 2249 670 2287 et
691 2237 744 2288 hoc
766 2238 866 2290 factum
892 2239 944 2288 fuit
966 2239 995 2288 in
1020 2237 1177 2296 vindictam,

643 2308 708 2373 quia
719 2321 799 2377 caput
812 2310 915 2361 Christi
928 2310 1012 2361 ludaei
1027 2308 1177 2360 circumde-

643 2383 742 2432 derunt
760 2381 855 2448 spinea
869 2397 978 2432 corona.
1004 2381 1043 2431 Et
1061 2381 1177 2431 circnm-

643 2453 744 2503 clctbunt
770 2460 802 2514 te,
830 2469 877 2503 sua
897 2453 1016 2518 potentia
1030 2451 1176 2516 corporali;

643 2533 669 2572 et
694 2523 746 2573 hoc
769 2524 798 2572 in
821 2524 978 2580 vindictam,
1002 2521 1066 2586 quia
1091 2519 1177 2571 Judaei

644 2594 878 2649 circumdederunt
892 2594 1032 2644 Christum
1052 2592 1080 2641 in
1097 2592 1176 2642 horto

643 2681 705 2715 cum
718 2664 815 2731 gladiis
826 2676 853 2716 et
863 2664 989 2715 fustibus.
1001 2664 1040 2714 Et
1051 2677 1176 2728 coangu-

643 2737 753 2788 stabunt
766 2743 792 2788 te
805 2738 929 2804 undique,
951 2736 1051 2786 scilicet
1068 2736 1177 2785 conclu-

643 2808 741 2869 dendo,
761 2819 787 2859 et
806 2809 976 2875 prohibendo
991 2806 1134 2857 introitum
1150 2816 1175 2856 et

643 2880 754 2941 exitum,
770 2880 808 2930 ita
833 2889 864 2929 ut
888 2881 962 2931 nulla
985 2879 1020 2928 sit
1042 2877 1176 2928 evasionis

640 2950 693 3011 via,
715 2960 787 3000 tanta
808 2960 897 3001 autem
922 2949 974 3000 fuit
996 2949 1113 3000 civitatis
1131 2963 1175 2998 an·

641 3021 739 3086 gustia,
753 3030 784 3069 ut
800 3036 893 3070 carnes
919 3020 1039 3071 filiorum
1058 3021 1174 3071 mandu-
1229 3020 1232 3040 '

641 3100 743 3155 carent3
767 3100 793 3141 ct
817 3091 868 3141 hoc
890 3092 919 3141 in
933 3092 1088 3153 vindictam,
1105 3108 1176 3158 quo·

642 3163 716 3213 niam
741 3162 844 3213 sitienti
870 3164 980 3214 Christo
1012 3176 1117 3216 acetum
1144 3163 1174 3211 in

641 3249 717 3283 cruce
732 3233 873 3285 dederunt.
887 3235 927 3285 Et
943 3236 981 3285 ad
994 3243 1095 3286 terram
1105 3247 1175 3299 pro-

641 3313 759 3357 sternent
774 3313 798 3357 te
812 3318 899 3358 turres
920 3318 946 3358 et
960 3309 1017 3358 loca
1028 3305 1176 3372 munitiora

641 3377 782 3437 diruendo,
796 3389 823 3429 et
837 3389 933 3429 cuncta
946 3378 1056 3428 aedificia
1074 3377 1107 3426 ad
1121 3385 1176 3425 ter-

642 3464 699 3498 ram
722 3448 897 3514 dejiciend03·
914 3459 939 3498 et
962 3449 1014 3498 hoc
1032 3449 1061 3497 in
1084 3445 1178 3497 vindi-

643 3531 722 3581 ctam,
737 3520 802 3586 quia
815 3536 913 3586 corpus
926 3519 1028 3570 Christi
1039 3529 1177 3568 mortuum

642 3590 763 3656 oportuit
781 3590 887 3656 sepeliri
910 3590 1030 3640 interra.
1045 3589 1086 3639 Et
1097 3588 1177 3654 stlios

644 3669 711 3725 tuos,
731 3661 758 3711 id
774 3671 815 3712 est
829 3663 936 3712 Judaeos
960 3661 1007 3727 qui
1029 3660 1057 3710 in
1077 3669 1103 3710 te
1115 3669 1179 3711 sunt

642 3733 737 3799 geniti,
758 3748 805 3783 seu
828 3733 992 3782 habitatores
1018 3741 1089 3792 tuos,
1108 3747 1179 3797 pro-

624 3843 627 3849 .
641 3813 760 3857 sternent
772 3807 806 3856 ad
817 3815 926 3866 terram,
939 3804 1046 3872 aliquos
1057 3805 1179 3856 occiden-

642 3879 686 3938 do,
709 3876 818 3942 aliquos
838 3874 1010 3941 captivand0;
1035 3886 1062 3926 et
1084 3875 1136 3926 hoc
1150 3875 1177 3924 in
