<?xml version="1.0" encoding="UTF-8"?>
<!DOCTYPE html PUBLIC "-//W3C//DTD XHTML 1.0 Transitional//EN"
    "http://www.w3.org/TR/xhtml1/DTD/xhtml1-transitional.dtd">
<html xmlns="http://www.w3.org/1999/xhtml" xml:lang="en" lang="en">
 <head>
  <title>
</title>
<meta http-equiv="Content-Type" content="text/html;charset=utf-8" />
  <meta name='ocr-system' content='tesseract 3.04.00' />
  <meta name='ocr-capabilities' content='ocr_page ocr_carea ocr_par ocr_line ocrx_word'/>
</head>
<body>
  <div class='ocr_page' id='page_1' title='image "./vitajesuchristi01rigogoog_0016.png"; bbox 0 0 2632 4320; ppageno 0'>
   <div class='ocr_carea' id='block_1_1' title="bbox 156 306 1227 382">
    <p class='ocr_par' dir='ltr' id='par_1_1' title="bbox 156 306 1227 382">
     <span class='ocr_line' id='line_1_1' title="bbox 156 306 1227 382; baseline 0.005 -23"><span class='ocrx_word' id='word_1_1' title='bbox 156 311 205 360; x_wconf 86' lang='lat' dir='ltr'>DE</span> <span class='ocrx_word' id='word_1_2' title='bbox 215 309 322 360; x_wconf 85' lang='lat' dir='ltr'>CONF.</span> <span class='ocrx_word' id='word_1_3' title='bbox 336 309 445 358; x_wconf 86' lang='lat' dir='ltr'><strong>VERAE</strong></span> <span class='ocrx_word' id='word_1_4' title='bbox 459 308 563 368; x_wconf 84' lang='lat' dir='ltr'>FlDEl,</span> <span class='ocrx_word' id='word_1_5' title='bbox 573 306 676 366; x_wconf 70' lang='lat' dir='ltr'><strong>QUAM</strong></span> <span class='ocrx_word' id='word_1_6' title='bbox 691 308 829 361; x_wconf 83' lang='lat' dir='ltr'>PETRUS</span> <span class='ocrx_word' id='word_1_7' title='bbox 843 311 947 362; x_wconf 87' lang='lat' dir='ltr'>FECIT</span> <span class='ocrx_word' id='word_1_8' title='bbox 960 312 1030 363; x_wconf 91' lang='lat' dir='ltr'>PRO</span> <span class='ocrx_word' id='word_1_9' title='bbox 1047 311 1170 367; x_wconf 90' lang='lat' dir='ltr'><strong>OMNIB.</strong></span> <span class='ocrx_word' id='word_1_10' title='bbox 1209 331 1227 382; x_wconf 92' lang='lat'><em>7</em></span> 
     </span>
    </p>
   </div>
   <div class='ocr_carea' id='block_1_2' title="bbox 99 424 641 1630">
    <p class='ocr_par' dir='ltr' id='par_1_2' title="bbox 99 424 641 1630">
     <span class='ocr_line' id='line_1_2' title="bbox 101 424 640 501; baseline -0.006 -26"><span class='ocrx_word' id='word_1_11' title='bbox 101 425 141 501; x_wconf 62' lang='lat' dir='ltr'>p‘o</span> <span class='ocrx_word' id='word_1_12' title='bbox 161 424 217 474; x_wconf 83' lang='lat' dir='ltr'>fuit</span> <span class='ocrx_word' id='word_1_13' title='bbox 233 425 267 474; x_wconf 80' lang='lat' dir='ltr'>ad</span> <span class='ocrx_word' id='word_1_14' title='bbox 285 435 405 491; x_wconf 83' lang='lat' dir='ltr'>tempus,</span> <span class='ocrx_word' id='word_1_15' title='bbox 426 424 528 475; x_wconf 85' lang='lat' dir='ltr'>scilicet</span> <span class='ocrx_word' id='word_1_16' title='bbox 550 437 640 488; x_wconf 87' lang='lat' dir='ltr'>usque</span> 
     </span>
     <span class='ocr_line' id='line_1_3' title="bbox 102 494 640 560; baseline -0.004 -15"><span class='ocrx_word' id='word_1_17' title='bbox 102 505 165 560; x_wconf 87' lang='lat' dir='ltr'>post</span> <span class='ocrx_word' id='word_1_18' title='bbox 195 495 434 558; x_wconf 66' lang='lat' dir='ltr'>resurrectionem</span> <span class='ocrx_word' id='word_1_19' title='bbox 465 510 500 544; x_wconf 88' lang='lat' dir='ltr'>ne</span> <span class='ocrx_word' id='word_1_20' title='bbox 532 494 555 545; x_wconf 91' lang='lat' dir='ltr'>si</span> <span class='ocrx_word' id='word_1_21' title='bbox 579 504 640 544; x_wconf 85' lang='lat' dir='ltr'>aute</span> 
     </span>
     <span class='ocr_line' id='line_1_4' title="bbox 99 567 640 633; baseline -0.002 -15"><span class='ocrx_word' id='word_1_22' title='bbox 99 567 262 618; x_wconf 72' lang='lat' dir='ltr'><strong>Passionem</strong></span> <span class='ocrx_word' id='word_1_23' title='bbox 279 567 477 633; x_wconf 67' lang='lat' dir='ltr'>prtdicatctun</span> <span class='ocrx_word' id='word_1_24' title='bbox 491 567 640 618; x_wconf 72' lang='lat' dir='ltr'>irritaretur</span> 
     </span>
     <span class='ocr_line' id='line_1_5' title="bbox 102 637 641 704; baseline 0.006 -16"><span class='ocrx_word' id='word_1_25' title='bbox 102 637 172 689; x_wconf 84' lang='lat' dir='ltr'>fides</span> <span class='ocrx_word' id='word_1_26' title='bbox 194 639 223 688; x_wconf 89' lang='lat' dir='ltr'>in</span> <span class='ocrx_word' id='word_1_27' title='bbox 242 640 372 690; x_wconf 82' lang='lat' dir='ltr'>cordibus</span> <span class='ocrx_word' id='word_1_28' title='bbox 389 639 570 692; x_wconf 66' lang='lat' dir='ltr'>medendum·</span> <span class='ocrx_word' id='word_1_29' title='bbox 582 654 641 704; x_wconf 72' lang='lat' dir='ltr'>pst&gt;</span> 
     </span>
     <span class='ocr_line' id='line_1_6' title="bbox 103 709 639 775; baseline 0 -15"><span class='ocrx_word' id='word_1_30' title='bbox 103 709 298 775; x_wconf 76' lang='lat' dir='ltr'>pterfutumm</span> <span class='ocrx_word' id='word_1_31' title='bbox 320 713 474 762; x_wconf 84' lang='lat' dir='ltr'>scandalum</span> <span class='ocrx_word' id='word_1_32' title='bbox 492 710 639 771; x_wconf 77' lang='lat' dir='ltr'>Passionis,</span> 
     </span>
     <span class='ocr_line' id='line_1_7' title="bbox 104 782 639 850; baseline 0 -18"><span class='ocrx_word' id='word_1_33' title='bbox 104 782 173 832; x_wconf 89' lang='lat' dir='ltr'>sicut</span> <span class='ocrx_word' id='word_1_34' title='bbox 186 793 260 848; x_wconf 84' lang='lat' dir='ltr'>patet</span> <span class='ocrx_word' id='word_1_35' title='bbox 269 782 369 834; x_wconf 64' lang='lat' dir='ltr'>haum</span> <span class='ocrx_word' id='word_1_36' title='bbox 378 785 407 833; x_wconf 90' lang='lat' dir='ltr'>in</span> <span class='ocrx_word' id='word_1_37' title='bbox 417 783 485 850; x_wconf 82' lang='lat' dir='ltr'>ipsis</span> <span class='ocrx_word' id='word_1_38' title='bbox 494 783 639 850; x_wconf 75' lang='lat' dir='ltr'>Apostolis.</span> 
     </span>
     <span class='ocr_line' id='line_1_8' title="bbox 107 853 640 921; baseline 0.006 -20"><span class='ocrx_word' id='word_1_39' title='bbox 107 853 224 904; x_wconf 75' lang='lat' dir='ltr'>tnsstnt</span> <span class='ocrx_word' id='word_1_40' title='bbox 247 853 323 904; x_wconf 87' lang='lat' dir='ltr'>enim</span> <span class='ocrx_word' id='word_1_41' title='bbox 351 865 462 921; x_wconf 83' lang='lat' dir='ltr'>tempus</span> <span class='ocrx_word' id='word_1_42' title='bbox 498 854 640 917; x_wconf 74' lang='lat' dir='ltr'>Passionis,</span> 
     </span>
     <span class='ocr_line' id='line_1_9' title="bbox 106 924 641 991; baseline 0.004 -18"><span class='ocrx_word' id='word_1_43' title='bbox 106 933 212 990; x_wconf 84' lang='lat' dir='ltr'>tempus</span> <span class='ocrx_word' id='word_1_44' title='bbox 235 924 394 991; x_wconf 72' lang='lat' dir='ltr'>ignominie</span> <span class='ocrx_word' id='word_1_45' title='bbox 422 936 448 976; x_wconf 86' lang='lat' dir='ltr'>et</span> <span class='ocrx_word' id='word_1_46' title='bbox 468 926 641 976; x_wconf 57' lang='lat' dir='ltr'>ostendendo}</span> 
     </span>
     <span class='ocr_line' id='line_1_10' title="bbox 105 995 641 1064; baseline 0.007 -19"><span class='ocrx_word' id='word_1_47' title='bbox 105 995 285 1062; x_wconf 83' lang='lat' dir='ltr'>infirmitatis3</span> <span class='ocrx_word' id='word_1_48' title='bbox 313 999 362 1048; x_wconf 88' lang='lat' dir='ltr'>sed</span> <span class='ocrx_word' id='word_1_49' title='bbox 386 1009 446 1064; x_wconf 88' lang='lat' dir='ltr'>post</span> <span class='ocrx_word' id='word_1_50' title='bbox 464 997 641 1049; x_wconf 73' lang='lat' dir='ltr'>resumi-,ctio-</span> 
     </span>
     <span class='ocr_line' id='line_1_11' title="bbox 104 1067 640 1134; baseline 0.007 -20"><span class='ocrx_word' id='word_1_51' title='bbox 104 1081 175 1127; x_wconf 86' lang='lat' dir='ltr'>nem,</span> <span class='ocrx_word' id='word_1_52' title='bbox 186 1067 280 1118; x_wconf 84' lang='lat' dir='ltr'>habita</span> <span class='ocrx_word' id='word_1_53' title='bbox 289 1068 403 1134; x_wconf 46' lang='lat' dir='ltr'>&amp;fecta</span> <span class='ocrx_word' id='word_1_54' title='bbox 415 1069 525 1124; x_wconf 79' lang='lat' dir='ltr'>victoria</span> <span class='ocrx_word' id='word_1_55' title='bbox 535 1067 640 1129; x_wconf 86' lang='lat' dir='ltr'>mortis,</span> 
     </span>
     <span class='ocr_line' id='line_1_12' title="bbox 104 1140 640 1207; baseline 0.007 -19"><span class='ocrx_word' id='word_1_56' title='bbox 104 1149 160 1188; x_wconf 85' lang='lat' dir='ltr'>erat</span> <span class='ocrx_word' id='word_1_57' title='bbox 187 1149 297 1205; x_wconf 86' lang='lat' dir='ltr'>tempus</span> <span class='ocrx_word' id='word_1_58' title='bbox 329 1141 492 1207; x_wconf 75' lang='lat' dir='ltr'>predicandi</span> <span class='ocrx_word' id='word_1_59' title='bbox 524 1140 640 1207; x_wconf 72' lang='lat' dir='ltr'>gloriam</span> 
     </span>
     <span class='ocr_line' id='line_1_13' title="bbox 106 1211 641 1274; baseline 0.009 -17"><span class='ocrx_word' id='word_1_60' title='bbox 106 1223 159 1258; x_wconf 73' lang='lat' dir='ltr'>sue</span> <span class='ocrx_word' id='word_1_61' title='bbox 173 1211 327 1274; x_wconf 78' lang='lat' dir='ltr'>majestatis.</span> <span class='ocrx_word' id='word_1_62' title='bbox 340 1212 457 1271; x_wconf 84' lang='lat' dir='ltr'>Quando</span> <span class='ocrx_word' id='word_1_63' title='bbox 467 1211 541 1262; x_wconf 83' lang='lat' dir='ltr'>enim</span> <span class='ocrx_word' id='word_1_64' title='bbox 556 1226 641 1262; x_wconf 70' lang='lat' dir='ltr'>cessa</span> 
     </span>
     <span class='ocr_line' id='line_1_14' title="bbox 106 1278 639 1339; baseline 0.009 -11"><span class='ocrx_word' id='word_1_65' title='bbox 106 1278 142 1328; x_wconf 83' lang='lat' dir='ltr'>rit</span> <span class='ocrx_word' id='word_1_66' title='bbox 161 1295 249 1339; x_wconf 74' lang='lat' dir='ltr'>musa,</span> <span class='ocrx_word' id='word_1_67' title='bbox 271 1281 374 1332; x_wconf 84' lang='lat' dir='ltr'>scilicet</span> <span class='ocrx_word' id='word_1_68' title='bbox 396 1282 555 1332; x_wconf 63' lang='lat' dir='ltr'>scordalum</span> <span class='ocrx_word' id='word_1_69' title='bbox 574 1283 639 1333; x_wconf 80' lang='lat' dir='ltr'>Pas-</span> 
     </span>
     <span class='ocr_line' id='line_1_15' title="bbox 106 1350 639 1414; baseline 0.009 -14"><span class='ocrx_word' id='word_1_70' title='bbox 106 1350 197 1414; x_wconf 79' lang='lat' dir='ltr'>sionis,</span> <span class='ocrx_word' id='word_1_71' title='bbox 219 1352 335 1403; x_wconf 83' lang='lat' dir='ltr'>cessavit</span> <span class='ocrx_word' id='word_1_72' title='bbox 366 1364 393 1403; x_wconf 88' lang='lat' dir='ltr'>et</span> <span class='ocrx_word' id='word_1_73' title='bbox 415 1354 533 1405; x_wconf 74' lang='lat' dir='ltr'>effectus.</span> <span class='ocrx_word' id='word_1_74' title='bbox 562 1354 639 1405; x_wconf 84' lang='lat' dir='ltr'>Unde</span> 
     </span>
     <span class='ocr_line' id='line_1_16' title="bbox 107 1421 639 1488; baseline 0.011 -18"><span class='ocrx_word' id='word_1_75' title='bbox 107 1421 339 1488; x_wconf 65' lang='lat' dir='ltr'>chysostomus:</span> <span class='ocrx_word' id='word_1_76' title='bbox 351 1441 366 1468; x_wconf 76' lang='grc' dir='ltr'>ιι</span> <span class='ocrx_word' id='word_1_77' title='bbox 377 1424 483 1484; x_wconf 82' lang='lat' dir='ltr'>Quiasi</span> <span class='ocrx_word' id='word_1_78' title='bbox 498 1423 639 1477; x_wconf 82' lang='lat' dir='ltr'>manifeste</span> 
     </span>
     <span class='ocr_line' id='line_1_17' title="bbox 107 1493 638 1558; baseline 0.009 -17"><span class='ocrx_word' id='word_1_79' title='bbox 107 1502 171 1541; x_wconf 79' lang='lat' dir='ltr'>esset</span> <span class='ocrx_word' id='word_1_80' title='bbox 184 1493 294 1558; x_wconf 79' lang='lat' dir='ltr'>agninis</span> <span class='ocrx_word' id='word_1_81' title='bbox 314 1493 402 1545; x_wconf 85' lang='lat' dir='ltr'>Filius</span> <span class='ocrx_word' id='word_1_82' title='bbox 416 1494 475 1554; x_wconf 79' lang='lat' dir='ltr'>eei,</span> <span class='ocrx_word' id='word_1_83' title='bbox 492 1510 571 1545; x_wconf 88' lang='lat' dir='ltr'>nemo</span> <span class='ocrx_word' id='word_1_84' title='bbox 585 1510 638 1546; x_wconf 85' lang='lat' dir='ltr'>au-</span> 
     </span>
     <span class='ocr_line' id='line_1_18' title="bbox 109 1561 636 1630; baseline 0.008 -19"><span class='ocrx_word' id='word_1_85' title='bbox 109 1577 152 1612; x_wconf 79' lang='lat' dir='ltr'>sus</span> <span class='ocrx_word' id='word_1_86' title='bbox 166 1561 263 1613; x_wconf 84' lang='lat' dir='ltr'>luisset</span> <span class='ocrx_word' id='word_1_87' title='bbox 277 1578 374 1614; x_wconf 83' lang='lat' dir='ltr'>manus</span> <span class='ocrx_word' id='word_1_88' title='bbox 385 1564 415 1614; x_wconf 86' lang='lat' dir='ltr'>in</span> <span class='ocrx_word' id='word_1_89' title='bbox 433 1580 499 1615; x_wconf 82' lang='lat' dir='ltr'>erm</span> <span class='ocrx_word' id='word_1_90' title='bbox 519 1565 636 1630; x_wconf 82' lang='lat' dir='ltr'>injicere,</span> 
     </span>
    </p>
   </div>
   <div class='ocr_carea' id='block_1_3' title="bbox 108 1635 659 1705">
    <p class='ocr_par' dir='ltr' id='par_1_3' title="bbox 108 1635 659 1705">
     <span class='ocr_line' id='line_1_19' title="bbox 108 1635 659 1705; baseline 0.011 -22"><span class='ocrx_word' id='word_1_91' title='bbox 108 1644 132 1684; x_wconf 85' lang='lat' dir='ltr'>ct</span> <span class='ocrx_word' id='word_1_92' title='bbox 151 1651 240 1702; x_wconf 79' lang='lat' dir='ltr'>neque</span> <span class='ocrx_word' id='word_1_93' title='bbox 256 1635 403 1688; x_wconf 86' lang='lat' dir='ltr'>crucifixus</span> <span class='ocrx_word' id='word_1_94' title='bbox 424 1637 529 1698; x_wconf 59' lang='grc' dir='ltr'>ἰώδεα,</span> <span class='ocrx_word' id='word_1_95' title='bbox 548 1654 659 1705; x_wconf 70' lang='grc' dir='ltr'>ιιεῳιοΙ</span> 
     </span>
    </p>
   </div>
   <div class='ocr_carea' id='block_1_4' title="bbox 110 1709 638 1778">
    <p class='ocr_par' dir='ltr' id='par_1_4' title="bbox 110 1709 638 1778">
     <span class='ocr_line' id='line_1_20' title="bbox 110 1709 638 1778; baseline 0.008 -20"><span class='ocrx_word' id='word_1_96' title='bbox 110 1709 330 1764; x_wconf 69' lang='lat' dir='ltr'>resentiscit</span> <span class='ocrx_word' id='word_1_97' title='bbox 350 1711 477 1775; x_wconf 79' lang='lat' dir='ltr'>mormis3</span> <span class='ocrx_word' id='word_1_98' title='bbox 497 1723 638 1778; x_wconf 77' lang='lat' dir='ltr'>ptopterea</span> 
     </span>
    </p>
   </div>
   <div class='ocr_carea' id='block_1_5' title="bbox 110 1780 660 1849">
    <p class='ocr_par' dir='ltr' id='par_1_5' title="bbox 110 1780 660 1849">
     <span class='ocr_line' id='line_1_21' title="bbox 110 1780 660 1849; baseline 0.007 -20"><span class='ocrx_word' id='word_1_99' title='bbox 110 1780 190 1830; x_wconf 85' lang='lat' dir='ltr'>adhuc</span> <span class='ocrx_word' id='word_1_100' title='bbox 201 1781 378 1832; x_wconf 81' lang='lat' dir='ltr'>infernorum</span> <span class='ocrx_word' id='word_1_101' title='bbox 391 1798 504 1849; x_wconf 81' lang='lat' dir='ltr'>regnunt</span> <span class='ocrx_word' id='word_1_102' title='bbox 519 1795 590 1835; x_wconf 83' lang='lat' dir='ltr'>esset</span> <span class='ocrx_word' id='word_1_103' title='bbox 605 1784 636 1833; x_wconf 88' lang='lat' dir='ltr'>in</span> <span class='ocrx_word' id='word_1_104' title='bbox 656 1782 660 1847; x_wconf 75' lang='grc' dir='ltr'><strong>ξ</strong></span> 
     </span>
    </p>
   </div>
   <div class='ocr_carea' id='block_1_6' title="bbox 92 1855 640 3976">
    <p class='ocr_par' dir='ltr' id='par_1_6' title="bbox 98 1855 640 3538">
     <span class='ocr_line' id='line_1_22' title="bbox 108 1855 636 1917; baseline 0.009 -15"><span class='ocrx_word' id='word_1_105' title='bbox 108 1861 180 1917; x_wconf 78' lang='lat' dir='ltr'>terra,</span> <span class='ocrx_word' id='word_1_106' title='bbox 201 1864 230 1903; x_wconf 86' lang='lat' dir='ltr'>et</span> <span class='ocrx_word' id='word_1_107' title='bbox 253 1855 403 1906; x_wconf 81' lang='lat' dir='ltr'>dominatio</span> <span class='ocrx_word' id='word_1_108' title='bbox 424 1856 524 1906; x_wconf 84' lang='lat' dir='ltr'>diaboli</span> <span class='ocrx_word' id='word_1_109' title='bbox 549 1866 636 1907; x_wconf 89' lang='lat' dir='ltr'>totum</span> 
     </span>
     <span class='ocr_line' id='line_1_23' title="bbox 111 1927 639 1980; baseline 0.013 -6"><span class='ocrx_word' id='word_1_110' title='bbox 111 1927 236 1976; x_wconf 80' lang='lat' dir='ltr'>mundum</span> <span class='ocrx_word' id='word_1_111' title='bbox 252 1936 361 1979; x_wconf 68' lang='lat' dir='ltr'>teneret.</span> <span class='ocrx_word' id='word_1_112' title='bbox 375 1949 389 1976; x_wconf 71' lang='lat' dir='ltr'>n</span> <span class='ocrx_word' id='word_1_113' title='bbox 405 1929 519 1980; x_wconf 84' lang='lat' dir='ltr'>Undeet</span> <span class='ocrx_word' id='word_1_114' title='bbox 529 1931 639 1980; x_wconf 59' lang='lat' dir='ltr'>Ambo</span> 
     </span>
     <span class='ocr_line' id='line_1_24' title="bbox 111 1995 639 2063; baseline 0.013 -20"><span class='ocrx_word' id='word_1_115' title='bbox 111 1995 161 2046; x_wconf 83' lang='lat' dir='ltr'>tius</span> <span class='ocrx_word' id='word_1_116' title='bbox 171 2013 180 2046; x_wconf 91' lang='lat'>.·</span> <span class='ocrx_word' id='word_1_117' title='bbox 189 2015 206 2044; x_wconf 76' lang='lat' dir='ltr'>e</span> <span class='ocrx_word' id='word_1_118' title='bbox 218 1997 312 2047; x_wconf 80' lang='lat' dir='ltr'>Multis</span> <span class='ocrx_word' id='word_1_119' title='bbox 324 2014 356 2048; x_wconf 80' lang='lat' dir='ltr'>ex</span> <span class='ocrx_word' id='word_1_120' title='bbox 364 1999 454 2049; x_wconf 76' lang='lat' dir='ltr'>musis</span> <span class='ocrx_word' id='word_1_121' title='bbox 466 1999 541 2063; x_wconf 80' lang='lat' dir='ltr'>jubet</span> <span class='ocrx_word' id='word_1_122' title='bbox 551 2009 639 2050; x_wconf 51' lang='grc' dir='ltr'>ποτε</span> 
     </span>
     <span class='ocr_line' id='line_1_25' title="bbox 109 2063 638 2136; baseline 0.008 -20"><span class='ocrx_word' id='word_1_123' title='bbox 109 2063 247 2132; x_wconf 80' lang='lat' dir='ltr'>discipulos</span> <span class='ocrx_word' id='word_1_124' title='bbox 263 2084 270 2118; x_wconf 78' lang='lat' dir='ltr'><strong><em>z</em></strong></span> <span class='ocrx_word' id='word_1_125' title='bbox 286 2078 317 2118; x_wconf 83' lang='lat' dir='ltr'>ot</span> <span class='ocrx_word' id='word_1_126' title='bbox 338 2067 413 2119; x_wconf 80' lang='lat' dir='ltr'>fallet</span> <span class='ocrx_word' id='word_1_127' title='bbox 433 2069 591 2136; x_wconf 83' lang='lat' dir='ltr'>principem,</span> <span class='ocrx_word' id='word_1_128' title='bbox 607 2081 638 2120; x_wconf 87' lang='lat' dir='ltr'>ut</span> 
     </span>
     <span class='ocr_line' id='line_1_26' title="bbox 110 2134 638 2200; baseline 0.011 -15"><span class='ocrx_word' id='word_1_129' title='bbox 110 2134 215 2187; x_wconf 83' lang='lat' dir='ltr'>declinet</span> <span class='ocrx_word' id='word_1_130' title='bbox 229 2138 389 2200; x_wconf 79' lang='lat' dir='ltr'>jactantiam,</span> <span class='ocrx_word' id='word_1_131' title='bbox 411 2141 504 2190; x_wconf 78' lang='lat' dir='ltr'>docent</span> <span class='ocrx_word' id='word_1_132' title='bbox 521 2141 638 2190; x_wconf 86' lang='lat' dir='ltr'>humili-</span> 
     </span>
     <span class='ocr_line' id='line_1_27' title="bbox 109 2209 637 2278; baseline 0.015 -22"><span class='ocrx_word' id='word_1_133' title='bbox 109 2215 195 2272; x_wconf 74' lang='lat' dir='ltr'>tatem3</span> <span class='ocrx_word' id='word_1_134' title='bbox 207 2209 292 2260; x_wconf 84' lang='lat' dir='ltr'>simul</span> <span class='ocrx_word' id='word_1_135' title='bbox 306 2227 343 2262; x_wconf 87' lang='lat' dir='ltr'>ne</span> <span class='ocrx_word' id='word_1_136' title='bbox 355 2212 438 2262; x_wconf 82' lang='lat' dir='ltr'>rudes</span> <span class='ocrx_word' id='word_1_137' title='bbox 450 2222 477 2262; x_wconf 85' lang='lat' dir='ltr'>et</span> <span class='ocrx_word' id='word_1_138' title='bbox 489 2212 637 2278; x_wconf 71' lang='lat' dir='ltr'>imperfecti</span> 
     </span>
     <span class='ocr_line' id='line_1_28' title="bbox 109 2279 638 2349; baseline 0.013 -21"><span class='ocrx_word' id='word_1_139' title='bbox 109 2279 186 2330; x_wconf 75' lang='lat' dir='ltr'>adhuc</span> <span class='ocrx_word' id='word_1_140' title='bbox 217 2283 345 2348; x_wconf 88' lang='lat' dir='ltr'>discipuli</span> <span class='ocrx_word' id='word_1_141' title='bbox 372 2284 481 2348; x_wconf 75' lang='lat' dir='ltr'>majoris</span> <span class='ocrx_word' id='word_1_142' title='bbox 508 2285 638 2349; x_wconf 83' lang='lat' dir='ltr'>praedica-</span> 
     </span>
     <span class='ocr_line' id='line_1_29' title="bbox 109 2347 640 2420; baseline 0.011 -21"><span class='ocrx_word' id='word_1_143' title='bbox 109 2347 183 2401; x_wconf 85' lang='lat' dir='ltr'>tionis</span> <span class='ocrx_word' id='word_1_144' title='bbox 199 2353 319 2404; x_wconf 85' lang='lat' dir='ltr'>molibus</span> <span class='ocrx_word' id='word_1_145' title='bbox 333 2355 528 2420; x_wconf 80' lang='lat' dir='ltr'>opprimantur.</span> <span class='ocrx_word' id='word_1_146' title='bbox 547 2355 640 2406; x_wconf 91' lang='lat' dir='ltr'>Prohi-</span> 
     </span>
     <span class='ocr_line' id='line_1_30' title="bbox 109 2421 638 2496; baseline 0.015 -23"><span class='ocrx_word' id='word_1_147' title='bbox 109 2421 197 2475; x_wconf 76' lang='lat' dir='ltr'>bentur</span> <span class='ocrx_word' id='word_1_148' title='bbox 210 2441 275 2492; x_wconf 85' lang='lat' dir='ltr'>ergo</span> <span class='ocrx_word' id='word_1_149' title='bbox 287 2427 413 2494; x_wconf 88' lang='lat' dir='ltr'>discipuli</span> <span class='ocrx_word' id='word_1_150' title='bbox 426 2444 490 2478; x_wconf 87' lang='lat' dir='ltr'>eum</span> <span class='ocrx_word' id='word_1_151' title='bbox 501 2430 638 2496; x_wconf 78' lang='lat' dir='ltr'>evangeli-</span> 
     </span>
     <span class='ocr_line' id='line_1_31' title="bbox 110 2497 638 2567; baseline 0.011 -23"><span class='ocrx_word' id='word_1_152' title='bbox 110 2507 160 2544; x_wconf 77' lang='lat' dir='ltr'>zare</span> <span class='ocrx_word' id='word_1_153' title='bbox 185 2497 234 2546; x_wconf 89' lang='lat' dir='ltr'>Dei</span> <span class='ocrx_word' id='word_1_154' title='bbox 257 2498 369 2559; x_wconf 88' lang='lat' dir='ltr'>Filium,</span> <span class='ocrx_word' id='word_1_155' title='bbox 398 2510 431 2549; x_wconf 84' lang='lat' dir='ltr'>ut</span> <span class='ocrx_word' id='word_1_156' title='bbox 454 2501 638 2567; x_wconf 63' lang='lat' dir='ltr'>evangelizent</span> 
     </span>
     <span class='ocr_line' id='line_1_32' title="bbox 112 2567 636 2628; baseline 0.013 -14"><span class='ocrx_word' id='word_1_157' title='bbox 112 2575 194 2628; x_wconf 84' lang='lat' dir='ltr'>postea</span> <span class='ocrx_word' id='word_1_158' title='bbox 224 2567 391 2620; x_wconf 85' lang='lat' dir='ltr'>crucifixum.</span> <span class='ocrx_word' id='word_1_159' title='bbox 420 2570 484 2620; x_wconf 87' lang='lat' dir='ltr'>Haec</span> <span class='ocrx_word' id='word_1_160' title='bbox 509 2580 550 2620; x_wconf 85' lang='lat' dir='ltr'>est</span> <span class='ocrx_word' id='word_1_161' title='bbox 574 2570 636 2621; x_wconf 89' lang='lat' dir='ltr'>fidei</span> 
     </span>
     <span class='ocr_line' id='line_1_33' title="bbox 109 2633 635 2706; baseline 0.019 -24"><span class='ocrx_word' id='word_1_162' title='bbox 109 2633 194 2698; x_wconf 81' lang='lat' dir='ltr'>gloria,</span> <span class='ocrx_word' id='word_1_163' title='bbox 221 2637 247 2687; x_wconf 89' lang='lat' dir='ltr'>si</span> <span class='ocrx_word' id='word_1_164' title='bbox 272 2653 338 2689; x_wconf 77' lang='lat' dir='ltr'>vere</span> <span class='ocrx_word' id='word_1_165' title='bbox 366 2639 500 2706; x_wconf 80' lang='lat' dir='ltr'>intelligas</span> <span class='ocrx_word' id='word_1_166' title='bbox 529 2656 635 2692; x_wconf 86' lang='lat' dir='ltr'>crucem</span> 
     </span>
     <span class='ocr_line' id='line_1_34' title="bbox 108 2702 636 2761; baseline 0.017 -9"><span class='ocrx_word' id='word_1_167' title='bbox 108 2702 212 2756; x_wconf 77' lang='lat' dir='ltr'>Christi.</span> <span class='ocrx_word' id='word_1_168' title='bbox 241 2707 310 2758; x_wconf 74' lang='lat' dir='ltr'>Alie</span> <span class='ocrx_word' id='word_1_169' title='bbox 338 2724 430 2760; x_wconf 86' lang='lat' dir='ltr'>cruces</span> <span class='ocrx_word' id='word_1_170' title='bbox 461 2709 533 2760; x_wconf 89' lang='lat' dir='ltr'>nihil</span> <span class='ocrx_word' id='word_1_171' title='bbox 566 2711 636 2761; x_wconf 88' lang='lat' dir='ltr'>mihi</span> 
     </span>
     <span class='ocr_line' id='line_1_35' title="bbox 109 2779 637 2839; baseline 0.015 -15"><span class='ocrx_word' id='word_1_172' title='bbox 109 2786 229 2839; x_wconf 83' lang='lat' dir='ltr'>prosunt3</span> <span class='ocrx_word' id='word_1_173' title='bbox 245 2779 304 2828; x_wconf 79' lang='lat' dir='ltr'>sola</span> <span class='ocrx_word' id='word_1_174' title='bbox 312 2794 378 2829; x_wconf 83' lang='lat' dir='ltr'>crux</span> <span class='ocrx_word' id='word_1_175' title='bbox 386 2779 490 2830; x_wconf 78' lang='lat' dir='ltr'>Christi</span> <span class='ocrx_word' id='word_1_176' title='bbox 502 2780 572 2831; x_wconf 89' lang='lat' dir='ltr'>mihi</span> <span class='ocrx_word' id='word_1_177' title='bbox 586 2781 637 2831; x_wconf 86' lang='lat' dir='ltr'>uti·</span> 
     </span>
     <span class='ocr_line' id='line_1_36' title="bbox 107 2844 636 2920; baseline 0.013 -25"><span class='ocrx_word' id='word_1_178' title='bbox 107 2844 137 2896; x_wconf 86' lang='lat' dir='ltr'>lis</span> <span class='ocrx_word' id='word_1_179' title='bbox 162 2858 209 2899; x_wconf 83' lang='lat' dir='ltr'>est.</span> <span class='ocrx_word' id='word_1_180' title='bbox 232 2850 267 2899; x_wconf 83' lang='lat' dir='ltr'>Et</span> <span class='ocrx_word' id='word_1_181' title='bbox 286 2866 348 2900; x_wconf 73' lang='lat' dir='ltr'>vete</span> <span class='ocrx_word' id='word_1_182' title='bbox 369 2851 455 2912; x_wconf 85' lang='lat' dir='ltr'>utilis,</span> <span class='ocrx_word' id='word_1_183' title='bbox 479 2854 536 2904; x_wconf 79' lang='lat' dir='ltr'>Per</span> <span class='ocrx_word' id='word_1_184' title='bbox 556 2869 636 2920; x_wconf 76' lang='lat' dir='ltr'>quam</span> 
     </span>
     <span class='ocr_line' id='line_1_37' title="bbox 107 2918 635 2990; baseline 0.019 -23"><span class='ocrx_word' id='word_1_185' title='bbox 107 2918 167 2969; x_wconf 70' lang='lat' dir='ltr'>milti</span> <span class='ocrx_word' id='word_1_186' title='bbox 180 2921 294 2971; x_wconf 78' lang='lat' dir='ltr'>mundus</span> <span class='ocrx_word' id='word_1_187' title='bbox 307 2923 458 2989; x_wconf 71' lang='lat' dir='ltr'>crunfixus</span> <span class='ocrx_word' id='word_1_188' title='bbox 474 2932 524 2987; x_wconf 81' lang='lat' dir='ltr'>est,</span> <span class='ocrx_word' id='word_1_189' title='bbox 539 2933 567 2976; x_wconf 82' lang='lat' dir='ltr'>et</span> <span class='ocrx_word' id='word_1_190' title='bbox 582 2939 635 2990; x_wconf 76' lang='lat' dir='ltr'>ego</span> 
     </span>
     <span class='ocr_line' id='line_1_38' title="bbox 108 2992 637 3052; baseline 0.015 -12"><span class='ocrx_word' id='word_1_191' title='bbox 108 2992 214 3042; x_wconf 70' lang='lat' dir='ltr'>mdo!</span> <span class='ocrx_word' id='word_1_192' title='bbox 228 2993 256 3042; x_wconf 89' lang='lat' dir='ltr'>Si</span> <span class='ocrx_word' id='word_1_193' title='bbox 268 2993 334 3043; x_wconf 89' lang='lat' dir='ltr'>mihi</span> <span class='ocrx_word' id='word_1_194' title='bbox 346 2994 489 3047; x_wconf 80' lang='lat' dir='ltr'>crucifixus</span> <span class='ocrx_word' id='word_1_195' title='bbox 502 3006 546 3052; x_wconf 84' lang='lat' dir='ltr'>est</span> <span class='ocrx_word' id='word_1_196' title='bbox 560 3013 637 3048; x_wconf 90' lang='lat' dir='ltr'>mun·</span> 
     </span>
     <span class='ocr_line' id='line_1_39' title="bbox 104 3059 634 3129; baseline 0.013 -17"><span class='ocrx_word' id='word_1_197' title='bbox 104 3059 160 3122; x_wconf 87' lang='lat' dir='ltr'>dus,</span> <span class='ocrx_word' id='word_1_198' title='bbox 177 3063 235 3113; x_wconf 85' lang='lat' dir='ltr'>scio</span> <span class='ocrx_word' id='word_1_199' title='bbox 249 3063 314 3129; x_wconf 84' lang='lat' dir='ltr'>quia</span> <span class='ocrx_word' id='word_1_200' title='bbox 327 3076 450 3118; x_wconf 75' lang='lat' dir='ltr'>mortuus</span> <span class='ocrx_word' id='word_1_201' title='bbox 465 3077 513 3128; x_wconf 78' lang='lat' dir='ltr'>est,</span> <span class='ocrx_word' id='word_1_202' title='bbox 535 3079 562 3119; x_wconf 91' lang='lat' dir='ltr'>et</span> <span class='ocrx_word' id='word_1_203' title='bbox 577 3085 634 3118; x_wconf 88' lang='lat' dir='ltr'>non</span> 
     </span>
     <span class='ocr_line' id='line_1_40' title="bbox 103 3130 636 3204; baseline 0.023 -25"><span class='ocrx_word' id='word_1_204' title='bbox 103 3130 184 3198; x_wconf 78' lang='lat' dir='ltr'>diligo</span> <span class='ocrx_word' id='word_1_205' title='bbox 204 3149 278 3194; x_wconf 87' lang='lat' dir='ltr'>eum,</span> <span class='ocrx_word' id='word_1_206' title='bbox 297 3135 354 3186; x_wconf 83' lang='lat' dir='ltr'>scio</span> <span class='ocrx_word' id='word_1_207' title='bbox 372 3138 437 3202; x_wconf 87' lang='lat' dir='ltr'>quia</span> <span class='ocrx_word' id='word_1_208' title='bbox 459 3139 587 3204; x_wconf 75' lang='lat' dir='ltr'>praeterit,</span> <span class='ocrx_word' id='word_1_209' title='bbox 607 3151 636 3191; x_wconf 87' lang='lat' dir='ltr'>et</span> 
     </span>
     <span class='ocr_line' id='line_1_41' title="bbox 103 3208 635 3276; baseline 0.019 -25"><span class='ocrx_word' id='word_1_210' title='bbox 103 3217 155 3252; x_wconf 91' lang='lat' dir='ltr'>non</span> <span class='ocrx_word' id='word_1_211' title='bbox 170 3219 332 3270; x_wconf 76' lang='lat' dir='ltr'>concupisco</span> <span class='ocrx_word' id='word_1_212' title='bbox 349 3222 421 3267; x_wconf 88' lang='lat' dir='ltr'>eum,</span> <span class='ocrx_word' id='word_1_213' title='bbox 433 3208 489 3259; x_wconf 90' lang='lat' dir='ltr'>scio</span> <span class='ocrx_word' id='word_1_214' title='bbox 501 3209 564 3276; x_wconf 88' lang='lat' dir='ltr'>quia</span> <span class='ocrx_word' id='word_1_215' title='bbox 573 3226 635 3260; x_wconf 82' lang='lat' dir='ltr'>eor-</span> 
     </span>
     <span class='ocr_line' id='line_1_42' title="bbox 102 3276 636 3346; baseline 0.021 -23"><span class='ocrx_word' id='word_1_216' title='bbox 102 3276 201 3338; x_wconf 85' lang='lat' dir='ltr'>mptela</span> <span class='ocrx_word' id='word_1_217' title='bbox 217 3278 354 3328; x_wconf 87' lang='lat' dir='ltr'>consumit</span> <span class='ocrx_word' id='word_1_218' title='bbox 365 3279 436 3330; x_wconf 89' lang='lat' dir='ltr'>hunc</span> <span class='ocrx_word' id='word_1_219' title='bbox 445 3283 594 3346; x_wconf 86' lang='lat' dir='ltr'>mundum;</span> <span class='ocrx_word' id='word_1_220' title='bbox 609 3293 636 3333; x_wconf 90' lang='lat' dir='ltr'>et</span> 
     </span>
     <span class='ocr_line' id='line_1_43' title="bbox 100 3344 636 3416; baseline 0.021 -23"><span class='ocrx_word' id='word_1_221' title='bbox 100 3344 176 3408; x_wconf 81' lang='lat' dir='ltr'>quasi</span> <span class='ocrx_word' id='word_1_222' title='bbox 187 3345 315 3396; x_wconf 84' lang='lat' dir='ltr'>foetidum</span> <span class='ocrx_word' id='word_1_223' title='bbox 329 3349 395 3408; x_wconf 83' lang='lat' dir='ltr'>vito,</span> <span class='ocrx_word' id='word_1_224' title='bbox 407 3352 485 3416; x_wconf 88' lang='lat' dir='ltr'>quasi</span> <span class='ocrx_word' id='word_1_225' title='bbox 498 3353 583 3403; x_wconf 82' lang='lat' dir='ltr'>levem</span> <span class='ocrx_word' id='word_1_226' title='bbox 594 3367 636 3403; x_wconf 85' lang='lat' dir='ltr'>oa-</span> 
     </span>
     <span class='ocr_line' id='line_1_44' title="bbox 98 3415 635 3488; baseline 0.011 -26"><span class='ocrx_word' id='word_1_227' title='bbox 98 3427 155 3473; x_wconf 65' lang='grc' dir='ltr'>τω,</span> <span class='ocrx_word' id='word_1_228' title='bbox 177 3415 256 3480; x_wconf 77' lang='lat' dir='ltr'>qussi</span> <span class='ocrx_word' id='word_1_229' title='bbox 279 3417 435 3470; x_wconf 81' lang='lat' dir='ltr'>nociturum</span> <span class='ocrx_word' id='word_1_230' title='bbox 448 3421 583 3488; x_wconf 78' lang='lat' dir='ltr'>relinquo</span> <span class='ocrx_word' id='word_1_231' title='bbox 597 3437 605 3472; x_wconf 73' lang='grc' dir='ltr'>ε</span> <span class='ocrx_word' id='word_1_232' title='bbox 620 3440 635 3469; x_wconf 79' lang='lat' dir='ltr'>n</span> 
     </span>
     <span class='ocr_line' id='line_1_45' title="bbox 101 3483 337 3538; baseline 0.017 -4"><span class='ocrx_word' id='word_1_233' title='bbox 101 3483 157 3536; x_wconf 77' lang='lat' dir='ltr'>hec</span> <span class='ocrx_word' id='word_1_234' title='bbox 165 3488 337 3538; x_wconf 73' lang='lat' dir='ltr'>Ambrosios.</span> 
     </span>
    </p>

    <p class='ocr_par' dir='ltr' id='par_1_7' title="bbox 92 3558 638 3976">
     <span class='ocr_line' id='line_1_46' title="bbox 130 3558 635 3613; baseline 0.014 -7"><span class='ocrx_word' id='word_1_235' title='bbox 130 3571 163 3606; x_wconf 86' lang='lat' dir='ltr'>ro</span> <span class='ocrx_word' id='word_1_236' title='bbox 181 3558 339 3609; x_wconf 78' lang='lat' dir='ltr'>Gnsrtmutt</span> <span class='ocrx_word' id='word_1_237' title='bbox 368 3576 403 3610; x_wconf 80' lang='lat' dir='ltr'>nr</span> <span class='ocrx_word' id='word_1_238' title='bbox 430 3561 581 3612; x_wconf 69' lang='lat' dir='ltr'>iussorum</span> <span class='ocrx_word' id='word_1_239' title='bbox 601 3579 635 3613; x_wconf 76' lang='lat' dir='ltr'>no</span> 
     </span>
     <span class='ocr_line' id='line_1_47' title="bbox 102 3639 634 3685; baseline 0.017 -10"><span class='ocrx_word' id='word_1_240' title='bbox 102 3639 181 3676; x_wconf 74' lang='lat' dir='ltr'>sinn</span> <span class='ocrx_word' id='word_1_241' title='bbox 195 3643 376 3680; x_wconf 78' lang='lat' dir='ltr'>vocssnonott</span> <span class='ocrx_word' id='word_1_242' title='bbox 393 3647 480 3683; x_wconf 74' lang='lat' dir='ltr'>sonos</span> <span class='ocrx_word' id='word_1_243' title='bbox 496 3648 634 3685; x_wconf 76' lang='lat' dir='ltr'>pirenses.</span> 
     </span>
     <span class='ocr_line' id='line_1_48' title="bbox 99 3696 635 3768; baseline 0.019 -24"><span class='ocrx_word' id='word_1_244' title='bbox 99 3721 128 3732; x_wconf 90' lang='lat'>-</span> <span class='ocrx_word' id='word_1_245' title='bbox 144 3696 257 3747; x_wconf 76' lang='lat' dir='ltr'>Modum</span> <span class='ocrx_word' id='word_1_246' title='bbox 269 3711 362 3749; x_wconf 84' lang='lat' dir='ltr'>autem</span> <span class='ocrx_word' id='word_1_247' title='bbox 375 3702 531 3768; x_wconf 82' lang='lat' dir='ltr'>alloquendi</span> <span class='ocrx_word' id='word_1_248' title='bbox 555 3714 583 3754; x_wconf 87' lang='lat' dir='ltr'>ot</span> <span class='ocrx_word' id='word_1_249' title='bbox 601 3705 635 3753; x_wconf 85' lang='lat' dir='ltr'>ad</span> 
     </span>
     <span class='ocr_line' id='line_1_49' title="bbox 100 3764 634 3834; baseline 0.019 -20"><span class='ocrx_word' id='word_1_250' title='bbox 100 3764 246 3817; x_wconf 82' lang='lat' dir='ltr'>Ecclesiam</span> <span class='ocrx_word' id='word_1_251' title='bbox 270 3784 301 3818; x_wconf 86' lang='lat' dir='ltr'>ac</span> <span class='ocrx_word' id='word_1_252' title='bbox 324 3769 408 3821; x_wconf 82' lang='lat' dir='ltr'>tidem</span> <span class='ocrx_word' id='word_1_253' title='bbox 427 3773 551 3834; x_wconf 72' lang='lat' dir='ltr'>vocandi,</span> <span class='ocrx_word' id='word_1_254' title='bbox 576 3774 634 3824; x_wconf 88' lang='lat' dir='ltr'>sive</span> 
     </span>
     <span class='ocr_line' id='line_1_50' title="bbox 98 3834 638 3907; baseline 0.017 -21"><span class='ocrx_word' id='word_1_255' title='bbox 98 3834 228 3898; x_wconf 80' lang='lat' dir='ltr'>Gentiles,</span> <span class='ocrx_word' id='word_1_256' title='bbox 242 3839 300 3890; x_wconf 74' lang='lat' dir='ltr'>n&#39;ve</span> <span class='ocrx_word' id='word_1_257' title='bbox 313 3841 566 3907; x_wconf 67' lang='lat' dir='ltr'>Judaeondescribit</span> <span class='ocrx_word' id='word_1_258' title='bbox 587 3845 638 3896; x_wconf 93' lang='lat' dir='ltr'>hoc</span> 
     </span>
     <span class='ocr_line' id='line_1_51' title="bbox 92 3903 638 3976; baseline 0.024 -22"><span class='ocrx_word' id='word_1_259' title='bbox 92 3903 415 3976; x_wconf 69' lang='lat' dir='ltr'>tumidemamtnostnr,</span> <span class='ocrx_word' id='word_1_260' title='bbox 423 3911 534 3964; x_wconf 78' lang='lat' dir='ltr'>dicens:</span> <span class='ocrx_word' id='word_1_261' title='bbox 544 3933 559 3962; x_wconf 75' lang='lat' dir='ltr'>t</span> <span class='ocrx_word' id='word_1_262' title='bbox 567 3915 638 3967; x_wconf 86' lang='lat' dir='ltr'>Cum</span> 
     </span>
    </p>
   </div>
   <div class='ocr_carea' id='block_1_7' title="bbox 688 423 1240 1982">
    <p class='ocr_par' dir='ltr' id='par_1_8' title="bbox 688 423 1240 1982">
     <span class='ocr_line' id='line_1_52' title="bbox 690 423 1240 490; baseline 0.016 -17"><span class='ocrx_word' id='word_1_263' title='bbox 690 424 776 490; x_wconf 79' lang='lat' dir='ltr'>aliqui</span> <span class='ocrx_word' id='word_1_264' title='bbox 790 441 822 476; x_wconf 81' lang='lat' dir='ltr'>ex</span> <span class='ocrx_word' id='word_1_265' title='bbox 835 427 969 478; x_wconf 81' lang='lat' dir='ltr'>Gentibus</span> <span class='ocrx_word' id='word_1_266' title='bbox 979 438 1111 479; x_wconf 83' lang='lat' dir='ltr'>vocantur</span> <span class='ocrx_word' id='word_1_267' title='bbox 1125 431 1159 479; x_wconf 81' lang='lat' dir='ltr'>od</span> <span class='ocrx_word' id='word_1_268' title='bbox 1174 423 1240 482; x_wconf 68' lang='lat' dir='ltr'>lic-¹</span> 
     </span>
     <span class='ocr_line' id='line_1_53' title="bbox 691 495 1226 564; baseline 0.015 -21"><span class='ocrx_word' id='word_1_269' title='bbox 691 495 809 556; x_wconf 72' lang='lat' dir='ltr'>alesiam,</span> <span class='ocrx_word' id='word_1_270' title='bbox 837 495 875 548; x_wconf 81' lang='lat' dir='ltr'>itt</span> <span class='ocrx_word' id='word_1_271' title='bbox 910 508 1101 564; x_wconf 72' lang='lat' dir='ltr'>praeceptorum</span> <span class='ocrx_word' id='word_1_272' title='bbox 1127 500 1226 551; x_wconf 85' lang='lat' dir='ltr'>seriem</span> 
     </span>
     <span class='ocr_line' id='line_1_54' title="bbox 692 565 1227 634; baseline 0.011 -19"><span class='ocrx_word' id='word_1_273' title='bbox 692 565 808 618; x_wconf 84' lang='lat' dir='ltr'>formare</span> <span class='ocrx_word' id='word_1_274' title='bbox 825 567 964 629; x_wconf 83' lang='lat' dir='ltr'>debemus.</span> <span class='ocrx_word' id='word_1_275' title='bbox 980 580 1011 620; x_wconf 90' lang='lat' dir='ltr'>ut</span> <span class='ocrx_word' id='word_1_276' title='bbox 1033 569 1123 634; x_wconf 87' lang='lat' dir='ltr'>primo</span> <span class='ocrx_word' id='word_1_277' title='bbox 1138 582 1227 621; x_wconf 86' lang='lat' dir='ltr'>unum</span> 
     </span>
     <span class='ocr_line' id='line_1_55' title="bbox 693 639 1227 709; baseline 0.011 -21"><span class='ocrx_word' id='word_1_278' title='bbox 693 639 779 689; x_wconf 90' lang='lat' dir='ltr'>Deum</span> <span class='ocrx_word' id='word_1_279' title='bbox 789 651 923 692; x_wconf 64' lang='lat' dir='ltr'>sudorem</span> <span class='ocrx_word' id='word_1_280' title='bbox 937 641 1033 692; x_wconf 87' lang='lat' dir='ltr'>mundi</span> <span class='ocrx_word' id='word_1_281' title='bbox 1046 642 1227 709; x_wconf 87' lang='lat' dir='ltr'>omniumque</span> 
     </span>
     <span class='ocr_line' id='line_1_56' title="bbox 692 714 1227 781; baseline 0.015 -20"><span class='ocrx_word' id='word_1_282' title='bbox 692 727 751 762; x_wconf 90' lang='lat' dir='ltr'>esse</span> <span class='ocrx_word' id='word_1_283' title='bbox 767 714 910 764; x_wconf 84' lang='lat' dir='ltr'>doceamus</span> <span class='ocrx_word' id='word_1_284' title='bbox 924 731 932 764; x_wconf 77' lang='lat' dir='ltr'>t</span> <span class='ocrx_word' id='word_1_285' title='bbox 946 715 979 765; x_wconf 76' lang='lat' dir='ltr'>Ia</span> <span class='ocrx_word' id='word_1_286' title='bbox 992 730 1046 781; x_wconf 79' lang='lat' dir='ltr'>quo</span> <span class='ocrx_word' id='word_1_287' title='bbox 1063 715 1185 779; x_wconf 75' lang='lat' dir='ltr'>vivims,</span> <span class='ocrx_word' id='word_1_288' title='bbox 1200 722 1227 769; x_wconf 74' lang='lat' dir='ltr'>sl</span> 
     </span>
     <span class='ocr_line' id='line_1_57' title="bbox 693 787 1227 854; baseline 0.015 -22"><span class='ocrx_word' id='word_1_289' title='bbox 693 799 834 848; x_wconf 70' lang='lat' dir='ltr'>inorme,</span> <span class='ocrx_word' id='word_1_290' title='bbox 849 792 878 835; x_wconf 82' lang='lat' dir='ltr'>et</span> <span class='ocrx_word' id='word_1_291' title='bbox 890 800 999 849; x_wconf 55' lang='lat' dir='ltr'>sumun-</span> <span class='ocrx_word' id='word_1_292' title='bbox 1011 787 1090 854; x_wconf 79' lang='lat' dir='ltr'>cujus</span> <span class='ocrx_word' id='word_1_293' title='bbox 1103 794 1128 838; x_wconf 82' lang='lat' dir='ltr'>et</span> <span class='ocrx_word' id='word_1_294' title='bbox 1139 802 1227 853; x_wconf 70' lang='lat' dir='ltr'>genes</span> 
     </span>
     <span class='ocr_line' id='line_1_58' title="bbox 688 859 1227 926; baseline 0.013 -20"><span class='ocrx_word' id='word_1_295' title='bbox 688 871 792 920; x_wconf 54' lang='lat' dir='ltr'>sumu,</span> <span class='ocrx_word' id='word_1_296' title='bbox 810 868 907 908; x_wconf 86' lang='lat' dir='ltr'>utnon</span> <span class='ocrx_word' id='word_1_297' title='bbox 926 859 1017 909; x_wconf 84' lang='lat' dir='ltr'>solum</span> <span class='ocrx_word' id='word_1_298' title='bbox 1039 871 1148 926; x_wconf 87' lang='lat' dir='ltr'>propter</span> <span class='ocrx_word' id='word_1_299' title='bbox 1165 877 1227 913; x_wconf 88' lang='lat' dir='ltr'>mu-</span> 
     </span>
     <span class='ocr_line' id='line_1_59' title="bbox 693 928 1227 988; baseline 0.013 -12"><span class='ocrx_word' id='word_1_300' title='bbox 693 942 757 976; x_wconf 83' lang='lat' dir='ltr'>nera</span> <span class='ocrx_word' id='word_1_301' title='bbox 782 928 850 979; x_wconf 88' lang='lat' dir='ltr'>lucis</span> <span class='ocrx_word' id='word_1_302' title='bbox 874 939 900 980; x_wconf 86' lang='lat' dir='ltr'>et</span> <span class='ocrx_word' id='word_1_303' title='bbox 926 928 997 988; x_wconf 81' lang='lat' dir='ltr'>vitre,</span> <span class='ocrx_word' id='word_1_304' title='bbox 1020 946 1113 980; x_wconf 79' lang='lat' dir='ltr'>verum</span> <span class='ocrx_word' id='word_1_305' title='bbox 1146 931 1227 983; x_wconf 85' lang='lat' dir='ltr'>etiam</span> 
     </span>
     <span class='ocr_line' id='line_1_60' title="bbox 693 999 1227 1066; baseline 0.011 -20"><span class='ocrx_word' id='word_1_306' title='bbox 693 1009 800 1062; x_wconf 86' lang='lat' dir='ltr'>propter</span> <span class='ocrx_word' id='word_1_307' title='bbox 813 999 996 1065; x_wconf 81' lang='lat' dir='ltr'>cognitionem</span> <span class='ocrx_word' id='word_1_308' title='bbox 1009 1002 1156 1065; x_wconf 85' lang='lat' dir='ltr'>quamdam</span> <span class='ocrx_word' id='word_1_309' title='bbox 1177 1016 1227 1066; x_wconf 80' lang='lat' dir='ltr'>ge-</span> 
     </span>
     <span class='ocr_line' id='line_1_61' title="bbox 692 1068 1228 1135; baseline 0.009 -19"><span class='ocrx_word' id='word_1_310' title='bbox 692 1068 766 1118; x_wconf 89' lang='lat' dir='ltr'>neris</span> <span class='ocrx_word' id='word_1_311' title='bbox 778 1068 932 1135; x_wconf 84' lang='lat' dir='ltr'>diligendus</span> <span class='ocrx_word' id='word_1_312' title='bbox 943 1084 961 1120; x_wconf 77' lang='lat' dir='ltr'>a</span> <span class='ocrx_word' id='word_1_313' title='bbox 977 1070 1056 1120; x_wconf 89' lang='lat' dir='ltr'>nobis</span> <span class='ocrx_word' id='word_1_314' title='bbox 1071 1071 1115 1123; x_wconf 86' lang='lat' dir='ltr'>sit.</span> <span class='ocrx_word' id='word_1_315' title='bbox 1126 1071 1228 1122; x_wconf 85' lang='lat' dir='ltr'>Deinde</span> 
     </span>
     <span class='ocr_line' id='line_1_62' title="bbox 691 1138 1228 1207; baseline 0.011 -19"><span class='ocrx_word' id='word_1_316' title='bbox 691 1138 849 1203; x_wconf 84' lang='lat' dir='ltr'>opinionem</span> <span class='ocrx_word' id='word_1_317' title='bbox 865 1139 939 1190; x_wconf 76' lang='lat' dir='ltr'>illam</span> <span class='ocrx_word' id='word_1_318' title='bbox 956 1156 1017 1207; x_wconf 85' lang='lat' dir='ltr'>quae</span> <span class='ocrx_word' id='word_1_319' title='bbox 1034 1153 1075 1192; x_wconf 91' lang='lat' dir='ltr'>est</span> <span class='ocrx_word' id='word_1_320' title='bbox 1090 1143 1125 1193; x_wconf 88' lang='lat' dir='ltr'>de</span> <span class='ocrx_word' id='word_1_321' title='bbox 1148 1142 1228 1193; x_wconf 87' lang='lat' dir='ltr'>idolis</span> 
     </span>
     <span class='ocr_line' id='line_1_63' title="bbox 691 1209 1230 1277; baseline 0.011 -20"><span class='ocrx_word' id='word_1_322' title='bbox 691 1209 872 1270; x_wconf 74' lang='lat' dir='ltr'>destruamus,</span> <span class='ocrx_word' id='word_1_323' title='bbox 881 1225 916 1261; x_wconf 88' lang='lat' dir='ltr'>eo</span> <span class='ocrx_word' id='word_1_324' title='bbox 927 1211 1002 1276; x_wconf 88' lang='lat' dir='ltr'>quod</span> <span class='ocrx_word' id='word_1_325' title='bbox 1019 1228 1075 1262; x_wconf 91' lang='lat' dir='ltr'>non</span> <span class='ocrx_word' id='word_1_326' title='bbox 1088 1212 1174 1277; x_wconf 86' lang='lat' dir='ltr'>possit</span> <span class='ocrx_word' id='word_1_327' title='bbox 1184 1228 1230 1263; x_wconf 86' lang='lat' dir='ltr'>au-</span> 
     </span>
     <span class='ocr_line' id='line_1_64' title="bbox 691 1279 1229 1348; baseline 0.011 -20"><span class='ocrx_word' id='word_1_328' title='bbox 691 1279 714 1328; x_wconf 87' lang='lat' dir='ltr'>ri</span> <span class='ocrx_word' id='word_1_329' title='bbox 726 1279 884 1346; x_wconf 78' lang='lat' dir='ltr'>argentique</span> <span class='ocrx_word' id='word_1_330' title='bbox 904 1283 947 1332; x_wconf 88' lang='lat' dir='ltr'>vel</span> <span class='ocrx_word' id='word_1_331' title='bbox 958 1281 1026 1348; x_wconf 82' lang='lat' dir='ltr'>ligni</span> <span class='ocrx_word' id='word_1_332' title='bbox 1039 1282 1149 1332; x_wconf 76' lang='lat' dir='ltr'>materia</span> <span class='ocrx_word' id='word_1_333' title='bbox 1172 1283 1229 1334; x_wconf 78' lang='lat' dir='ltr'>tim</span> 
     </span>
     <span class='ocr_line' id='line_1_65' title="bbox 691 1349 1230 1404; baseline 0.011 -6"><span class='ocrx_word' id='word_1_334' title='bbox 691 1349 720 1398; x_wconf 91' lang='lat' dir='ltr'>in</span> <span class='ocrx_word' id='word_1_335' title='bbox 741 1365 770 1401; x_wconf 86' lang='lat' dir='ltr'>se</span> <span class='ocrx_word' id='word_1_336' title='bbox 789 1351 889 1403; x_wconf 79' lang='lat' dir='ltr'>habete</span> <span class='ocrx_word' id='word_1_337' title='bbox 905 1353 1034 1404; x_wconf 86' lang='lat' dir='ltr'>divinam.</span> <span class='ocrx_word' id='word_1_338' title='bbox 1056 1354 1125 1404; x_wconf 91' lang='lat' dir='ltr'>Cum</span> <span class='ocrx_word' id='word_1_339' title='bbox 1142 1369 1230 1404; x_wconf 88' lang='lat' dir='ltr'>unum</span> 
     </span>
     <span class='ocr_line' id='line_1_66' title="bbox 690 1421 1229 1490; baseline 0.011 -20"><span class='ocrx_word' id='word_1_340' title='bbox 690 1421 777 1472; x_wconf 87' lang='lat' dir='ltr'>Deum</span> <span class='ocrx_word' id='word_1_341' title='bbox 791 1438 849 1473; x_wconf 86' lang='lat' dir='ltr'>esse</span> <span class='ocrx_word' id='word_1_342' title='bbox 863 1424 1037 1489; x_wconf 84' lang='lat' dir='ltr'>persuaseris.</span> <span class='ocrx_word' id='word_1_343' title='bbox 1051 1435 1116 1475; x_wconf 87' lang='lat' dir='ltr'>tunc</span> <span class='ocrx_word' id='word_1_344' title='bbox 1128 1425 1229 1490; x_wconf 81' lang='lat' dir='ltr'>judicio</span> 
     </span>
     <span class='ocr_line' id='line_1_67' title="bbox 689 1494 1230 1562; baseline 0.006 -19"><span class='ocrx_word' id='word_1_345' title='bbox 689 1494 748 1557; x_wconf 85' lang='lat' dir='ltr'>ejus</span> <span class='ocrx_word' id='word_1_346' title='bbox 758 1504 861 1546; x_wconf 80' lang='lat' dir='ltr'>astrues</span> <span class='ocrx_word' id='word_1_347' title='bbox 876 1512 924 1562; x_wconf 89' lang='lat' dir='ltr'>per</span> <span class='ocrx_word' id='word_1_348' title='bbox 938 1496 1078 1548; x_wconf 85' lang='lat' dir='ltr'>Christum</span> <span class='ocrx_word' id='word_1_349' title='bbox 1092 1495 1170 1547; x_wconf 87' lang='lat' dir='ltr'>nobis</span> <span class='ocrx_word' id='word_1_350' title='bbox 1184 1511 1230 1546; x_wconf 85' lang='lat' dir='ltr'>sa·</span> 
     </span>
     <span class='ocr_line' id='line_1_68' title="bbox 690 1565 1231 1634; baseline 0.009 -21"><span class='ocrx_word' id='word_1_351' title='bbox 690 1565 774 1614; x_wconf 86' lang='lat' dir='ltr'>lutem</span> <span class='ocrx_word' id='word_1_352' title='bbox 787 1565 886 1626; x_wconf 73' lang='lat' dir='ltr'>damni,</span> <span class='ocrx_word' id='word_1_353' title='bbox 902 1566 1038 1632; x_wconf 87' lang='lat' dir='ltr'>incipiens</span> <span class='ocrx_word' id='word_1_354' title='bbox 1052 1568 1085 1617; x_wconf 90' lang='lat' dir='ltr'>ab</span> <span class='ocrx_word' id='word_1_355' title='bbox 1098 1567 1153 1618; x_wconf 92' lang='lat' dir='ltr'>illis</span> <span class='ocrx_word' id='word_1_356' title='bbox 1169 1581 1231 1634; x_wconf 77' lang='lat' dir='ltr'>que</span> 
     </span>
     <span class='ocr_line' id='line_1_69' title="bbox 689 1636 1230 1702; baseline 0.007 -17"><span class='ocrx_word' id='word_1_357' title='bbox 689 1636 772 1700; x_wconf 82' lang='lat' dir='ltr'>gessit</span> <span class='ocrx_word' id='word_1_358' title='bbox 785 1637 814 1686; x_wconf 91' lang='lat' dir='ltr'>in</span> <span class='ocrx_word' id='word_1_359' title='bbox 838 1653 957 1702; x_wconf 86' lang='lat' dir='ltr'>corpore,</span> <span class='ocrx_word' id='word_1_360' title='bbox 970 1638 1051 1688; x_wconf 88' lang='lat' dir='ltr'>etiam</span> <span class='ocrx_word' id='word_1_361' title='bbox 1065 1638 1160 1688; x_wconf 76' lang='lat' dir='ltr'>divina</span> <span class='ocrx_word' id='word_1_362' title='bbox 1178 1638 1230 1689; x_wconf 86' lang='lat' dir='ltr'>de-</span> 
     </span>
     <span class='ocr_line' id='line_1_70' title="bbox 689 1707 1231 1774; baseline 0.009 -20"><span class='ocrx_word' id='word_1_363' title='bbox 689 1707 863 1765; x_wconf 78' lang='lat' dir='ltr'>scribenS‚&#39;ut</span> <span class='ocrx_word' id='word_1_364' title='bbox 875 1709 1026 1774; x_wconf 86' lang='lat' dir='ltr'>plusquam</span> <span class='ocrx_word' id='word_1_365' title='bbox 1040 1709 1124 1759; x_wconf 81' lang='lat' dir='ltr'>homo</span> <span class='ocrx_word' id='word_1_366' title='bbox 1137 1708 1231 1759; x_wconf 61' lang='lat' dir='ltr'>vida-</span> 
     </span>
     <span class='ocr_line' id='line_1_71' title="bbox 690 1775 1228 1841; baseline 0.009 -17"><span class='ocrx_word' id='word_1_367' title='bbox 690 1786 743 1834; x_wconf 84' lang='lat' dir='ltr'>tur,</span> <span class='ocrx_word' id='word_1_368' title='bbox 760 1775 860 1826; x_wconf 83' lang='lat' dir='ltr'>victam</span> <span class='ocrx_word' id='word_1_369' title='bbox 876 1777 960 1841; x_wconf 74' lang='lat' dir='ltr'>hujus</span> <span class='ocrx_word' id='word_1_370' title='bbox 986 1778 1086 1827; x_wconf 87' lang='lat' dir='ltr'>virtute</span> <span class='ocrx_word' id='word_1_371' title='bbox 1101 1788 1228 1839; x_wconf 88' lang='lat' dir='ltr'>mortem,</span> 
     </span>
     <span class='ocr_line' id='line_1_72' title="bbox 691 1848 1230 1916; baseline 0.006 -18"><span class='ocrx_word' id='word_1_372' title='bbox 691 1859 885 1916; x_wconf 86' lang='lat' dir='ltr'>mortuumque</span> <span class='ocrx_word' id='word_1_373' title='bbox 906 1851 941 1900; x_wconf 81' lang='lat' dir='ltr'>ob</span> <span class='ocrx_word' id='word_1_374' title='bbox 967 1848 1061 1900; x_wconf 85' lang='lat' dir='ltr'>inferis</span> <span class='ocrx_word' id='word_1_375' title='bbox 1089 1852 1230 1902; x_wconf 81' lang='lat' dir='ltr'>resuscita-</span> 
     </span>
     <span class='ocr_line' id='line_1_73' title="bbox 690 1919 1231 1982; baseline 0.007 -12"><span class='ocrx_word' id='word_1_376' title='bbox 690 1928 758 1970; x_wconf 88' lang='lat' dir='ltr'>tum.</span> <span class='ocrx_word' id='word_1_377' title='bbox 773 1921 907 1972; x_wconf 80' lang='lat' dir='ltr'>Paulatim</span> <span class='ocrx_word' id='word_1_378' title='bbox 918 1921 992 1971; x_wconf 87' lang='lat' dir='ltr'>enim</span> <span class='ocrx_word' id='word_1_379' title='bbox 1003 1919 1070 1972; x_wconf 83' lang='lat' dir='ltr'>fides</span> <span class='ocrx_word' id='word_1_380' title='bbox 1081 1922 1187 1982; x_wconf 79' lang='lat' dir='ltr'>crescit,</span> <span class='ocrx_word' id='word_1_381' title='bbox 1198 1931 1231 1974; x_wconf 86' lang='lat' dir='ltr'>ut</span> 
     </span>
    </p>
   </div>
   <div class='ocr_carea' id='block_1_8' title="bbox 690 1990 1311 2056">
    <p class='ocr_par' dir='ltr' id='par_1_9' title="bbox 690 1990 1311 2056">
     <span class='ocr_line' id='line_1_74' title="bbox 690 1990 1311 2056; baseline 0.002 -15"><span class='ocrx_word' id='word_1_382' title='bbox 690 2007 752 2041; x_wconf 87' lang='lat' dir='ltr'>cum</span> <span class='ocrx_word' id='word_1_383' title='bbox 762 2007 842 2056; x_wconf 81' lang='lat' dir='ltr'>sopra</span> <span class='ocrx_word' id='word_1_384' title='bbox 856 1992 982 2043; x_wconf 87' lang='lat' dir='ltr'>homines</span> <span class='ocrx_word' id='word_1_385' title='bbox 998 1990 1082 2042; x_wconf 84' lang='lat' dir='ltr'>fuisse</span> <span class='ocrx_word' id='word_1_386' title='bbox 1098 1993 1229 2054; x_wconf 85' lang='lat' dir='ltr'>videatur,</span> <span class='ocrx_word' id='word_1_387' title='bbox 1307 2009 1311 2017; x_wconf 87' lang='lat'><em>·</em></span> 
     </span>
    </p>
   </div>
   <div class='ocr_carea' id='block_1_9' title="bbox 687 2063 1230 3042">
    <p class='ocr_par' dir='ltr' id='par_1_10' title="bbox 687 2063 1230 3042">
     <span class='ocr_line' id='line_1_75' title="bbox 690 2063 1229 2130; baseline 0.007 -19"><span class='ocrx_word' id='word_1_388' title='bbox 690 2063 761 2111; x_wconf 87' lang='lat' dir='ltr'>Deus</span> <span class='ocrx_word' id='word_1_389' title='bbox 777 2068 835 2113; x_wconf 85' lang='lat' dir='ltr'>e&#39;sse</span> <span class='ocrx_word' id='word_1_390' title='bbox 857 2063 989 2114; x_wconf 85' lang='lat' dir='ltr'>credatur.</span> <span class='ocrx_word' id='word_1_391' title='bbox 1005 2063 1072 2130; x_wconf 82' lang='lat' dir='ltr'>Nam</span> <span class='ocrx_word' id='word_1_392' title='bbox 1087 2063 1140 2114; x_wconf 87' lang='lat' dir='ltr'>nisi</span> <span class='ocrx_word' id='word_1_393' title='bbox 1164 2080 1229 2129; x_wconf 85' lang='lat' dir='ltr'>pro-</span> 
     </span>
     <span class='ocr_line' id='line_1_76' title="bbox 691 2133 1229 2200; baseline 0.009 -18"><span class='ocrx_word' id='word_1_394' title='bbox 691 2133 793 2184; x_wconf 88' lang='lat' dir='ltr'>baveris</span> <span class='ocrx_word' id='word_1_395' title='bbox 808 2135 881 2200; x_wconf 89' lang='lat' dir='ltr'>quod</span> <span class='ocrx_word' id='word_1_396' title='bbox 896 2133 982 2185; x_wconf 86' lang='lat' dir='ltr'>facere</span> <span class='ocrx_word' id='word_1_397' title='bbox 996 2134 1041 2185; x_wconf 86' lang='lat' dir='ltr'>illa</span> <span class='ocrx_word' id='word_1_398' title='bbox 1062 2135 1122 2185; x_wconf 91' lang='lat' dir='ltr'>sine</span> <span class='ocrx_word' id='word_1_399' title='bbox 1137 2135 1229 2187; x_wconf 80' lang='lat' dir='ltr'>divina</span> 
     </span>
     <span class='ocr_line' id='line_1_77' title="bbox 689 2205 1229 2273; baseline 0.004 -17"><span class='ocrx_word' id='word_1_400' title='bbox 689 2205 787 2257; x_wconf 87' lang='lat' dir='ltr'>virtute</span> <span class='ocrx_word' id='word_1_401' title='bbox 806 2223 861 2257; x_wconf 93' lang='lat' dir='ltr'>non</span> <span class='ocrx_word' id='word_1_402' title='bbox 875 2207 972 2273; x_wconf 87' lang='lat' dir='ltr'>potuit,</span> <span class='ocrx_word' id='word_1_403' title='bbox 998 2208 1229 2273; x_wconf 86' lang='lat' dir='ltr'>quemadmodum</span> 
     </span>
     <span class='ocr_line' id='line_1_78' title="bbox 691 2277 1230 2343; baseline 0.004 -16"><span class='ocrx_word' id='word_1_404' title='bbox 691 2289 767 2342; x_wconf 84' lang='lat' dir='ltr'>potes</span> <span class='ocrx_word' id='word_1_405' title='bbox 784 2279 898 2343; x_wconf 87' lang='lat' dir='ltr'>probare</span> <span class='ocrx_word' id='word_1_406' title='bbox 913 2278 944 2328; x_wconf 90' lang='lat' dir='ltr'>in</span> <span class='ocrx_word' id='word_1_407' title='bbox 966 2293 999 2329; x_wconf 85' lang='lat' dir='ltr'>eo</span> <span class='ocrx_word' id='word_1_408' title='bbox 1013 2278 1068 2328; x_wconf 84' lang='lat' dir='ltr'>vim</span> <span class='ocrx_word' id='word_1_409' title='bbox 1084 2278 1169 2329; x_wconf 87' lang='lat' dir='ltr'>fuisse</span> <span class='ocrx_word' id='word_1_410' title='bbox 1181 2277 1230 2329; x_wconf 78' lang='lat' dir='ltr'>di·</span> 
     </span>
     <span class='ocr_line' id='line_1_79' title="bbox 691 2349 1230 2402; baseline 0.006 -4"><span class='ocrx_word' id='word_1_411' title='bbox 691 2350 799 2400; x_wconf 79' lang='lat' dir='ltr'>vinnm?</span> <span class='ocrx_word' id='word_1_412' title='bbox 813 2349 872 2400; x_wconf 86' lang='lat' dir='ltr'>Tali</span> <span class='ocrx_word' id='word_1_413' title='bbox 886 2349 1062 2401; x_wconf 71' lang='lat' dir='ltr'>Athenienses</span> <span class='ocrx_word' id='word_1_414' title='bbox 1072 2350 1230 2402; x_wconf 75' lang='lat' dir='ltr'>informavit</span> 
     </span>
     <span class='ocr_line' id='line_1_80' title="bbox 691 2419 1229 2485; baseline 0.006 -16"><span class='ocrx_word' id='word_1_415' title='bbox 691 2431 821 2485; x_wconf 75' lang='lat' dir='ltr'>precepto</span> <span class='ocrx_word' id='word_1_416' title='bbox 852 2421 1017 2484; x_wconf 53' lang='lat' dir='ltr'>Apostolum</span> <span class='ocrx_word' id='word_1_417' title='bbox 1054 2421 1114 2472; x_wconf 73' lang='lat' dir='ltr'>telis</span> <span class='ocrx_word' id='word_1_418' title='bbox 1148 2419 1229 2472; x_wconf 88' lang='lat' dir='ltr'>nobis</span> 
     </span>
     <span class='ocr_line' id='line_1_81' title="bbox 690 2491 1228 2557; baseline 0.006 -17"><span class='ocrx_word' id='word_1_419' title='bbox 690 2493 761 2557; x_wconf 81' lang='lat' dir='ltr'>apud</span> <span class='ocrx_word' id='word_1_420' title='bbox 772 2491 894 2543; x_wconf 85' lang='lat' dir='ltr'>Gentiles</span> <span class='ocrx_word' id='word_1_421' title='bbox 902 2493 970 2542; x_wconf 89' lang='lat' dir='ltr'>ordo</span> <span class='ocrx_word' id='word_1_422' title='bbox 980 2493 1128 2543; x_wconf 81' lang='lat' dir='ltr'>servandus</span> <span class='ocrx_word' id='word_1_423' title='bbox 1137 2502 1187 2543; x_wconf 85' lang='lat' dir='ltr'>est.</span> <span class='ocrx_word' id='word_1_424' title='bbox 1196 2518 1228 2532; x_wconf 86' lang='lat'>·—</span> 
     </span>
     <span class='ocr_line' id='line_1_82' title="bbox 691 2563 1228 2629; baseline 0.004 -17"><span class='ocrx_word' id='word_1_425' title='bbox 691 2565 725 2613; x_wconf 78' lang='lat' dir='ltr'>At</span> <span class='ocrx_word' id='word_1_426' title='bbox 738 2579 802 2613; x_wconf 74' lang='lat' dir='ltr'>vero</span> <span class='ocrx_word' id='word_1_427' title='bbox 822 2578 885 2613; x_wconf 89' lang='lat' dir='ltr'>curn</span> <span class='ocrx_word' id='word_1_428' title='bbox 904 2563 1013 2614; x_wconf 81' lang='lat' dir='ltr'>Judeos</span> <span class='ocrx_word' id='word_1_429' title='bbox 1026 2565 1228 2629; x_wconf 86' lang='lat' dir='ltr'>alloquerentur</span> 
     </span>
     <span class='ocr_line' id='line_1_83' title="bbox 690 2631 1227 2698; baseline 0.006 -16"><span class='ocrx_word' id='word_1_430' title='bbox 690 2632 823 2698; x_wconf 79' lang='lat' dir='ltr'>Apostoli,</span> <span class='ocrx_word' id='word_1_431' title='bbox 835 2632 925 2697; x_wconf 86' lang='lat' dir='ltr'>ipsum</span> <span class='ocrx_word' id='word_1_432' title='bbox 934 2631 1077 2683; x_wconf 85' lang='lat' dir='ltr'>Christum</span> <span class='ocrx_word' id='word_1_433' title='bbox 1087 2647 1144 2684; x_wconf 86' lang='lat' dir='ltr'>esse</span> <span class='ocrx_word' id='word_1_434' title='bbox 1151 2632 1227 2685; x_wconf 80' lang='lat' dir='ltr'>dice·</span> 
     </span>
     <span class='ocr_line' id='line_1_84' title="bbox 691 2703 1228 2770; baseline 0.002 -16"><span class='ocrx_word' id='word_1_435' title='bbox 691 2704 765 2763; x_wconf 82' lang='lat' dir='ltr'>bant.</span> <span class='ocrx_word' id='word_1_436' title='bbox 790 2703 838 2769; x_wconf 87' lang='lat' dir='ltr'>qui</span> <span class='ocrx_word' id='word_1_437' title='bbox 868 2703 1035 2770; x_wconf 84' lang='lat' dir='ltr'>propheticis</span> <span class='ocrx_word' id='word_1_438' title='bbox 1059 2705 1138 2756; x_wconf 89' lang='lat' dir='ltr'>nobis</span> <span class='ocrx_word' id='word_1_439' title='bbox 1157 2715 1228 2757; x_wconf 81' lang='lat' dir='ltr'>esset</span> 
     </span>
     <span class='ocr_line' id='line_1_85' title="bbox 690 2777 1227 2843; baseline 0.002 -17"><span class='ocrx_word' id='word_1_440' title='bbox 690 2777 839 2842; x_wconf 84' lang='lat' dir='ltr'>promissus</span> <span class='ocrx_word' id='word_1_441' title='bbox 849 2777 980 2841; x_wconf 78' lang='lat' dir='ltr'>oraculis3</span> <span class='ocrx_word' id='word_1_442' title='bbox 991 2792 1073 2842; x_wconf 88' lang='lat' dir='ltr'>quem</span> <span class='ocrx_word' id='word_1_443' title='bbox 1085 2793 1139 2827; x_wconf 90' lang='lat' dir='ltr'>non</span> <span class='ocrx_word' id='word_1_444' title='bbox 1151 2777 1227 2843; x_wconf 84' lang='lat' dir='ltr'>prius</span> 
     </span>
     <span class='ocr_line' id='line_1_86' title="bbox 689 2847 1226 2900; baseline 0.006 -3"><span class='ocrx_word' id='word_1_445' title='bbox 689 2863 750 2897; x_wconf 91' lang='lat' dir='ltr'>cum</span> <span class='ocrx_word' id='word_1_446' title='bbox 767 2847 922 2898; x_wconf 78' lang='lat' dir='ltr'>auctoritate</span> <span class='ocrx_word' id='word_1_447' title='bbox 933 2863 982 2898; x_wconf 81' lang='lat' dir='ltr'>sua</span> <span class='ocrx_word' id='word_1_448' title='bbox 994 2847 1044 2897; x_wconf 87' lang='lat' dir='ltr'>Dei</span> <span class='ocrx_word' id='word_1_449' title='bbox 1058 2848 1159 2898; x_wconf 88' lang='lat' dir='ltr'>Filium</span> <span class='ocrx_word' id='word_1_450' title='bbox 1173 2864 1226 2900; x_wconf 85' lang='lat' dir='ltr'>no-</span> 
     </span>
     <span class='ocr_line' id='line_1_87' title="bbox 689 2917 1226 2982; baseline 0.006 -16"><span class='ocrx_word' id='word_1_451' title='bbox 689 2917 837 2976; x_wconf 70' lang='lat' dir='ltr'>minabant,</span> <span class='ocrx_word' id='word_1_452' title='bbox 852 2917 899 2966; x_wconf 84' lang='lat' dir='ltr'>sed</span> <span class='ocrx_word' id='word_1_453' title='bbox 911 2917 1000 2968; x_wconf 85' lang='lat' dir='ltr'>virum</span> <span class='ocrx_word' id='word_1_454' title='bbox 1011 2918 1122 2982; x_wconf 79' lang='lat' dir='ltr'>justum,</span> <span class='ocrx_word' id='word_1_455' title='bbox 1136 2918 1226 2968; x_wconf 80' lang='lat' dir='ltr'>virum</span> 
     </span>
     <span class='ocr_line' id='line_1_88' title="bbox 687 2990 1227 3042; baseline 0.002 -2"><span class='ocrx_word' id='word_1_456' title='bbox 687 3006 703 3040; x_wconf 84' lang='lat' dir='ltr'>a</span> <span class='ocrx_word' id='word_1_457' title='bbox 721 2990 837 3040; x_wconf 87' lang='lat' dir='ltr'>mortuis</span> <span class='ocrx_word' id='word_1_458' title='bbox 849 2991 1016 3041; x_wconf 81' lang='lat' dir='ltr'>suscitattun.</span> <span class='ocrx_word' id='word_1_459' title='bbox 1039 2991 1120 3040; x_wconf 84' lang='lat' dir='ltr'>illum</span> <span class='ocrx_word' id='word_1_460' title='bbox 1136 2991 1227 3042; x_wconf 84' lang='lat' dir='ltr'>vitum</span> 
     </span>
    </p>
   </div>
   <div class='ocr_carea' id='block_1_10' title="bbox 667 3062 1225 3129">
    <p class='ocr_par' dir='ltr' id='par_1_11' title="bbox 667 3062 1225 3129">
     <span class='ocr_line' id='line_1_89' title="bbox 667 3062 1225 3129; baseline 0.005 -17"><span class='ocrx_word' id='word_1_461' title='bbox 667 3064 721 3126; x_wconf 69' lang='lat' dir='ltr'>¹de</span> <span class='ocrx_word' id='word_1_462' title='bbox 737 3077 792 3128; x_wconf 90' lang='lat' dir='ltr'>quo</span> <span class='ocrx_word' id='word_1_463' title='bbox 811 3062 915 3113; x_wconf 89' lang='lat' dir='ltr'>dictum</span> <span class='ocrx_word' id='word_1_464' title='bbox 939 3073 980 3114; x_wconf 89' lang='lat' dir='ltr'>est</span> <span class='ocrx_word' id='word_1_465' title='bbox 1003 3063 1033 3114; x_wconf 88' lang='lat' dir='ltr'>in</span> <span class='ocrx_word' id='word_1_466' title='bbox 1056 3064 1225 3129; x_wconf 85' lang='lat' dir='ltr'>Prophetis:</span> 
     </span>
    </p>
   </div>
   <div class='ocr_carea' id='block_1_11' title="bbox 688 3136 1228 3691">
    <p class='ocr_par' dir='ltr' id='par_1_12' title="bbox 688 3136 1228 3691">
     <span class='ocr_line' id='line_1_90' title="bbox 690 3136 1227 3204; baseline 0.006 -19"><span class='ocrx_word' id='word_1_467' title='bbox 690 3136 780 3186; x_wconf 75' lang='lat' dir='ltr'>Filias</span> <span class='ocrx_word' id='word_1_468' title='bbox 793 3150 868 3186; x_wconf 74' lang='lat' dir='ltr'>meus</span> <span class='ocrx_word' id='word_1_469' title='bbox 884 3150 914 3186; x_wconf 83' lang='lat' dir='ltr'>es</span> <span class='ocrx_word' id='word_1_470' title='bbox 929 3142 966 3198; x_wconf 81' lang='lat' dir='ltr'>tu,</span> <span class='ocrx_word' id='word_1_471' title='bbox 984 3151 1036 3202; x_wconf 75' lang='lat' dir='ltr'>ego</span> <span class='ocrx_word' id='word_1_472' title='bbox 1051 3138 1129 3189; x_wconf 80' lang='lat' dir='ltr'>hodie</span> <span class='ocrx_word' id='word_1_473' title='bbox 1145 3137 1227 3204; x_wconf 76' lang='lat' dir='ltr'>gensi</span> 
     </span>
     <span class='ocr_line' id='line_1_91' title="bbox 688 3206 1228 3274; baseline 0.004 -18"><span class='ocrx_word' id='word_1_474' title='bbox 688 3213 721 3256; x_wconf 84' lang='lat' dir='ltr'>te.</span> <span class='ocrx_word' id='word_1_475' title='bbox 735 3206 774 3256; x_wconf 83' lang='lat' dir='ltr'>Ite</span> <span class='ocrx_word' id='word_1_476' title='bbox 785 3221 860 3272; x_wconf 80' lang='lat' dir='ltr'>ergo,</span> <span class='ocrx_word' id='word_1_477' title='bbox 871 3217 897 3256; x_wconf 87' lang='lat' dir='ltr'>et</span> <span class='ocrx_word' id='word_1_478' title='bbox 905 3216 945 3268; x_wconf 89' lang='lat' dir='ltr'>tu,</span> <span class='ocrx_word' id='word_1_479' title='bbox 959 3208 1105 3274; x_wconf 76' lang='lat' dir='ltr'>adeoque</span> <span class='ocrx_word' id='word_1_480' title='bbox 1119 3207 1228 3258; x_wconf 84' lang='lat' dir='ltr'>difficile</span> 
     </span>
     <span class='ocr_line' id='line_1_92' title="bbox 688 3276 1226 3329; baseline 0 -4"><span class='ocrx_word' id='word_1_481' title='bbox 688 3276 833 3326; x_wconf 87' lang='lat' dir='ltr'>creduntur</span> <span class='ocrx_word' id='word_1_482' title='bbox 847 3277 1003 3328; x_wconf 83' lang='lat' dir='ltr'>auctoritate</span> <span class='ocrx_word' id='word_1_483' title='bbox 1020 3277 1105 3328; x_wconf 85' lang='lat' dir='ltr'>divini</span> <span class='ocrx_word' id='word_1_484' title='bbox 1120 3291 1226 3329; x_wconf 84' lang='lat' dir='ltr'>sermo-</span> 
     </span>
     <span class='ocr_line' id='line_1_93' title="bbox 689 3345 1226 3413; baseline 0.004 -19"><span class='ocrx_word' id='word_1_485' title='bbox 689 3346 732 3395; x_wconf 90' lang='lat' dir='ltr'>nis</span> <span class='ocrx_word' id='word_1_486' title='bbox 746 3346 867 3408; x_wconf 89' lang='lat' dir='ltr'>addisce;</span> <span class='ocrx_word' id='word_1_487' title='bbox 884 3357 909 3396; x_wconf 90' lang='lat' dir='ltr'>et</span> <span class='ocrx_word' id='word_1_488' title='bbox 921 3346 1088 3413; x_wconf 88' lang='lat' dir='ltr'>promissum</span> <span class='ocrx_word' id='word_1_489' title='bbox 1103 3345 1160 3410; x_wconf 83' lang='lat' dir='ltr'>ejus</span> <span class='ocrx_word' id='word_1_490' title='bbox 1176 3345 1226 3396; x_wconf 87' lang='lat' dir='ltr'>ad-</span> 
     </span>
     <span class='ocr_line' id='line_1_94' title="bbox 688 3418 1224 3485; baseline 0.002 -15"><span class='ocrx_word' id='word_1_491' title='bbox 688 3429 799 3470; x_wconf 81' lang='lat' dir='ltr'>ventum</span> <span class='ocrx_word' id='word_1_492' title='bbox 814 3420 1009 3485; x_wconf 85' lang='lat' dir='ltr'>Prophetarum</span> <span class='ocrx_word' id='word_1_493' title='bbox 1019 3435 1084 3471; x_wconf 87' lang='lat' dir='ltr'>voce</span> <span class='ocrx_word' id='word_1_494' title='bbox 1097 3418 1224 3485; x_wconf 79' lang='lat' dir='ltr'>designa;</span> 
     </span>
     <span class='ocr_line' id='line_1_95' title="bbox 689 3489 1226 3558; baseline 0.004 -19"><span class='ocrx_word' id='word_1_495' title='bbox 689 3491 912 3540; x_wconf 84' lang='lat' dir='ltr'>resurrectionem</span> <span class='ocrx_word' id='word_1_496' title='bbox 935 3507 1044 3558; x_wconf 85' lang='lat' dir='ltr'>quoque</span> <span class='ocrx_word' id='word_1_497' title='bbox 1061 3489 1149 3538; x_wconf 91' lang='lat' dir='ltr'>multo</span> <span class='ocrx_word' id='word_1_498' title='bbox 1164 3499 1226 3541; x_wconf 83' lang='lat' dir='ltr'>tote</span> 
     </span>
     <span class='ocr_line' id='line_1_96' title="bbox 688 3561 1226 3628; baseline 0 -16"><span class='ocrx_word' id='word_1_499' title='bbox 688 3572 854 3627; x_wconf 74' lang='lat' dir='ltr'>compertam</span> <span class='ocrx_word' id='word_1_500' title='bbox 879 3563 1078 3628; x_wconf 77' lang='lat' dir='ltr'>Scripmrarum</span> <span class='ocrx_word' id='word_1_501' title='bbox 1099 3561 1226 3612; x_wconf 87' lang='lat' dir='ltr'>testimo-</span> 
     </span>
     <span class='ocr_line' id='line_1_97' title="bbox 690 3631 1227 3691; baseline 0 -10"><span class='ocrx_word' id='word_1_502' title='bbox 690 3631 745 3682; x_wconf 86' lang='lat' dir='ltr'>niis</span> <span class='ocrx_word' id='word_1_503' title='bbox 759 3632 878 3691; x_wconf 81' lang='lat' dir='ltr'>edoceto,</span> <span class='ocrx_word' id='word_1_504' title='bbox 895 3648 951 3682; x_wconf 86' lang='lat' dir='ltr'>non</span> <span class='ocrx_word' id='word_1_505' title='bbox 966 3631 1092 3682; x_wconf 79' lang='lat' dir='ltr'>usimttm</span> <span class='ocrx_word' id='word_1_506' title='bbox 1105 3647 1166 3681; x_wconf 89' lang='lat' dir='ltr'>cum</span> <span class='ocrx_word' id='word_1_507' title='bbox 1178 3644 1227 3681; x_wconf 88' lang='lat' dir='ltr'>ce·</span> 
     </span>
    </p>
   </div>
   <div class='ocr_carea' id='block_1_12' title="bbox 678 3699 1226 3768">
    <p class='ocr_par' dir='ltr' id='par_1_13' title="bbox 678 3699 1226 3768">
     <span class='ocr_line' id='line_1_98' title="bbox 678 3699 1226 3768; baseline 0.004 -19"><span class='ocrx_word' id='word_1_508' title='bbox 678 3703 765 3762; x_wconf 79' lang='lat' dir='ltr'>teris,</span> <span class='ocrx_word' id='word_1_509' title='bbox 787 3713 817 3754; x_wconf 88' lang='lat' dir='ltr'>ut</span> <span class='ocrx_word' id='word_1_510' title='bbox 841 3703 869 3753; x_wconf 91' lang='lat' dir='ltr'>in</span> <span class='ocrx_word' id='word_1_511' title='bbox 889 3703 949 3768; x_wconf 85' lang='lat' dir='ltr'>ipsa</span> <span class='ocrx_word' id='word_1_512' title='bbox 964 3699 1087 3751; x_wconf 79' lang='lat' dir='ltr'>suscitati</span> <span class='ocrx_word' id='word_1_513' title='bbox 1104 3699 1226 3766; x_wconf 81' lang='lat' dir='ltr'>corporis</span> 
     </span>
    </p>
   </div>
   <div class='ocr_carea' id='block_1_13' title="bbox 690 3771 1226 3991">
    <p class='ocr_par' dir='ltr' id='par_1_14' title="bbox 690 3771 1226 3991">
     <span class='ocr_line' id='line_1_99' title="bbox 690 3771 1226 3825; baseline -0.004 -2"><span class='ocrx_word' id='word_1_514' title='bbox 690 3774 839 3824; x_wconf 87' lang='lat' dir='ltr'>assertione</span> <span class='ocrx_word' id='word_1_515' title='bbox 852 3784 958 3824; x_wconf 73' lang='lat' dir='ltr'>eternae</span> <span class='ocrx_word' id='word_1_516' title='bbox 980 3772 1169 3825; x_wconf 85' lang='lat' dir='ltr'>testimonium</span> <span class='ocrx_word' id='word_1_517' title='bbox 1179 3771 1226 3822; x_wconf 84' lang='lat' dir='ltr'>di-</span> 
     </span>
     <span class='ocr_line' id='line_1_100' title="bbox 690 3844 1226 3910; baseline -0.002 -15"><span class='ocrx_word' id='word_1_518' title='bbox 690 3844 812 3895; x_wconf 84' lang='lat' dir='ltr'>vinitatis</span> <span class='ocrx_word' id='word_1_519' title='bbox 824 3845 956 3910; x_wconf 77' lang='lat' dir='ltr'>acquiras.</span> <span class='ocrx_word' id='word_1_520' title='bbox 973 3845 1044 3895; x_wconf 90' lang='lat' dir='ltr'>Cum</span> <span class='ocrx_word' id='word_1_521' title='bbox 1063 3845 1135 3896; x_wconf 88' lang='lat' dir='ltr'>enim</span> <span class='ocrx_word' id='word_1_522' title='bbox 1151 3851 1226 3894; x_wconf 85' lang='lat' dir='ltr'>cete·</span> 
     </span>
     <span class='ocr_line' id='line_1_101' title="bbox 690 3917 1225 3991; baseline 0 -23"><span class='ocrx_word' id='word_1_523' title='bbox 690 3933 783 3969; x_wconf 78' lang='lat' dir='ltr'>rotoni</span> <span class='ocrx_word' id='word_1_524' title='bbox 796 3932 907 3984; x_wconf 84' lang='lat' dir='ltr'>corpora</span> <span class='ocrx_word' id='word_1_525' title='bbox 917 3919 1119 3991; x_wconf 73' lang='lat' dir='ltr'>coemptipnem</span> <span class='ocrx_word' id='word_1_526' title='bbox 1128 3917 1225 3985; x_wconf 68' lang='lat' dir='ltr'>prola-</span> 
     </span>
    </p>
   </div>
   <div class='ocr_carea' id='block_1_14' title="bbox 0 0 1320 4320">
    <p class='ocr_par' dir='ltr' id='par_1_15' title="bbox 0 0 1320 4320">
     <span class='ocr_line' id='line_1_102' title="bbox 0 0 1320 4320; baseline 0 0"><span class='ocrx_word' id='word_1_527' title='bbox 0 0 1320 4320; x_wconf 95' lang='lat' dir='ltr'> </span> 
     </span>
    </p>
   </div>
  </div>
 </body>
</html>
