2632 4320
364 262 412 316 Itu
426 261 707 316 Resuscunttott
710 264 732 314 E
747 265 882 318 LAZARI.

59 381 127 430 tiam
151 379 205 429 sibi
223 389 340 440 mmet,
355 381 402 430 sod
420 379 512 446 potius
535 392 597 428 mm

61 450 176 502 Christo
189 449 279 511 flente,
302 461 409 516 peccota
424 465 474 501 stre
492 450 597 509 defleat,

59 533 87 574 et
100 523 143 572 sic
156 522 281 572 effectum
297 523 474 588 lacrymarum
493 521 597 572 Christi

59 594 203 660 suscipiet.
220 620 253 631 -
281 596 391 645 Sextum
417 604 457 644 est
473 593 598 660 'proposi-

61 677 120 718 tum
132 666 247 717 cavendi
257 676 365 732 peecata
379 667 408 716 in
422 667 555 726 futurum,
571 675 598 716 et

59 738 112 788 hoc
135 747 247 787 notatur
270 736 299 787 in
325 752 357 789 eo
378 739 452 805 quod
474 737 598 804 precepit

58 811 180 862 moveri
195 810 321 876 lapidem.
342 812 421 862 Tunc
436 812 511 862 enim
527 811 596 877 lapis

59 882 204 949 sepulchro
214 880 327 944 tollitur,
337 898 400 934 cum
413 884 527 934 durities
538 898 598 950 pro-
613 921 616 925 -

60 954 142 1021 positi
159 955 295 1019 peccandi,
309 965 336 1006 et
347 957 433 1007 moles
445 957 523 1007 malae
536 971 597 1006 oon·

59 1025 215 1097 suetudinis
234 1026 269 1076 de
288 1027 369 1076 corde
384 1037 537 1078 amovetur.
557 1027 597 1078 -Et

60 1112 123 1166 eum
138 1097 209 1162 lapis
229 1097 383 1163 deponitur,
405 1108 470 1149 tunc
487 1098 597 1150 imditas

61 1167 198 1219 cadaveris
214 1168 356 1234 detegitur,
368 1171 441 1220 unde
454 1170 522 1220 dixu
530 1171 597 1219 Mar·

60 1239 110 1288 tha
123 1238 267 1300 :.Domitoe‚
278 1238 441 1305 jamsaetet3
458 1240 497 1290 sic
517 1239 596 1289 duri-

59 1309 100 1360 tia
124 1307 214 1358 cordis
240 1319 349 1370 amota,
376 1310 482 1360 ridetur
505 1309 596 1360 vilitas

60 1381 173 1447 peccati,
188 1397 221 1433 ex
230 1397 285 1447 quo
292 1383 419 1448 sequitur
429 1383 525 1448 peccati
535 1383 597 1432 abo

60 1452 184 1517 minatio,
208 1462 236 1503 ct
259 1453 409 1518 coneipitur
425 1453 595 1519 propositum

60 1525 387 1590 ulterius-nonpocoaudi.
398 1551 433 1565 ι·-
443 1526 595 1591 Septimum

60 1595 211 1661 est'gratiae
231 1595 341 1655 infusio,
359 1610 414 1661 qua
438 1595 596 1661 justificatur

60 1669 177 1736 impius3
194 1679 220 1720 et
235 1669 288 1720 hoc
299 1681 407 1720 notetur
423 1686 484 1721 cum
498 1669 596 1722 olama-

60 1740 101 1791 rlt
124 1754 188 1792 uoce
208 1755 320 1806 magna,
340 1741 459 1791 dicens:
477 1743 594 1810 lazare,

61 1811 122 1862 voni
136 1811 231 1876 sorau
245 1813 356 1862 Clmnor
371 1826 487 1878 magnus
506 1813 596 1878 signat

61 1882 265 1932 multitudinem
278 1883 377 1933 divine
392 1883 511 1942 virtutis,
536 1899 596 1950 quae

60 1953 180 2020 exigitur
217 1954 247 2003 in
279 1954 468 2019 justificatione
497 1955 593 2020 impii,

59 2026 135 2092 quia,
159 2026 311 2076 secundum
334 2027 525 2092 Augustinum,
542 2041 596 2076 ma-

59 2102 101 2164 jor
123 2108 171 2148 est
197 2097 351 2163 justificatio
380 2099 478 2164 impii,
509 2114 594 2166 quam

58 2168 161 2220 creatio
184 2169 244 2220 coeli
268 2178 295 2218 et
319 2177 405 2220 terrae.
429 2170 498 2220 Voce
521 2169 594 2220 enim

58 2255 164 2308 mgtta
178 2240 316 2300 clamavit,
332 2241 397 2307 quia
406 2241 515 2292 difficile
530 2257 596 2292 sur-

58 2315 100 2382 git
123 2328 208 2380 quem
240 2314 324 2364 moles
346 2315 424 2365 maloe
449 2325 595 2366 consuetu·

59 2387 134 2437 dinis
153 2385 267 2452 premit;
292 2387 340 2436 sed
363 2397 451 2438 tamen
466 2397 528 2453 post
542 2384 617 2438 mas

59 2472 139 2525 gnam
170 2472 264 2508 vocem
285 2457 397 2524 surgit,
427 2459 456 2507 id
483 2469 523 2509 est
549 2474 596 2526 ρετ

60 2542 187 2595 magnam
209 2527 259 2577 Dei
278 2527 390 2594 gratiam
410 2527 596 2580 vivificaturet

58 2598 232 2663 initientur,
266 2599 333 2648 dum
368 2599 488 2664 poenitet.
512 2600 596 2649 Detur

61 2668 143 2721 etiam
159 2684 207 2734 per
220 2668 272 2718 hoc
279 2669 407 2734 intelligi,
422 2669 497 2735 quod
513 2669 596 2719 Chri-

61 2750 118 2791 stus
139 2749 219 2790 vooat
247 2747 412 2805 peccatorem
437 2739 508 2790 forae
521 2740 596 2790 exire

61 2810 307 2862 &conversatione
320 2809 431 2876 ρεσεετί,
452 2820 478 2860 ετ
498 2811 531 2860 de
549 2827 595 2861 oc-

63 2881 209 2931 cuttuione
236 2880 303 2944 ejus,
320 2895 375 2946 -per
395 2879 595 2931 confessionem

64 2951 211 3004 incimdsm
243 2952 382 3003 sacerdoti.
399 2978 437 2990 ·-·-
462 2953 595 3004 Octavum

64 3038 125 3091 ergo
168 3034 210 3076 est
239 3034 409 3090 peccatorum
443 3023 595 3085 confessio,

65 3110 143 3161 quam
163 3096 237 3145 Deus
258 3094 429 3145 administrat
456 3110 520 3146 voce
540 3096 597 3145 cla·

66 3165 171 3225 muido,
199 3165 234 3215 id
254 3174 294 3215 est
317 3180 415 3232 magna
439 3166 523 3232 gratia
545 3181 597 3216 vo·

68 3237 163 3298 flnd03
180 3245 207 3286 et
224 3236 276 3286 hoc
297 3245 406 3286 notatur
419 3236 448 3286 in
466 3251 508 3300 eo,
523 3237 596 3303 quod

68 3303 179 3357 lazarus
195 3306 297 3372 prodiit
309 3306 344 3356 de
360 3307 516 3372 sepulchro;
531 3323 597 3374 pro-

69 3377 121 3430 dire
139 3380 215 3430 enim
232 3389 272 3430 est
285 3380 318 3429 de
339 3381 441 3431 occulto
457 3397 504 3447 per
529 3397 598 3432 con·

70 3448 209 3503 lusionem
232 3452 333 3507 uenire.
348 3454 400 3504 Sed
423 3454 511 3504 adhuc
535 3469 599 3520 pec-

71 3534 137 3575 tttor
166 3541 223 3575 non
256 3535 296 3576 est
328 3526 444 3576 totaliter
467 3528 598 3594 solutus,

72 3604 208 3663 nmquam
224 3591 396 3662 supemeniit
408 3598 544 3649 absolutio
555 3613 599 3649 sa·

72 3667 192 3729 terdotis3
205 3668 277 3733 quod
295 3666 459 3733 significatur
481 3670 528 3734 ρετΙ
548 3669 600 3719 hoc

73 3738 138 3802 qood
151 3738 257 3804 prodiit
278 3738 384 3804 ligatus
393 3739 477 3805 pedes
495 3747 522 3791 et
539 3755 600 3790 ma-

73 3821 117 3860 mu
142 3809 254 3860 institis.
275 3838 305 3848 -
324 3811 433 3861 Nonum
460 3826 524 3877 ergo
560 3821 601 3862 est

73 3881 265 3933 sacramentalis
279 3881 426 3948 absolut103
437 3897 498 3950 quae
512 3881 600 3950 signi-

1132 276 1181 341 ¹⁴43

650 379 744 431 ficator
757 395 809 447 por
829 384 881 435 huc
900 387 973 452 quod
988 388 1117 441 Christus
1131 394 1182 443 di-

650 453 689 504 xit
716 453 857 521 discipulis
875 474 886 505 z
906 459 1010 511 Solvite
1034 475 1103 514 mm.
1127 465 1183 516 Ρο-

649 525 745 576 tuisset
758 527 870 593 quidem
891 529 1046 584 immediate
1063 535 1182 603 simplici
1262 566 1264 573 =

649 598 730 648 verbo
752 597 899 664 ipsummet
921 604 1033 665 solvere,
1057 606 1127 658 sicut
1140 609 1183 660 ie-

649 669 685 719 cit
698 669 787 735 ipsum
811 671 844 720 de
862 686 1041 726 monumento
1060 679 1182 745 prodire;

649 740 695 789 scd
715 741 801 791 voluit
820 756 884 792 suos
905 743 1052 810 discipulos
1079 749 1106 798 in
1131 752 1184 803 hoc

648 821 832 876 cooperatores
847 813 953 874 lubere,
976 817 1041 880 quia
1060 822 1117 870 vuit
1130 822 1184 874 hoc

649 881 832 932 ministerium
854 886 1036 937 sacerdotibus
1057 905 1183 942 commu-

649 951 747 1004 nicare.
774 953 890 1004 Suscitat
923 956 1016 1016 lesus,
1047 960 1113 1024 quia
1136 977 1185 1027 ρετ

649 1023 768 1089 seipsum
786 1023 904 1075 vivificat
924 1025 1052 1093 interius;
1076 1033 1184 1083 solvunt

648 1093 783 1159 discipuli,
805 1095 872 1161 quia
893 1096 1044 1149 ministerio
1066 1105 1183 1153 sacerdo·

648 1176 706 1216 tum
730 1167 907 1218 absolvuntur
926 1170 1050 1222 vivificati
1071 1189 1079 1222 ε
1099 1175 1184 1225 Clrri-

649 1248 707 1288 stus
717 1237 792 1288 enim
806 1253 894 1302 perse
905 1239 980 1290 intus
988 1241 1113 1302 vivificat,
1130 1245 1183 1295 mi-

648 1308 742 1358 nistris
759 1317 918 1373 potestatem
936 1312 1057 1362 solvendi
1077 1314 1182 1367 tribuit.

648 1380 772 1429 Mortuus
788 1394 852 1445 ergo
874 1382 1019 1446 procedens
1034 1385 1121 1436 adhuc
1146 1387 1182 1437 li-

648 1455 733 1515 gatus
765 1459 805 1499 est
834 1450 967 1502 confitens
987 1454 1078 1505 adhuc
1104 1472 1180 1520 reus,

648 1532 678 1571 ut
697 1530 788 1572 autem
807 1521 981 1573 absolvantur
995 1537 1100 1589 peccata
1115 1528 1184 1592 ejus,

648 1595 783 1646 ministris
800 1596 942 1646 mandatur
966 1609 997 1648 ut
1026 1599 1102 1649 illum
1126 1602 1184 1652 sol-

648 1675 721 1717 vant.
735 1666 812 1715 Sicut
824 1681 888 1730 ergo
902 1667 1037 1717 Dominus
1052 1671 1181 1722 Lazarum

648 1736 794 1795 suscitarit,
819 1737 978 1803 priusquam
1000 1753 1015 1787 a
1041 1740 1183 1806 discipulis

648 1810 811 1871 solveretur3
835 1809 881 1858 sic.
894 1809 923 1858 in
938 1810 1100 1862 contritione
1118 1829 1184 1878 pec-

648 1893 737 1933 catum
749 1882 872 1943 dimittit,
889 1893 915 1932 et
927 1893 1094 1948 peccatorem
1108 1886 1179 1936 vivi—

647 1954 716 2013 ficat,
732 1953 892 2019 priusquam
911 1955 1075 2006 asacerdote
1097 1957 1183 2007 absol-

646 2035 731 2087 vatur,
741 2025 784 2075 cui
799 2035 887 2075 tamen
898 2035 989 2092 postea
1001 2042 1030 2076 se
1044 2030 1183 2081 ostendere

647 2106 762 2147 tenetur.
784 2096 975 2147 —Decimum
1002 2107 1027 2148 et
1053 2099 1182 2151 ultimum
1242 2159 1243 2162 Ἴ

647 2177 698 2235 εει,
717 2166 882 2230 satisfact103
918 2184 979 2235 quoe
1005 2169 1126 2236 signatur
1152 2172 1182 2222 in

648 2240 699 2289 hoc
723 2240 797 2306 quod
825 2240 901 2290 lesus
920 2241 1063 2292 subdidit:
1080 2243 1119 2293 Et
1141 2245 1183 2294 si-

648 2310 703 2360 m'te
719 2324 779 2360 etant
800 2311 884 2360 abire.
906 2311 967 2360 Non
992 2311 1076 2362 dicit:
1092 2313 1183 2364 Facite

648 2397 710 2433 eum
729 2382 949 2448 odsepulchrum
970 2376 1065 2433 redir'e.
1080 2385 1124 2434 Sic
1137 2401 1182 2435 sa-

647 2455 742 2504 cerdos
765 2454 844 2502 debet
869 2453 1053 2518 principaliter
1075 2470 1123 2518 pro
1138 2471 1183 2504 sa-

647 2525 798 2576 tisfactione
819 2524 960 2591 injungere
979 2525 1084 2574 homini
1110 2529 1183 2591 quod

647 2598 680 2648 de
695 2596 838 2661 sepulchro
861 2606 888 2646 et
908 2595 1041 2660 profundo
1059 2608 1183 2660 peccato-

648 2683 709 2718 mm
727 2676 754 2717 et
772 2668 849 2716 malae
877 2665 1082 2716 consuetudinis
1105 2668 1183 2734 longe

648 2741 743 2799 abeat,
771 2748 798 2788 et
818 2738 972 2788 nullatenus
998 2738 1140 2799 recidivet
1157 2751 1183 2790 et

648 2810 765 2876 amplius
785 2826 846 2860 -non
866 2820 963 2875 peccet.
989 2809 1064 2861 Dixit
1086 2810 1181 2861 enim:

648 2882 736 2932 Sinite
757 2881 841 2942 abire,
860 2896 915 2930 non
932 2889 1020 2940 stare,
1034 2882 1076 2931 vel
1099 2882 1183 2946 jacere

647 2953 707 3002 sine
731 2950 862 3001 ,exercitio
888 2949 1039 3015 spirituali·;
1064 2951 1129 3018 quia
1153 2953 1184 3002 in¹

648 3023 696 3072 Dei
720 3020 765 3072 via
785 3029 864 3084 stare,
886 3022 1052 3072 retrocedere
1073 3032 1121 3082 est,
1136 3024 1182 3073 sed

648 3094 727 3144 debet
737 3091 877 3142 ambulare
889 3092 923 3142 de
938 3092 1039 3143 virtute
1056 3093 1084 3143 in
1096 3093 1183 3143 virtu-

651 3173 713 3217 lem.

683 3239 761 3288 toltt
778 3251 860 3287 suasu
877 3251 977 3286 noum
990 3236 1114 3286 Lszsuus
1135 3251 1184 3284 nsi·

649 3323 734 3360 rmus
761 3322 896 3358 uastum
936 3321 1122 3356 raumronuu.
1151 3333 1183 3345 ·-

650 3383 726 3441 ltem,
747 3379 868 3446 mystice,
892 3394 940 3444 per
968 3379 1096 3427 Lanarum
1122 3376 1183 3424 lan-

650 3464 787 3522 guentem,
816 3451 960 3518 significari
989 3450 1069 3500 etiam
1097 3458 1184 3513 potest

651 3541 757 3593 gravem
770 3523 947 3574 tentationem
966 3521 1082 3585 patiens;
1099 3529 1125 3567 et
1133 3527 1185 3583 ρετ

652 3597 709 3661 ejus
731 3609 844 3655 sorores,
860 3606 981 3658 personae
1002 3605 1050 3654 pro
1069 3588 1126 3652 ejus
1144 3589 1184 3638 al·

651 3667 791 3719 leviatione
822 3667 915 3716 devote
945 3663 1083 3713 Christum
1121 3677 1184 3726 pre-

652 3749 760 3799 cantes·
772 3753 832 3804 quae
847 3751 901 3786 non
917 3749 1021 3798 semper
1036 3732 1186 3783 exaudiens

652 3821 710 3873 tur;
724 3809 770 3861 sed
787 3807 847 3858 talis
858 3805 962 3872 patiens
976 3804 1118 3870 aliquando
1132 3811 1185 3869 ’ρετ

652 3891 741 3933 actum
762 3878 857 3947 peccati
882 3876 1003 3928 mortalis
1026 3876 1096 3927 mori
1121 3891 1183 3942 per·
