2632 4320
126 319 161 353 aa

127 418 166 468 sic
191 415 318 480 conspui,
335 423 363 465 et
375 414 414 465 sic
436 414 569 466 invidiose
582 416 661 476 tradi,

128 497 154 539 et
167 486 293 552 iudicari,
311 494 336 535 et
359 484 487 551 crucifigi.
507 487 660 537 Notandum

128 560 210 617 etiam
226 558 299 625 quod
320 558 449 624 gaudium
471 574 603 625 magnum
620 558 664 609 fa·

130 641 206 683 ctum
229 642 268 680 est
291 629 430 694 Apostolis
455 640 482 680 et
509 630 661 695 Prophetis,
693 686 696 691 ,

47 743 61 764 ,
131 719 185 754 non
198 702 287 756 solum
301 701 334 750 de
343 699 577 767 transfiguratione
585 702 664 753 Chri·

131 772 177 832 sti,
190 771 237 843 sed
251 771 341 830 etiam,
368 780 398 821 ut
411 771 477 823 dicit
490 773 616 838 Ephrem,
631 773 664 822 de

132 851 226 894 mutua
238 841 352 901 visione,
370 842 434 907 quia
453 844 595 909 utriusque
608 844 664 893 Te-

131 914 257 967 stamenti
273 914 407 980 principes
430 915 585 981 congregati
600 926 665 966 sunt

132 1003 195 1039 cum
208 987 266 1036 Deo
287 987 433 1037 Abraham.
454 986 569 1038 Videbat
590 988 665 1038 enim

132 1058 253 1122 Moyses,
264 1057 319 1106 dux
332 1057 499 1116 ludaeorum
512 1057 664 1123 principem

132 1129 349 1181 Christianorum
363 1130 491 1194 Petrum,
509 1131 665 1180 considera-

133 1204 180 1252 bat
204 1202 277 1253 Elias
308 1212 398 1252 castus
421 1201 553 1268 virginem
582 1204 665 1254 loan-

133 1290 215 1338 nem;
232 1284 258 1324 ct
271 1285 385 1339 uterque
404 1273 433 1323 in
447 1274 548 1324 Jacobo
571 1275 666 1324 lauda-

133 1345 180 1395 bat
190 1344 312 1409 martyrii
327 1343 509 1409 privilegium.

163 1415 178 1465 5
204 1415 376 1465 Eacmmrro
405 1415 486 1464 Parni
515 1431 543 1465 nr
571 1431 663 1465 nosrs

134 1487 249 1537 Tonsos
266 1501 406 1535 emanans
417 1501 555 1536 vocsnrrs.
569 1515 599 1524 -
611 1487 667 1536 Pe-

134 1565 194 1610 tras
207 1573 269 1609 vero
279 1563 305 1608 et
319 1559 366 1624 qui
378 1572 437 1609 cum
448 1559 496 1610 illo
505 1565 592 1622 mant,
604 1573 669 1624 gra·

133 1629 192 1680 vati
205 1635 284 1679 erant
298 1643 400 1692 somno,
414 1630 534 1695 oppressi
549 1645 564 1679 a
576 1630 669 1696 gloria,

134 1699 200 1766 quia
218 1700 364 1764 splendore
387 1699 670 1766 incomprehensibilis

135 1770 241 1825 deitatis
262 1781 422 1836 premuntur
440 1788 535 1823 sensus
555 1772 669 1823 humaui

135 1843 264 1909 corporis.
275 1844 311 1896 Et
316 1843 478 1910 evigilantes
487 1845 610 1897 uiderunt
618 1860 670 1894 »ra-

129 1917 257 1984 jestetem
273 1917 345 1981 eius3
358 1924 384 1967 et
399 1918 467 1968 dnos
475 1917 558 1976 rima,
569 1918 670 1967 scilicet

136 1989 249 2053 Moysen
259 1999 285 2038 et
299 1988 396 2047 Eliam,
407 2003 478 2053 quos
487 2000 669 2054 cognoverunt

136 2059 269 2125 praedictae
278 2059 406 2111 claritatis
416 2059 605 2111 illustratione.
615 2062 670 2111 Un-

136 2129 169 2179 de
184 2130 280 2195 quaerit
302 2129 460 2180 Ambrosius
475 2145 483 2180 :
498 2148 514 2176 a
525 2130 669 2191 Quomodo

135 2199 259 2264 Apostoli
288 2210 472 2265 cognoverunt
503 2201 616 2266 Moysen
643 2211 669 2250 et

136 2269 234 2328 Ellam,
248 2284 318 2334 quos
336 2285 478 2335 nunquam
494 2270 640 2320 viderunt?
653 2291 668 2319 n

137 2340 171 2391 Et
184 2341 337 2405 respondet,
352 2341 426 2407 quod
441 2356 488 2404 per
502 2341 667 2405 majestatem

136 2426 218 2476 super
231 2427 278 2461 eos
291 2411 460 2475 venientem
475 2411 570 2478 inquo
582 2413 669 2463 innui-

136 2488 190 2541 tur,
208 2482 281 2547 quod
298 2482 326 2532 in
340 2475 431 2533 l'u'tura
450 2483 537 2548 gloria
548 2484 616 2533 alter
626 2485 669 2534 al-

135 2560 234 2612 terum,
246 2568 328 2618 quem
349 2569 489 2619 nunquam
511 2553 588 2614 vidit,
603 2570 669 2620 cog·

138 2634 240 2672 noscet.
267 2624 421 2674 Secundum
451 2625 594 2688 Glossam,
624 2626 671 2676 hic

107 2713 110 2720 ·
136 2692 212 2744 Elias
222 2695 322 2746 dicitur
331 2697 447 2746 eximius
459 2698 667 2763 Prophetarum

137 2764 184 2815 sed
198 2767 336 2816 contrade
351 2766 436 2817 Dauid
455 2766 509 2817 hoc
518 2768 619 2818 dicitur
639 2769 669 2818 in

138 2839 250 2904 prologo
278 2856 361 2906 super
387 2840 557 2901 psalterium,
583 2853 609 2892 et
637 2843 670 2893 de

137 2911 231 2975 Moyse
258 2911 287 2961 in
309 2913 418 2975 Glosra,
435 2927 517 2979 super
536 2913 670 2965 Exodum.

137 2981 174 3032 Et
197 2983 320 3044 solvitur,
342 2985 406 3051 quia
423 2987 531 3052 Moyses
544 2985 596 3036 tuit
610 2987 671 3036 exi-

137 3052 210 3103 mius
233 3055 344 3105 Domini
363 3056 551 3118 familiaritate,
574 3057 671 3124 signo-

137 3141 200 3176 mm
211 3127 377 3187 ostensione,
390 3127 470 3193 Legis
478 3129 671 3194 promulgatio

136 3214 190 3262 ne,
207 3199 278 3249 Elias
295 3200 413 3250 eximius
424 3199 486 3250 ritae
507 3201 669 3261 austeritate,

134 3272 265 3337 arguendi
279 3273 444 3332 auctoritate,
460 3273 523 3323 vitre
531 3273 672 3323 diuturni-

134 3349 203 3407 tate3
224 3342 313 3393 David
323 3342 439 3393 eximius
455 3343 604 3408 prophetias
621 3360 671 3394 su-

134 3413 276 3475 blimitate,
286 3415 359 3482 regia
372 3415 512 3480 dignitate,
523 3424 549 3464 et
562 3417 669 3481 speciali

134 3484 159 3536 ei
178 3485 248 3537 facta
262 3485 452 3552 promissione.
468 3485 545 3536 Tunc
558 3488 667 3549 Petrus,

133 3564 263 3622 tanquam
284 3556 438 3616 ferventior,
468 3557 543 3608 dixit
560 3558 598 3607 ed
619 3560 670 3610 Je-

134 3641 192 3677 sttm
213 3645 224 3678 ε
244 3629 380 3690 Domine,
415 3628 511 3679 bonum
542 3634 588 3678 est
621 3644 671 3679 nos

134 3697 268 3763 lticlesse,
294 3700 397 3751 scilicet
420 3699 449 3749 in
469 3709 571 3757 monte,
588 3711 614 3749 et
640 3700 669 3749 in

134 3770 371 3834 contemplationis
389 3768 538 3820 dulcedine.
561 3769 671 3820 Coelesti

92 3847 106 3871 ⁶
134 3840 209 3893 euim
229 3840 371 3892 dulcedine
396 3850 511 3907 gustata,
535 3839 670 3890 vilescunt

135 3911 240 3963 infima.
253 3911 331 3962 Unde
342 3912 494 3963 Romans:
509 3928 523 3957 n
536 3910 597 3970 Quo
610 3925 670 3961 am-

427 300 603 352 SECUNDAE
617 299 743 350 esuris
757 299 874 351 CAPUT
890 300 938 352 tlt.

715 414 789 480 plius
799 415 863 481 quis
873 415 996 480 degustat
1007 415 1176 466 dulcedinem
1184 415 1252 466 viter

715 487 840 547 emenia,
853 488 1013 553 eoamplius
1023 488 1115 540 omnia
1131 487 1184 538 alis
1205 487 1249 538 ie·

715 560 791 610 stidit
808 560 838 610 in
852 559 965 612 infimis.
979 580 994 608 n
1011 561 1044 612 Si
1059 560 1247 626 vissacims

714 630 757 681 hic
769 630 823 681 tria
840 631 1068 694 sermonumad
1081 632 1248 681 manendum

714 701 813 751 scilicet
842 701 886 751 hie
916 703 1057 764 continue,
1087 702 1135 751 tibi
1159 716 1248 763 rmum,

715 771 814 838 Moysi
829 787 922 833 unum
934 778 960 823 et
973 772 1047 822 Ettae
1061 771 1166 822 unum?
1186 773 1249 822 Non

715 845 901 910 loquebaturd
932 845 1104 895 tabernaculo
1118 861 1170 910 pro
1182 861 1214 896 se
1223 854 1249 896 et

716 914 799 964 sociis
817 915 878 965 suis
897 861 1027 974 liciendo,
1047 916 1124 983 quasi
1145 930 1251 981 suppo·

716 1002 783 1037 neos
798 1002 838 1052 ‘se
855 997 880 1037 et
902 987 992 1038 socios
1019 1003 1092 1048 suos,
1118 998 1249 1054 tanquam

716 1057 871 1122 discipulos,
889 1073 953 1108 cum
967 1057 1095 1123 Magistro
1106 1072 1252 1109 mansimus

717 1127 745 1177 in
759 1142 809 1178 suo
824 1127 1004 1178 tabernaculo
1023 1129 1118 1178 Petrus
1132 1128 1253 1193 optando

718 1199 890 1248 commendat
915 1199 1076 1259 Christum,
1102 1210 1129 1249 et
1159 1214 1188 1249 se
1222 1198 1251 1248 in

718 1282 810 1321 monte
839 1287 948 1322 manere
971 1287 1002 1322 ex
1035 1272 1140 1322 modico
1169 1281 1251 1337 gustu

719 1344 931 1410 participationis
944 1344 1042 1396 futurae
1051 1345 1154 1412 gloriae,
1168 1360 1254 1411 quam

719 1417 748 1466 in
763 1417 874 1468 Christo
887 1418 997 1476 viderat,
1017 1428 1047 1469 ut
1069 1434 1115 1483 per
1129 1418 1181 1467 hoc
1205 1417 1254 1467 di-

719 1503 824 1538 scamus
836 1489 908 1555 quod
925 1489 994 1540 nihil
1019 1490 1054 1540 sit
1072 1489 1181 1540 difficile
1203 1503 1252 1554 pro

719 1559 831 1610 Christo
856 1560 926 1626 pati,
952 1576 1000 1611 nec
1021 1571 1174 1621 tormenta,
1203 1574 1256 1610 nec

719 1647 793 1693 crux,
806 1647 855 1682 nec
869 1648 952 1689 mors,
967 1642 1000 1683 ut
1013 1633 1046 1682 ad
1061 1642 1182 1682 montem
1196 1647 1254 1681 coe·

720 1701 794 1752 lestis
811 1702 902 1768 gloriae
920 1703 1118 1768 perveniamus.
1133 1703 1162 1752 Si
1177 1703 1253 1753 enim

720 1774 859 1825 sensibilis
885 1774 942 1824 visa
966 1774 1066 1825 Christi
1087 1774 1182 1840 gloria,
1214 1773 1254 1822 sic

722 1845 830 1896 Petrum
841 1845 869 1894 in
883 1855 974 1896 monte
994 1844 1218 1911 impressionibus
1228 1852 1259 1893 et

720 1914 932 1981 intemperiebus
956 1916 1080 1978 subjecto
1104 1914 1199 1972 illexit,
1224 1922 1259 1964 ut.

720 1985 818 2037 diceret
837 1987 940 2036 bonum
965 1985 1003 2034 ibi
1030 2000 1157 2044 manere,
1185 1983 1256 2050 quid

720 2056 911 2107 emanandum
923 2065 964 2105 est
979 2055 1014 2105 de
1028 2055 1073 2106 illa
1085 2055 1216 2106 ineffabili
1226 2063 1254 2106 et

720 2125 886 2191 int:lligibili
904 2125 988 2190 gloria
1014 2137 1112 2176 aeterna
1130 2127 1157 2174 in
1173 2125 1252 2185 coelo,

720 2196 767 2246 ubi
783 2196 857 2246 nulla
869 2196 1052 2261 intemperies,
1076 2198 1149 2247 nulla
1175 2212 1258 2262 pere·

721 2266 807 2332 grino
830 2266 1018 2332 impressionis
1042 2267 1177 2326 molestia,
1203 2268 1252 2317 ubi

720 2339 828 2389 nullum
845 2341 957 2398 malum,
980 2340 1028 2389 sed
1048 2355 1131 2389 omne
1151 2340 1255 2389 bonum

719 2411 904 2462 obtinebitur?
940 2412 1017 2462 Unde
1043 2413 1120 2462 Beda
1146 2430 1155 2463 :
1183 2429 1199 2458 a
1228 2413 1255 2463 Ο

719 2491 820 2547 quanta
833 2480 957 2541 felicitas,
969 2482 1068 2531 visioni
1084 2482 1194 2532 deitatis
1207 2481 1255 2531 in-

720 2563 760 2602 ter
773 2553 892 2618 Angelos
905 2554 997 2604 adesse
1010 2563 1149 2618 perpetuo,
1163 2553 1187 2603 si
1197 2562 1254 2602 tan·

720 2634 778 2674 tum
793 2625 980 2676 transformata
1002 2625 1105 2675 Christi
1124 2625 1256 2674 humani-

720 2706 769 2754 tas,
784 2695 955 2762 duorumque
969 2696 1129 2746 Sanctorum
1143 2695 1261 2745 societas

720 2769 754 2817 ad
769 2779 903 2832 punctum
913 2769 981 2826 visa,
992 2769 1116 2825 delectat,
1129 2778 1160 2818 ut
1173 2767 1259 2817 eisne

721 2837 858 2888 discedant
872 2838 969 2888 l‘etrus
984 2849 1110 2903 praestare
1129 2837 1194 2888 velit
1206 2837 1258 2887 ob·

721 2910 865 2976 sequium!
892 2930 906 2958 »
937 2912 1014 2961 Unde
1035 2921 1061 2961 et
1083 2910 1260 2975 Remigius.-

722 2981 808 3030 «Visa
814 2981 926 3031 Domini
940 2982 1086 3045 majestate,
1100 2992 1127 3031 et
1137 2981 1259 3030 duorum

722 3069 872 3115 servorum,
901 3056 995 3106 Petrus
1015 3057 1081 3107 adeo
1110 3055 1261 3107 delectans

722 3136 772 3185 est,
785 3136 817 3176 ut
838 3136 930 3176 cuncta
944 3127 1103 3192 temporalia
1122 3125 1256 3176 oblivioni

722 3199 843 3261 traderet,
869 3208 895 3248 et
908 3198 949 3248 ibi
961 3199 991 3248 in
1006 3207 1165 3263 perpetuum
1176 3199 1260 3248 vellet

722 3286 841 3322 manere.
866 3272 895 3322 Si
922 3282 1012 3322 autem
1039 3273 1132 3322 Petrus
1150 3270 1190 3321 sic
1208 3286 1257 3321 ac·-

721 3348 821 3393 census
843 3353 894 3402 est,
908 3353 1008 3408 quanta
1025 3342 1078 3392 erit
1094 3341 1212 3392 maritas
1231 3351 1259 3392 et

722 3415 836 3465 dulcedo
860 3415 951 3465 videre
974 3417 1077 3480 Regem
1103 3414 1131 3463 in
1158 3414 1257 3464 decore

722 3500 783 3542 suo,
807 3496 835 3535 et
848 3485 977 3536 interesse
989 3485 1078 3534 choris
1091 3485 1255 3535 &umorem

721 3555 846 3606 omnium
862 3566 887 3605 et
898 3554 1079 3620 Angelorum!
1097 3574 1110 3601 n
1122 3555 1180 3605 haec
1198 3556 1261 3606 rte-

721 3627 832 3691 mr'gius.
855 3626 909 3676 Sed
922 3627 1021 3677 errarit
1039 3627 1142 3686 Petrus,
1167 3632 1194 3676 et
1207 3640 1261 3676 ne-

722 3699 824 3749 sciebat
844 3699 909 3764 quid
931 3699 1035 3749 diceet
1055 3698 1109 3748 hoe
1130 3699 1257 3763 petendo,

722 3779 780 3818 tum
794 3768 859 3835 quia
868 3769 898 3818 in
908 3769 951 3819 via
965 3769 1078 3834 patriam
1093 3768 1261 3833 requirebat,

723 3852 750 3890 et
763 3842 892 3892 umbram
902 3840 1000 3892 future
1012 3841 1105 3906 gloriae
1118 3855 1202 3905 quam
1211 3840 1256 3890 vi-

722 3913 804 3974 derat,
828 3928 919 3964 reram
950 3912 1105 3963 estimabat
1129 3912 1259 3977 gloriam,
