2632 4320
200 251 247 301 DE
261 251 528 305 VENTILATIONE
544 248 648 301 AREAE
666 249 700 298 lN
719 251 893 303 EXTREMO
907 250 1051 302 JUDlClO.
1133 249 1183 301 363

512 649 680 721 CAPUT
726 651 755 718 L

207 905 259 973 De
281 903 505 973 ventilatione
526 925 618 972 nreoe
642 903 679 971 in
702 912 858 972 extremo
870 903 1027 994 judicio.

487 1123 630 1186 Matthrei
644 1144 710 1204 cap.
729 1127 782 1186 25.

89 1365 293 1417 1Anvnu1aurn
307 1365 414 1415 Douruo
434 1380 486 1414 cun
505 1365 597 1414 Auem

54 1453 96 1490 urs
109 1454 148 1489 an
160 1454 335 1500 sunrcsunnu,
355 1453 597 1490 comnmnnunrun

56 1525 141 1586 ouuas
161 1525 271 1561 cennas.
295 1539 326 1550 -
352 1511 491 1561 Postremo
516 1509 600 1575 ponit¹

56 1584 164 1651 tertiam
176 1585 345 1651 parabolam,
359 1601 421 1652 quae
436 1583 551 1651 pertinet
561 1586 596 1636 ad

54 1655 166 1717 activos,
188 1665 306 1722 quorum
320 1666 360 1706 est
381 1671 410 1707 se
427 1655 594 1707 exercerem

54 1726 159 1777 actibus
183 1725 376 1777 misericordiae
399 1743 447 1793 pro
475 1742 594 1792 quorum

55 1796 182 1849 exercitio
208 1797 350 1864 vigilantes
379 1798 407 1849 in
427 1799 527 1849 talibus
548 1814 594 1850 re-

56 1869 289 1934 munerabuntur;
305 1869 465 1921 desistentes
474 1880 593 1920 autema

57 1939 158 1991 tatibus
171 1939 432 2000 condemnabuntur,
448 1949 476 1990 et
490 1939 592 1990 descri-

56 2009 94 2060 bit
110 2009 318 2061 ventilationem
331 2026 408 2071 areae,
422 2025 485 2076 quae
502 2009 548 2061 fiet
562 2010 591 2062 in

55 2088 176 2130 extremo
196 2079 305 2145 judicio,
325 2096 355 2131 ac
372 2082 485 2132 modum
505 2081 593 2148 ipsius

55 2148 142 2201 divini
167 2149 272 2215 judicii.
300 2151 340 2202 De
366 2151 418 2202 hoc
445 2151 591 2219 Evangelio

55 2221 120 2276 dicit
136 2224 312 2289 Augustinus
332 2242 341 2276 .·
361 2243 375 2271 a
394 2226 421 2275 Si
443 2225 506 2292 quis
521 2237 591 2277 esset

56 2294 101 2360 qni
125 2295 160 2344 de
186 2303 241 2346 tota
262 2311 335 2346 sacra
357 2296 496 2362 Scriptura
519 2297 590 2349 nihil

54 2367 127 2419 aliud
141 2367 223 2418 sciret
239 2369 291 2419 nisi
306 2369 480 2420 solummodo
495 2370 590 2421 lectio-

56 2453 116 2491 nem
137 2438 219 2489 istam
242 2450 410 2505 praesentem,
430 2441 481 2491 hoc
501 2442 588 2493 solnm

55 2510 107 2562 sibi
122 2510 259 2562 sufficeret
272 2512 437 2572 adsalutem,
452 2512 517 2577 quia
530 2528 591 2562 con-

54 2579 176 2632 tinentur
206 2581 251 2632 hic
274 2581 369 2633 merita
395 2592 421 2632 et
447 2582 589 2643 demerita,

55 2651 166 2715 praemia
193 2661 220 2703 et
247 2653 380 2719 supplicia
405 2653 539 2705 bonorum
563 2665 590 2706 et

55 2722 198 2773 malorum.
217 2742 231 2770 n
248 2723 424 2776 Conditiones
437 2733 527 2775 autern
539 2725 589 2776 Ju-

55 2791 121 2843 dicis
134 2792 163 2842 in
179 2792 232 2843 hoc
243 2794 357 2845 adventu
371 2795 489 2845 secundo
502 2795 589 2862 ponit,

55 2877 100 2926 per
113 2863 272 2929 oppositum
287 2864 475 2915 conditionum
491 2866 547 2932 ejus
561 2866 588 2916 in

54 2932 171 2984 adventu
188 2933 277 2999 primo
292 2951 299 2984 ε
314 2935 387 2985 venit
406 2935 480 2985 enim
501 2935 590 3002 primo

55 3005 83 3057 in
97 3005 262 3068 humilitate,
278 3008 471 3074 Apostolorum
485 3023 590 3075 paupe-

56 3091 116 3128 rum
138 3077 273 3139 societate,
296 3088 322 3128 et
344 3079 453 3145 propria
470 3079 590 3135 infirmi-

55 3156 119 3211 tate;
145 3150 263 3200 secundo
280 3150 370 3200 veniet
389 3150 417 3200 in
442 3151 589 3212 maiestate,

55 3219 220 3285 Angelorum
256 3221 404 3281 societate,
434 3231 460 3271 et
491 3221 590 3286 judicis

54 3287 193 3354 dignitate.
209 3291 299 3341 Veniet
312 3307 376 3358 ergo
394 3291 485 3341 Filius
503 3288 590 3343 homi-

54 3358 103 3422 nis,
129 3359 233 3410 scilicet
252 3361 383 3426 Virginis,
397 3363 430 3412 ad
449 3363 590 3428 judicium,

56 3431 82 3482 in
99 3433 243 3499 majestate
255 3448 314 3497 sua,
329 3435 394 3501 qnia
408 3445 472 3484 tunc
487 3436 589 3500 judica-

54 3512 132 3555 turus
151 3504 291 3570 apparebit
311 3504 340 3555 in
362 3504 449 3556 forma
470 3506 590 3557 hominis

54 3575 183 3640 gloriosa,
193 3577 240 3644 qui
255 3578 284 3627 in
299 3577 388 3643 primo
397 3579 512 3629 adventu
524 3579 591 3644 judi-

55 3649 156 3699 candus
170 3649 295 3715 apparuit
315 3649 345 3699 in
366 3649 454 3700 forma
467 3650 590 3715 passibili

54 3728 82 3770 et
100 3720 221 3772 infirma.
244 3721 320 3771 Unde
339 3722 482 3788 Remigius
503 3740 512 3782 ς
531 3741 545 3768 «
559 3723 589 3773 ln

54 3793 193 3858 majestate
205 3792 312 3843 deitatis
326 3793 491 3859 judicaturus
508 3794 590 3846 adve-

54 3862 121 3926 niet,
142 3862 240 3931 quiin
258 3863 413 3915 humilitate
427 3864 496 3915 servi
515 3865 590 3930 judi-

650 1362 751 1412 candus
763 1362 903 1429 apparuit;
919 1363 1019 1430 itaque,
1040 1364 1185 1415 tradendus

650 1433 677 1482 in
693 1433 817 1499 proximo
827 1435 908 1497 cruci,
925 1435 1059 1500 promittit
1070 1435 1182 1501 gloriam

649 1506 850 1572 triumphantis,
874 1516 907 1557 ut
926 1518 1049 1558 secutura
1063 1510 1185 1560 scandala

649 1577 700 1628 hac
724 1577 905 1643 promissione
928 1590 1132 1644 compensaret,
1159 1591 1184 1630 et

648 1657 678 1698 ut
695 1648 792 1699 melius
815 1648 860 1698 illa
878 1658 1031 1714 paterentur
1049 1649 1184 1715 discipuli,

647 1732 673 1771 et
682 1721 819 1785 libentius,
833 1723 883 1772 sub
894 1732 974 1772 tantae
984 1723 1076 1788 gloriae
1088 1739 1184 1790 exspe-

646 1796 773 1847 ctatione.
789 1815 803 1843 n
818 1796 896 1846 Unde
911 1805 936 1845 et
952 1795 1182 1864 chrysostomus:

647 1883 661 1912 a
674 1865 751 1916 Deus
764 1865 906 1931 manifeste
920 1866 1014 1930 veniet,
1028 1866 1181 1926 manifeste,

645 1937 745 2002 inquit,
761 1953 817 1986 non
835 1937 889 2002 jam
910 1937 1010 1988 celatus
1024 1938 1054 1987 in
1069 1954 1181 2004 corpore

644 2009 713 2061 sicut
726 2019 812 2072 antea,
827 2019 856 2059 ut
870 2009 916 2060 vix
937 2025 999 2061 eum
1016 2011 1096 2062 etiam
1114 2012 1180 2062 boni

645 2089 841 2147 cognoscerent,
853 2081 900 2130 sed
915 2080 1076 2133 manifestus
1086 2083 1114 2132 in
1125 2084 1185 2148 glo-

645 2151 695 2211 ria,
711 2161 743 2202 ut
755 2151 838 2202 etiam
848 2151 912 2200 mali
928 2167 989 2202 eum
1004 2152 1181 2203 confiteantur

646 2223 734 2289 inviti,
754 2224 850 2291 utqui
872 2234 1094 2291 contempserunt
1118 2242 1181 2277 eum

644 2294 673 2344 in
696 2295 859 2356 humilitate,
883 2306 1046 2362 cognoscant
1064 2312 1128 2347 eum
1151 2297 1181 2348 ln

644 2378 788 2432 potestate,
813 2378 839 2418 et
867 2368 914 2434 qui
942 2369 1011 2418 scire
1037 2371 1182 2419 noluerunt

644 2454 726 2504 quam
747 2439 835 2488 dulcis
852 2448 892 2487 est
905 2437 1091 2488 misericordia
1113 2438 1179 2502 ejus,
1228 2468 1233 2480 ι

644 2512 761 2561 sentiant
781 2526 863 2576 quam
886 2509 974 2574 gravis
1003 2519 1044 2559 est
1072 2510 1111 2559 ira
1131 2509 1177 2575 ip-

644 2581 700 2631 sius
729 2597 736 2630 2
761 2599 775 2627 n
808 2581 864 2630 haec
895 2580 1115 2646 chrysostomus.
1147 2580 1178 2630 ln

643 2654 730 2704 forma
757 2668 820 2718 ergo
852 2653 972 2702 humana
1002 2651 1109 2721 veniet,
1145 2662 1176 2702 ut

643 2725 676 2774 ab
698 2723 827 2774 omnibus
845 2723 930 2774 videri
950 2722 1044 2788 possit,
1064 2721 1177 2773 sienim

643 2795 672 2845 in
690 2794 776 2845 forma
793 2793 884 2844 divina
906 2795 1017 2855 veniret,
1039 2809 1095 2843 non
1116 2808 1182 2860 pos-

644 2875 684 2916 set
719 2865 804 2928 videri
834 2880 850 2913 a
882 2864 984 2925 malis,
1020 2864 1084 2931 quia
1119 2864 1181 2916 talis

643 2936 712 2986 visio
747 2951 801 2984 non
838 2945 878 2984 est
910 2934 970 2984 sine
1006 2933 1181 2986 delectatione

644 3009 771 3068 maxima,
793 3023 853 3073 quae
884 3017 949 3058 tunc
973 3023 1029 3058 non
1055 3007 1183 3074 competit

644 3081 698 3141 eis,
722 3091 747 3131 et
772 3080 832 3130 ideo
860 3079 926 3130 dicit
949 3097 956 3130 ι
982 3080 1051 3131 Cum
1077 3081 1181 3132 venerit

642 3153 735 3207 ⁴Filius
752 3152 877 3215 hominis,
892 3152 921 3201 in
935 3151 1068 3203 famulatu
1087 3162 1177 3203 autem

644 3225 701 3289 ejus
735 3223 843 3275 venient
870 3240 967 3275 omnes
995 3223 1092 3289 Angeli
1123 3223 1181 3287 ejus

644 3311 706 3345 cum
726 3311 767 3354 e0,
787 3305 896 3360 propter
913 3294 1016 3345 ludicis
1039 3295 1182 3354 honorem,

644 3376 671 3416 et
689 3376 819 3433 tanquam
840 3376 921 3417 testes
944 3375 1050 3416 actuum
1077 3364 1179 3414 huma-

645 3455 762 3499 norum,
792 3450 818 3492 et
847 3449 1015 3490 exsecutores
1039 3437 1179 3488 sententiae

643 3511 760 3563 ferendae
775 3529 821 3578 per
833 3512 934 3578 ipsum.
951 3510 1028 3562 Unde
1042 3510 1180 3576 Chrysus·

645 3590 751 3635 tomus:
765 3602 778 3631 u
796 3584 893 3634 Omnes
909 3581 983 3632 enim
1002 3581 1105 3647 Angeli
1118 3595 1178 3631 cum

645 3656 703 3721 ipso
715 3657 838 3714 aderunt,
852 3664 979 3704 testantes
989 3663 1016 3703 et
1029 3652 1084 3719 ipsi
1097 3668 1182 3719 quan·

645 3737 703 3776 tum
721 3725 983 3784 administraverunt,
999 3723 1075 3773 missi
1091 3739 1106 3773 a
1122 3723 1180 3775 Do-

645 3795 777 3846 minatore
798 3796 830 3844 ad
852 3795 965 3844 salutem
987 3793 1144 3844 hominum.
1164 3813 1179 3840 n

650 3866 726 3916 Tune
737 3865 839 3916 sedebit
852 3879 932 3930 super
946 3865 1035 3915 sedem
1049 3865 1180 3932 majesta-
