2632 4320
92 275 147 326 404

93 375 216 439 struitur,
242 372 307 441 quia
329 370 414 422 activa
427 370 489 433 vita,
509 371 543 422 de
557 369 627 420 divi-

96 446 149 506 nis,
167 460 215 511 per
236 441 472 507 contemplativam
495 439 627 490 informa-

94 528 148 570 tur.
165 517 243 568 Unde
265 515 348 565 habes
372 513 417 564 hic
438 521 627 580 argumentum

94 599 121 640 et
143 587 273 654 figuram,
305 584 378 651 quod
404 583 628 649 contemplativus

94 675 149 710 non
163 655 318 708 intromittit
328 670 356 705 se
366 655 399 705 de
411 654 516 705 actibus
526 652 628 704 extrin-

96 728 174 788 secis,
192 726 339 779 vindictam
354 725 435 776 etiam
459 740 515 776 non
529 722 628 790 expetit

95 802 128 851 de
153 797 219 864 ipsis
240 797 288 847 Dei
304 796 414 847 offensis
423 813 431 861 ;
446 796 492 846 sed
507 795 569 845 inde
581 794 627 843 in-

95 870 180 922 terius
198 867 290 934 gemit,
314 876 339 917 et
363 881 410 932 per
430 865 579 916 orationem
593 864 626 915 ad

94 941 181 993 Deum
196 955 225 990 se
245 938 385 1001 convertit,
408 952 438 987 ac
465 935 560 986 fortius
581 950 628 1002 per

94 1012 349 1080 contemplationem
364 1009 563 1076 approximans,
585 1008 627 1060 ei·

96 1102 149 1154 que
165 1085 304 1137 adhaerens
322 1083 415 1133 omnia
428 1096 488 1133 suae
507 1080 627 1146 disposi-

94 1157 162 1210 tioni
178 1155 331 1207 committit.
345 1155 377 1205 Et
390 1154 441 1204 hoc
459 1153 492 1202 de
506 1161 626 1218 tempore

95 1230 241 1284 vacationis
270 1228 399 1294 intellige,
428 1242 490 1276 cum
519 1225 626 1291 copiam

95 1303 193 1371 Sponsi
217 1302 297 1352 habet
322 1299 392 1365 apud
419 1314 463 1362 se3
486 1313 548 1349 nam
575 1298 627 1348 ali-

96 1376 202 1442 quando
221 1372 277 1438 ipse
293 1370 518 1436 contemplativus
535 1385 568 1420 ex
581 1385 627 1420 ze·

96 1447 122 1497 lo
138 1445 186 1497 Dei
199 1455 225 1495 et
241 1443 404 1501 animarum,
418 1443 462 1493 vel
473 1441 577 1492 ratione
591 1438 628 1490 of-

96 1517 149 1568 ficii
172 1515 350 1575 imminentis,
371 1514 487 1564 exterius
506 1512 574 1576 exit;
601 1521 628 1563 et

96 1586 223 1639 similiter
243 1587 359 1652 quando,
374 1587 487 1650 Sponso,
503 1593 534 1635 ut
550 1599 627 1634 revo-

96 1668 170 1710 cetur
192 1656 297 1707 avidius
325 1667 351 1706 et
375 1665 498 1706 teneatur
521 1654 626 1715 fortius,

96 1729 129 1779 ad
141 1738 249 1794 tempus
264 1727 410 1787 recedente,
421 1742 476 1775 non
491 1725 571 1777 sentit
580 1741 626 1775 so-

97 1801 158 1852 litas
182 1799 388 1859 consolationes,
414 1798 442 1848 in
463 1798 574 1848 activam
598 1813 628 1848 se

97 1873 209 1930 reducit,
218 1880 248 1920 ut
261 1871 303 1921 vel
313 1869 351 1920 sic
363 1871 469 1936 Sponso
479 1867 627 1920 fructificet.

98 1944 158 1993 Non
180 1941 252 1992 enim
286 1941 360 1990 decet
389 1940 627 2005 contemplatorem

97 2028 155 2064 esse
168 2011 343 2062 desidiosum.
359 2010 428 2060 Hinc
447 2011 527 2061 etiam
542 2019 629 2076 potest

73 2123 76 2127 Α
97 2085 223 2151 colligere
243 2084 316 2149 quod
339 2082 563 2149 contemplativus
584 2098 628 2134 se-

97 2167 199 2207 cretum
214 2155 324 2205 Domini
341 2171 394 2204 non
409 2155 488 2205 debet
503 2156 627 2216 revelare,

98 2227 150 2276 nisi
178 2226 247 2276 forte
262 2224 385 2275 fraternae
412 2225 505 2275 salutis
523 2234 630 2291 urgeret

96 2299 178 2358 zelus,
191 2299 232 2348 vel
255 2312 378 2362 superuae
396 2296 568 2347 revelationis
584 2296 628 2346 di-

96 2378 178 2421 ctaret
190 2367 342 2419 instinctus.
581 2370 586 2381 ¹

128 2443 268 2509 7Joaruus
290 2457 318 2492 nt
339 2441 480 2492 Caatsruu
501 2457 572 2493 atton
595 2458 628 2494 ar

96 2530 269 2566 rarvtaretuu
287 2529 313 2564 at
334 2529 491 2565 concessura.
506 2543 536 2553 -
551 2515 629 2565 Nunc

96 2605 159 2654 ergo
182 2587 308 2654 conspice
339 2588 451 2638 Domini
476 2588 630 2655 benignita-

96 2669 161 2720 tem,
176 2659 314 2725 quomodo
331 2659 459 2709 dilectum
477 2674 558 2708 suum
584 2658 628 2708 di-

96 2730 230 2796 scipulum
271 2729 299 2778 in
332 2729 394 2778 sinu
432 2728 629 2794 supra'pectus

96 2814 177 2850 suum
189 2799 297 2860 retinet;
312 2798 340 2846 in
353 2813 408 2864 quo
421 2808 448 2848 et
460 2813 558 2863 magna
573 2798 628 2849 hu-

95 2868 197 2920 militas
209 2869 265 2932 ejus
279 2866 368 2918 claret.
379 2868 403 2918 O
419 2883 501 2933 quam
512 2869 629 2918 tenerri-

98 2955 144 2990 me
157 2954 185 2990 se
199 2939 316 2989 invicem
337 2938 502 3005 diligebant!
521 2940 554 2990 Et
570 2940 629 2990 ideo

98 3013 131 3062 de
154 3021 261 3077 pectore
284 3018 310 3059 et
325 3010 397 3073 sinu,
413 3010 440 3060 id
464 3020 504 3062 est
527 3022 629 3063 secreto

97 3083 234 3152 sapientiae
249 3082 359 3133 Domini
377 3095 572 3136 sacramentum
591 3086 630 3136 di-

96 3155 216 3208 vinitatis
236 3164 262 3204 et
279 3154 427 3220 specialiter
454 3156 630 3222 Evangelium

98 3228 171 3294 quod
186 3224 302 3292 scripsit,
319 3225 468 3286 hauriebat,
483 3236 509 3277 et
533 3228 630 3280 bibens

97 3297 246 3349 inebriatus
279 3304 327 3347 est.
366 3294 444 3345 Unde
466 3298 630 3351 Anselmus:

98 3389 112 3418 a
128 3370 258 3431 Quisnam
274 3369 319 3419 ille
335 3377 382 3429 est,
398 3384 463 3434 rogo
480 3380 515 3431 te,
525 3371 572 3436 qui
589 3386 631 3421 su·

94 3455 150 3508 pra
160 3447 256 3508 pectus
269 3440 328 3507 ejus
345 3439 471 3503 recubuit,
488 3450 514 3490 et
525 3440 554 3491 in
567 3441 630 3492 sinu

98 3511 156 3579 ejus
180 3519 258 3577 caput
276 3508 403 3561 reclinat?
419 3510 495 3560 Felix
515 3510 631 3576 quicun-

98 3598 152 3649 que
167 3581 256 3634 ele
277 3591 347 3632 certe
367 3596 426 3632 ecce
451 3581 504 3647 jam
528 3581 629 3632 video:

97 3653 213 3706 ioannes
235 3663 276 3704 est
303 3668 402 3703 nomen
426 3653 491 3718 ejus.
508 3654 531 3703 Ο
547 3653 630 3704 Joan-

97 3738 154 3785 nes,
169 3723 235 3790 quid
247 3722 296 3774 tibi
313 3723 475 3784 dulcedinis,
489 3722 555 3789 quid
569 3739 630 3790 gra·

98 3792 142 3844 tiae
156 3804 182 3846 et
208 3794 356 3855 suavitatis,
382 3794 448 3860 quid
472 3793 585 3846 luminis
605 3804 631 3846 et

96 3866 248 3918 devotionis
272 3866 413 3918 hauriebas
426 3868 459 3918 ab
477 3868 523 3919 illo
536 3867 628 3920 fonte?

393 253 566 305 SECUNDAE
582 250 705 301 PARTlS
727 250 844 302 CAPUT
856 251 911 304 LV.

683 367 722 419 lbi
740 374 811 419 certe
828 382 918 419 omnes
941 365 1060 418 thesauri
1073 366 1217 433 sapientiae

681 446 707 491 et
719 439 838 491 scientia
855 439 907 492 Dei
920 436 1070 488 absconditi
1080 442 1144 487 sunt
1151 455 1162 499 ,·
1178 437 1217 488 ibi

681 511 742 561 fons
760 508 964 573 misericordiae3
982 507 1020 558 ibi
1042 505 1217 558 domicilium

682 581 804 648 pietatis;
822 581 860 631 ibi
877 581 953 632 favus
972 590 1078 631 aeternae
1093 578 1216 632 suavita-

681 653 725 703 tis.
755 652 832 702 Unde
850 651 908 711 tibi,
931 667 947 701 o
967 651 1094 712 Joannes,
1121 647 1216 700 omnia

681 723 746 774 ista?
768 723 907 790 Numquid
924 733 954 774 tu
968 720 1113 773 sublimior
1126 721 1215 784 Petro,

681 795 788 846 Andrea
803 795 927 856 sanctior,
940 803 987 844 aut
1000 802 1070 843 certe
1083 791 1216 844 omnibus

679 865 818 931 Apostolis
840 865 996 933 gratiosior?
1020 862 1140 929 Speciale
1163 863 1215 914 hoc

679 936 851 1004 privilegium
871 934 1040 1003 virginitatis,
1054 933 1119 1000 quia
1137 932 1215 1000 virgo

679 1023 708 1058 es
735 1008 834 1058 electus
861 1006 1025 1067 aDomino,
1040 1014 1122 1071 atque
1145 1005 1216 1056 inter

679 1089 780 1130 ceteros
805 1079 892 1145 magis
912 1080 1033 1129 dilectus.
1062 1078 1120 1128 lam
1145 1092 1216 1129 nunc

678 1154 791 1215 exsulta,
812 1153 898 1219 virgo,
923 1153 1018 1203 accede
1046 1150 1170 1217 propius,
1190 1161 1216 1202 et

680 1228 800 1294 aliquam
825 1227 906 1292 huius
926 1226 1080 1277 dulcedinis
1109 1225 1216 1291 portio-

682 1314 744 1349 nem
755 1298 891 1349 vindicare
908 1313 964 1347 non
978 1297 1097 1347 differas.
1110 1297 1140 1347 si
1164 1313 1215 1364 po-

680 1373 749 1424 tiora
766 1389 821 1423 non
837 1382 922 1439 potes,
935 1371 1044 1421 dimitte
1055 1370 1150 1422 loanni
1165 1386 1214 1438 pe-

679 1453 746 1504 ctus,
764 1443 820 1494 ‘ubi
846 1458 875 1494 se
900 1453 962 1493 cum
987 1442 1053 1492 vino
1067 1440 1166 1493 laetitiae
1183 1441 1212 1491 in

679 1516 828 1568 divinitatis
855 1516 1009 1584 cognitione
1035 1514 1162 1580 -inebrian
1180 1525 1211 1566 tu

679 1605 790 1641 currens
814 1591 846 1640 ad
870 1589 1048 1640 humanitatis
1073 1589 1163 1649 ubera,
1172 1587 1214 1638 lac'

679 1661 798 1726 exprime
830 1676 885 1726 quo
931 1659 1062 1711 nutriaris
1085 1676 1092 1709 :
1118 1678 1132 1707 n
1156 1659 1212 1710 haee

679 1732 830 1784 Anselmus.
858 1731 992 1797 Conspice
1028 1731 1112 1782 etiam
1148 1730 1213 1781 alios

679 1803 826 1871 discipulos
863 1804 982 1854 multum
1014 1810 1147 1862 moestos,
1182 1802 1214 1852 ad

681 1875 833 1940 praedictam
852 1889 945 1924 vocem
965 1872 1079 1923 Domini
1101 1888 1156 1922 non
1176 1887 1217 1922 co·

679 1944 818 1995 medentes
829 1959 942 2010 seseque
955 1942 1072 1993 invicem
1087 1941 1217 2008 aspicien-

680 2027 728 2079 tes,
747 2027 774 2068 et
795 2033 875 2084 super
897 2017 940 2067 his
960 2015 1109 2067 consilium
1127 2030 1216 2081 capere

681 2090 838 2141 nescientes.

713 2161 729 2212 8
745 2165 869 2213 Accaara
880 2176 1023 2221 succurat,
1037 2160 1161 2212 Saravus
1179 2175 1215 2210 trt-

680 2249 751 2282 raar
772 2249 798 2283 tu
818 2232 915 2282 Juuau.
927 2261 957 2269 —
971 2232 1040 2282 Cum
1055 2246 1121 2297 ergo
1140 2231 1214 2282 iesus

681 2321 779 2373 panem
806 2304 951 2355 intinctum
984 2302 1060 2354 Judae
1086 2303 1211 2365 dedisset,

677 2382 742 2442 post
751 2374 903 2440 buccellam,
915 2390 962 2441 per
975 2388 1058 2439 quam
1070 2373 1141 2425 vidit
1154 2389 1214 2425 eum

681 2449 865 2515 designatum,
892 2446 1004 2498 intrauit
1033 2445 1160 2497 Satanas
1189 2446 1214 2498 in

681 2533 749 2582 eum,
765 2535 819 2569 non
842 2527 907 2569 tunc
931 2517 1019 2583 primo
1038 2525 1066 2566 et
1087 2517 1122 2566 de
1135 2531 1213 2577 novo,

682 2608 744 2644 eum
755 2594 809 2659 jam
826 2591 964 2642 Christum
982 2589 1058 2656 prius
1076 2590 1215 2642 vendidis-

681 2673 730 2726 set,
742 2665 788 2714 sed
803 2663 835 2713 ad
843 2661 970 2728 amplius,
982 2660 1061 2726 quasi
1074 2661 1214 2728 proprium

681 2751 711 2786 ac
725 2735 778 2786 sibi
792 2735 844 2800 iam
859 2732 988 2784 traditum
1003 2732 1114 2798 plenius
1129 2731 1214 2799 possi·

682 2805 811 2866 dendum,
827 2814 854 2855 et
868 2818 924 2855 suae
937 2803 1061 2854 servituti
1074 2802 1214 2869 subjugan-

683 2879 759 2940 dum,
776 2887 801 2928 et
819 2877 851 2927 ad
869 2890 1036 2943 quaecunque
1047 2875 1131 2926 vellet
1139 2874 1213 2925 noxia

683 2948 784 3015 agenda
802 2946 970 3008 trahendum,
997 2945 1025 2996 in
1052 2961 1137 3012 quem
1157 2953 1212 2995 ante

683 3019 847 3079 introiverat,
866 3017 942 3085 quasi
957 3016 1087 3078 alienum,
1107 3015 1142 3067 ad
1157 3025 1211 3066 ten-

683 3090 796 3140 tandum
809 3098 835 3140 et
845 3087 1043 3154 decipiendum.
1054 3085 1175 3138 Intravit
1186 3084 1208 3134 in

683 3175 750 3224 eum,
770 3169 802 3210 ut
816 3169 903 3211 totum
928 3175 992 3209 eum
1016 3165 1171 3224 occuparet,
1188 3163 1209 3204 ct

672 3232 764 3298 'quem
780 3229 906 3297 malignis
920 3228 1134 3295 cogitationibus
1151 3223 1208 3277 obli·

682 3311 764 3366 garet,
788 3302 842 3367 jam
877 3300 936 3366 ipso
959 3299 1110 3365 impietatis
1136 3307 1207 3363 opere

683 3371 841 3438 possideret.
876 3372 997 3438 Ingratus
1034 3369 1111 3420 enim
1140 3369 1208 3418 bene·

683 3441 806 3494 ficiorum
837 3442 956 3503 Christi,
998 3439 1085 3492 factus
1117 3449 1156 3490 est
1183 3436 1207 3485 iu

682 3521 811 3578 potestate
848 3511 980 3563 daemonis
1013 3509 1102 3577 magis
1135 3519 1208 3576 quam

683 3592 756 3648 ante;
789 3582 858 3635 sicut
897 3581 1045 3650 Apostoli,
1083 3582 1132 3648 qui
1161 3579 1209 3644 iam

684 3665 744 3721 post
792 3655 1015 3706 resurrectionem
1064 3654 1210 3720 acceperant

683 3725 813 3791 Spiritum
838 3727 967 3776 Sanctum
988 3723 1145 3775 insufflante
1166 3720 1211 3771 Do·

684 3797 775 3860 mino,
799 3808 891 3865 postea
915 3798 1015 3849 iterum
1038 3797 1130 3863 ipsum
1156 3792 1209 3859 ple·

684 3869 746 3921 nius
780 3880 938 3936 acceperunt
963 3870 992 3920 in
1021 3869 1064 3921 die
1093 3870 1211 3921 Penteco-
