2632 4320
107 276 155 327 DE
173 276 380 327 OBLATIONE
393 276 523 337 VIDUAE,
533 275 579 326 AC
593 274 765 326 PHARISAEI
776 274 828 326 ἘΓ
844 274 980 327 PUBLIC.
995 277 1102 327 ORAT.
1122 276 1174 328 235

58 393 227 444 continuaret
247 393 367 445 miseria.
390 392 502 443 Etenim
517 408 533 442 a
549 392 592 441 de
645 407 779 450 Qummrr
804 407 940 443 asemona.
976 420 1009 430 —-
1034 393 1177 457 Principes

57 464 195 530 spectione
221 463 340 529 peccavit
361 463 468 531 primus
485 463 589 520 homo,
646 471 734 516 autem
757 465 933 527 sacerdotum,
958 464 1062 514 seilicet
1087 464 1178 529 ponti-

56 546 148 602 petens
171 537 221 587 Dei
256 536 451 603 aequalitatem
479 546 592 602 propter

52 610 107 660 hoc
120 625 212 676 neque
224 625 286 676 quae
298 610 413 661 habebat
427 609 526 659 mansit
538 609 591 659 ha-

56 680 135 741 bens,
151 681 198 731 sed
213 681 247 730 ab
263 681 309 730 his
322 680 504 733 cecidit.Tale
518 678 591 729 enim

55 750 122 817 quid
137 761 179 801 est
193 749 339 816 despectio,
355 752 429 817 quod
438 765 492 801 noo
501 750 591 800 solum

56 823 137 874 nobis
148 823 239 889 adjicit
253 824 446 875 correctionem
460 824 532 883 vita,
545 824 591 873 sed

54 904 80 944 et
102 908 165 961 qute
190 894 322 943 habemus
342 894 484 956 abscindit,
505 904 531 945 et
546 893 591 943 his

54 966 153 1031 officit;
172 967 246 1017 sicut
265 967 408 1018 humilitas
423 984 483 1019 non
500 968 591 1018 solum

52 1054 147 1090 eorum
158 1049 295 1106 quaesunt
308 1039 379 1089 nihil
388 1040 530 1110 abscindit,
543 1040 590 1090 sed

53 1121 78 1163 et
92 1126 155 1179 que
171 1128 228 1163 non
243 1122 312 1162 sunt
324 1112 424 1179 adjicit.
446 1114 522 1165 Hanc
533 1113 591 1163 ita-

52 1201 104 1252 que
117 1186 248 1246 zelcinur,
260 1186 331 1236 hanc
344 1201 548 1252 persequamur,
561 1196 591 1236 ut

54 1265 79 1306 et
104 1256 234 1322 praesenti
258 1256 396 1321 potiamur
422 1256 538 1317 honore,
565 1267 592 1307 et

51 1324 143 1377 futura
157 1326 280 1376 fruamur
291 1326 387 1392 gloria.
405 1345 419 1375 n

84 1394 101 1445 8
118 1394 254 1457 Quosuau
264 1410 373 1446 ursmca
387 1412 422 1446 rr
437 1412 591 1447 nonaum

56 1480 204 1517 stauaoan'r
230 1466 385 1517 Penatsnus
405 1481 440 1516 nr
459 1467 591 1517 Puautcn·

55 1536 124 1588 nusi
150 1565 185 1575 -
209 1537 330 1603 Mystico,
354 1553 402 1604 per
423 1537 590 1589 Pharisaeum

56 1608 183 1661 iudaicus
205 1611 324 1676 populus
350 1611 515 1677 designatur,
541 1612 589 1679 qui

54 1695 83 1731 ex
95 1679 236 1732 beneficiis
249 1682 330 1749 Legis
351 1692 377 1733 et
395 1683 589 1749 Prophetarum

54 1752 197 1818 susceptis,
219 1752 252 1802 de
271 1768 320 1803 sua
336 1753 473 1813 sanctitate
482 1769 590 1821 praesu-

54 1837 131 1873 mens
151 1821 281 1873 Gentiles
309 1824 517 1891 aspernabatur,
542 1841 590 1891 per
608 1824 612 1887 i

51 1890 238 1943 Publicanum
247 1908 312 1943 vero
325 1894 453 1956 Gentilis,
469 1895 517 1963 qui
528 1910 590 1962 pec·
607 1898 612 1941 l

55 1972 108 2015 cata
131 1978 191 2024 sua,
214 1965 353 2029 Apostolis
372 1965 611 2032 predicantibus}

55 2048 257 2101 recognoscens,
270 2035 412 2088 humiliter
425 2054 456 2089 ea
476 2037 590 2088 confite·
607 2034 611 2099 ξ

55 2106 136 2157 batur
152 2124 159 2157 :
175 2116 289 2173 propter
311 2110 384 2175 quod
408 2110 525 2161 Gentilis
545 2108 610 2176 ju-²

55 2175 188 2227 stificatus
211 2186 253 2227 est
273 2194 322 2243 per
343 2178 405 2230 fidei
425 2180 528 2232 Christi
544 2192 610 2243 re-3

56 2246 221 2312 ceptionem,
244 2257 270 2298 et
291 2248 418 2301 iudaicus
445 2248 610 2311 damnatus}

55 2332 99 2383 per
111 2334 194 2371 suam
214 2319 434 2374 obstinationem.
448 2322 527 2374 Unde
540 2325 589 2374 Be·
605 2328 610 2393 ξ

55 2391 111 2443 da:
125 2408 140 2439 a
155 2390 259 2459 Typlce
270 2403 369 2455 autem,
379 2394 535 2446 Pnaxisaeus
549 2406 589 2446 est
605 2398 610 2449 i

55 2462 171 2528 populus
185 2462 349 2524 iudeorum,
374 2465 422 2531 qui
441 2480 474 2516 ex
487 2466 588 2530 justiti·
605 2458 609 2507 ἶ

55 2534 205 2585 cationibus
214 2535 296 2601 Legis
306 2537 410 2588 extollit
421 2538 516 2589 merita
526 2553 588 2604 sua;
605 2548 609 2589 1

645 535 717 597 fices,
730 537 777 603 qui
794 537 981 603 spiritualibus
989 546 1132 603 praeerant,
1154 543 1180 586 et

645 607 759 671 Scriboe,
777 608 825 675 qui
837 609 968 659 doctrinae
982 608 1063 674 Legis
1078 619 1103 658 et
1121 610 1180 657 Pro·

645 680 790 746 phetarum
799 680 984 740 intendebant,
1001 686 1027 729 et
1039 680 1180 744 principes

640 751 739 816 plebis,
756 750 847 818 quiin
868 750 1063 817 temporalibus
1083 751 1179 814 dispo-

641 821 742 872 nendis
767 822 965 889 proesidebant,
992 821 1059 870 moti
1087 831 1179 869 contra

642 891 736 941 Jesum
745 892 848 944 ‘rnridia
856 902 883 944 et
896 906 1015 953 rancore,
1025 891 1179 957 quaerebant

645 977 704 1014 eum
709 967 833 1030 perdere,
845 965 893 1032 qui
905 974 994 1016 tamen
1009 972 1118 1013 venerat
1132 978 1179 1012 eos

644 1035 754 1097 salvare,
773 1038 953 1104 excogitantes
973 1036 1091 1085 diversas
1120 1033 1179 1083 vias

645 1118 672 1158 et
689 1108 786 1159 modos
803 1109 942 1175 quomodo
963 1116 1075 1173 possent
1099 1105 1178 1155 illum

640 1179 773 1230 occidere.
797 1180 877 1231 Unde
900 1178 1059 1230 Beroaldus
1080 1193 1089 1227 .·
1111 1193 1125 1222 n
1153 1176 1177 1225 Ο

643 1251 716 1300 bone
736 1252 810 1312 Jesu,
834 1261 908 1301 totus
933 1249 1052 1300 mundus
1072 1246 1179 1297 videtur

645 1330 738 1371 contra
750 1330 777 1371 te
789 1321 950 1386 conjurasse,
963 1329 989 1371 et
1003 1318 1032 1367 hi
1046 1317 1075 1368 in
1088 1331 1179 1382 perse-

611 1386 614 1391 ’
645 1391 754 1442 cutione
766 1401 812 1441 tua
825 1390 908 1457 primi
930 1400 1003 1451 sunt,
1019 1388 1065 1454 qui
1081 1386 1178 1437 viden—

645 1472 689 1512 tur
703 1476 794 1528 regere
809 1462 951 1527 populum,
964 1459 1080 1525 dirigere
1100 1457 1179 1523 prin-

640 1535 761 1601 cipatum
773 1535 780 1585 l
792 1553 807 1582 n
819 1536 859 1585 Et
867 1549 919 1585 nou
931 1532 1099 1583 inveniebant
1115 1530 1180 1595 quid

638 1606 766 1673 facerent
782 1606 833 1666 tut,
855 1606 883 1655 id
909 1616 950 1657 est
972 1618 1079 1654 causam
1094 1602 1179 1651 ratio-

638 1681 761 1730 nabilem
781 1695 845 1730 eum
861 1678 1010 1738 occidendi,
1028 1691 1092 1726 cum
1109 1685 1179 1724 esset

642 1754 730 1819 justus
739 1762 767 1804 et
774 1751 1028 1813 innocentissimus;
1038 1762 1087 1798 nec
1097 1747 1179 1796 etiam

643 1825 792 1887 audebant,
815 1824 914 1875 timore
937 1821 1032 1889 populi
1054 1837 1064 1896 ².
1085 1818 1179 1869 Omnis

643 1896 712 1947 emm
726 1896 845 1962 populus
870 1907 1016 1960 mspensus
1040 1895 1100 1943 erat
1120 1902 1177 1938 'ert-

643 1969 720 2019 diens
733 1967 818 2030 illum,
840 1973 867 2018 et
889 1965 1077 2017 admirabatur
1095 1974 1177 2026 supcr

643 2039 767 2091 doctrina
778 2039 846 2106 ejus,
859 2038 939 2090 Unde
951 2037 1049 2087 Beda.-
1065 2053 1079 2082 a
1096 2033 1176 2112 Qua-

641 2111 738 2162 rebant
766 2110 844 2162 iilum
869 2108 994 2176 perdere,
1022 2105 1084 2166 rel,
1112 2117 1177 2183 quin

641 2184 761 2249 quotidie
769 2183 883 2234 docebat
890 2183 917 2232 in
925 2180 1037 2248 temp103
1047 2178 1098 2240 vel,
1112 2189 1176 2242 quia

642 2256 760 2307 latrones
784 2256 894 2320 eiecerat
918 2255 951 2305 de
973 2250 1097 2317 temp103
1123 2246 1176 2305 vel,

642 2325 707 2391 quia
719 2326 832 2378 veniens
845 2325 909 2376 illuc
923 2323 1002 2391 quasi
1016 2324 1074 2373 Rex
1086 2328 1112 2368 et
1126 2317 1177 2367 Do-

641 2395 743 2458 minus,
758 2411 774 2447 a
787 2395 953 2447 credentium
970 2393 1051 2444 turba
1068 2389 1176 2466 laudem

641 2466 739 2532 hymni
763 2467 879 2517 coelestis
900 2463 1013 2529 acceplt;
1034 2461 1086 2519 vel,
1112 2472 1176 2523 qula

641 2552 692 2586 suo
705 2536 859 2605 magisterio
882 2536 1012 2601 neglecto,
1033 2530 1125 2597 plures
1141 2527 1175 2575 nd

54 2604 217 2657 Publicianus
241 2621 305 2656 vero
325 2606 445 2659 Gentilis
468 2618 518 2671 est,
540 2610 610 2676 qu'il
641 2624 705 2658 enm
732 2607 896 2659 audiendum
916 2604 1051 2656 confluere
1080 2612 1175 2650 cerne-

53 2675 130 2742 longe
139 2690 159 2727 a
167 2676 228 2727 'Deo
240 2677 362 2742 positus,
374 2677 518 2730 confitetur
528 2695 588 2746 poc·
606 2690 610 2747 l
642 2681 716 2730 bant.
728 2698 745 2727 n
762 2679 816 2733 Ubi
829 2689 854 2730 et
867 2676 1014 2747 Cyriliue:
1031 2692 1046 2721 a
1059 2671 1175 2722 necabat

57 2758 167 2801 catasua
177 2767 185 2800 t
195 2766 314 2817 quorum
325 2768 398 2803 unus
404 2753 588 2819 superbiendo
605 2752 610 2787 ¹
641 2761 741 2811 antem,
755 2768 786 2804 ex
799 2748 844 2802 his
857 2765 918 2817 quae
932 2747 1059 2798 Christus
1071 2742 1174 2793 dixerat

58 2822 344 2886 mmmmm,
357 2826 423 2877 alter
438 2828 588 2879 lamentan-
606 2840 610 2869 ι
642 2833 668 2873 et
688 2823 794 2886 fecerat,
810 2838 873 2874 eum
888 2821 998 2872 adorare
1016 2827 1046 2868 ut
1066 2817 1173 2897 beum3

59 2894 90 2945 do
103 2896 322 2963 appropinquare
334 2899 434 2950 meruit
450 2901 587 2952 exaltatus.
642 2895 688 2944 sed
704 2895 759 2960 ipsi
781 2906 953 2960 nequaquam
972 2890 1024 2940 hoc
1037 2888 1174 2946 facientes,

61 2964 201 3028 lloraliter,
216 2966 248 3017 hi
262 2968 316 3018 duo
337 2969 464 3020 homines
481 2970 588 3037 signant
606 3022 610 3031 ,
642 2965 799 3030 querebant
812 2979 875 3014 eum
891 2961 1019 3013 occidere.
1039 2978 1052 3007 n
1069 2957 1131 3016 Sed,
1146 2966 1176 3006 ut

61 3032 258 3088 universitatem
268 3037 423 3099 hominum,
436 3034 610 3161 scilicet'ju-¹
641 3038 679 3087 ait
706 3038 867 3105 magadae,
892 3036 1058 3100 Redemptor
1085 3039 1176 3081 noster

62 3114 113 3157 stas
124 3106 288 3168 Pharisoeus,
303 3119 330 3159 et
347 3110 446 3176 impioe
459 3111 589 3162 Publica-
634 3106 842 3173 ·praedicationis
864 3106 945 3157 verba
972 3120 1021 3155 nec
1046 3099 1175 3166 indignis,

11 3196 14 3203 ·
64 3190 130 3228 nus:
146 3188 263 3245 uterque
285 3180 384 3231 debent
406 3181 548 3232 ascendere
560 3166 610 3257 in}
642 3194 691 3229 nec
716 3179 829 3246 ingratis
847 3177 991 3230 subtrahit.
1015 3176 1085 3226 Nam
1107 3171 1175 3251 sub-

64 3246 189 3315 templum
210 3250 244 3299 ad
265 3250 408 3311 orandum,
424 3252 525 3319 impius
539 3268 587 3320 pro
605 3260 610 3297 l
641 3250 715 3299 ditur
729 3266 738 3299 ε
753 3250 793 3303 Et
804 3257 865 3302 erat
875 3257 937 3301 tunc
949 3250 1046 3300 docens
1057 3242 1176 3311 quotidie

63 3320 142 3385 reaia,
168 3322 257 3387 justus
282 3336 332 3387 pro
352 3323 559 3389 perseverantia.
573 3344 609 3372 n.
635 3320 668 3369 in
691 3321 795 3386 tonplo,
812 3322 928 3373 reddens
948 3319 1104 3371 eisbonum
1127 3325 1175 3376 pro

65 3385 228 3456 lntemp'lum
245 3401 336 3442 autem
349 3394 498 3459 spirituale,
514 3388 610 3462 quodi
641 3391 722 3440 malo.
751 3391 823 3452 Quia
852 3392 927 3442 e'nim
956 3399 1011 3441 erat
1036 3385 1176 3453 proximus

66 3458 187 3521 erbeus,
205 3462 338 3513 debemus
352 3465 493 3515 aseendore
507 3452 610 3515 oran-i
641 3461 781 3524 Passioni,
812 3462 928 3513 instabat
955 3459 1084 3511 docendo.
1106 3454 1175 3504 Ecce

66 3526 104 3593 do,
125 3530 188 3598 qu'ia
207 3533 359 3583 secundum
381 3514 610 3615 Demaenetum·
642 3532 744 3598 optima
764 3533 955 3597 commutatio,
980 3530 1045 3598 quia
1066 3529 1099 3577 de
1122 3526 1175 3575 do-

67 3599 192 3653 moueat
205 3604 586 3671 ascensusmentisinlleum3
642 3621 688 3655 mo
712 3607 903 3672 negotiationis
925 3605 993 3656 facta
1017 3612 1057 3653 est
1082 3597 1176 3650 schola

69 3672 261 3731 necandum
283 3675 476 3740 angustinum,
502 3622 610 3727 oratio!
643 3676 774 3740 veritatis,
803 3679 935 3744 templum
962 3672 1103 3731 orationis,
1130 3670 1173 3720 lo-

70 3744 177 3819 ttlp'ius
196 3742 307 3796 affectus
330 3747 429 3798 mentis
449 3748 483 3798 in
498 3742 611 3829 Deum}
642 3764 690 3798 cus
711 3748 871 3800 devotionis.
896 3746 950 3798 Ubi
970 3746 1042 3796 idem
1065 3743 1176 3808 Grego-

71 3808 186 3865 daectus.
606 3836 611 3861 ι
642 3821 727 3872 rius:
746 3838 760 3867 a
783 3821 862 3872 Nunc
880 3823 968 3885 usque
989 3817 1078 3884 agitur
1103 3816 1175 3882 quod

96 3882 270 3947 timereris
303 3902 475 3939 sicanoorua
506 3890 589 3940 lason
643 3889 1017 3955 factumfuisseperhibetur;
1030 3886 1176 3938 cumcuim
