2632 4320
151 242 204 308 416

151 376 208 427 me,
240 371 290 412 etc.
318 359 442 412 Praedicit
472 359 546 427 quod
576 360 682 426 passuri

152 452 226 502 sunt,
242 449 272 492 ut
292 456 353 492 cum
375 438 446 505 passi
462 438 563 490 fuerint
582 455 616 491 ne
634 439 683 490 de-

152 525 260 584 sperent
283 516 406 575 salutem,
428 515 474 565 sed
494 524 603 581 agentes
623 529 683 580 poe-

154 586 297 637 nitentiam
330 585 486 636 liberentur.
521 585 683 636 Scandalum

155 658 229 708 enim
250 655 428 706 dubitationis
442 655 513 721 passi
529 664 602 718 sunt,
618 655 684 705 dum

155 728 232 796 quasi
250 726 428 792 impotentem
446 725 541 789 teneri,
555 725 642 790 ligari,
658 736 685 776 et

152 798 214 850 duci
237 797 365 849 viderent.
389 797 425 847 Et
448 797 586 862 signanter
609 796 683 858 dicit,

154 871 287 930 in'nocte,
309 869 374 935 quia
394 868 441 934 qui
457 868 614 918 scandalum
635 882 684 933 pa-

152 941 267 1002 tiuntur,
292 939 318 990 in
344 946 419 990 noete
452 949 478 989 et
505 939 534 988 in
563 938 683 989 tenebris

154 1012 305 1077 sustinent;
328 1023 355 1063 et
375 1011 428 1078 ipsi
448 1011 570 1077 Apostoli
590 1011 618 1061 in
634 1012 684 1063 ad-

152 1085 277 1137 versitate
319 1084 467 1135 Dominum
508 1084 683 1150 reliquerunt.
719 1131 722 1136 .

153 1158 255 1208 Petrus
271 1166 371 1217 autem,
390 1156 453 1221 quia
474 1155 568 1206 ceteris
579 1155 685 1206 ferven-

153 1229 207 1280 tior
219 1238 283 1289 erat,
295 1228 368 1294 quod
381 1228 457 1277 lesus
471 1227 597 1294 praedixit
613 1240 684 1291 prae-

153 1300 279 1360 videndo,
304 1300 361 1364 ipse
386 1299 499 1364 denegat
518 1298 643 1358 amando,
659 1303 685 1347 et

153 1373 324 1439 respondens,
340 1371 402 1421 ait:
418 1370 484 1420 Etsi
497 1384 587 1421 omnes
603 1383 685 1420 sean-

154 1443 268 1510 dalirati
284 1441 392 1507 suerint
417 1441 451 1491 in¹
478 1447 511 1505 te,
532 1455 584 1507 ego
615 1455 684 1491 nun·

153 1530 231 1582 quam
254 1513 472 1581 scandalizabor.
493 1512 622 1564 Infirmus
635 1527 684 1563 vo-

153 1587 255 1636 luntate
287 1584 366 1648 jactat
394 1600 470 1635 suam
492 1585 682 1646 voluntatem;

126 1710 128 1715 Α
153 1655 199 1707 sed
230 1670 284 1704 non
320 1654 391 1705 vires
425 1655 573 1722 cognoscit.
605 1654 684 1705 Unde

154 1727 254 1778 Glossa
266 1743 275 1776 .·
286 1744 299 1772 a
311 1725 443 1776 Conscius
456 1726 550 1776 Petrus
562 1739 683 1791 praesen-

152 1798 188 1849 tis
202 1797 322 1857 affectus,
338 1797 384 1848 sed
404 1798 510 1848 nescius
529 1796 613 1847 futuri
638 1811 683 1846 ca-

152 1883 209 1930 sus,
225 1884 280 1918 non
295 1867 380 1918 credit
395 1883 424 1919 se
436 1868 469 1917 ab
484 1882 515 1917 eo
529 1882 608 1934 posse
622 1864 702 1916 defi-'

154 1956 220 1992 cere.
248 1942 278 1990 ln
302 1950 409 1991 tantum
427 1941 521 1990 Petrus
540 1939 637 1990 affectu
658 1946 684 1989 et

153 2014 261 2064 caritate
283 2012 385 2064 Christi
415 2011 582 2073 efferebatur,
604 2022 635 2062 ut
658 2020 684 2061 et

153 2085 364 2136 imbecillitatem
376 2085 462 2136 carnis
479 2101 545 2146 suae,
563 2094 589 2136 et
602 2084 683 2135 iidem

152 2156 298 2207 verborum
332 2155 433 2207 Christi
462 2172 517 2206 non
542 2165 683 2206 contuere-

154 2235 206 2276 tur.
220 2245 234 2272 n
255 2226 306 2276 Sed
322 2241 376 2274 non
392 2226 532 2290 mentitur,
549 2225 613 2292 quia
626 2240 684 2276 cre-

154 2296 193 2346 dit
206 2310 300 2346 verum
321 2310 379 2345 esse
402 2296 475 2360 quod
495 2294 640 2360 promittit,
658 2304 684 2344 et

153 2365 234 2416 sicin
250 2374 342 2416 mente
356 2365 454 2429 habet;
482 2365 614 2416 mentitur
631 2379 683 2415 au·

153 2446 207 2503 tem
228 2436 276 2503 qui
300 2434 399 2486 falsum
417 2451 481 2486 voce
502 2434 598 2502 signat,
621 2450 683 2485 cum

151 2508 288 2559 voluntate
297 2516 323 2557 et
336 2507 489 2557 intentione
499 2505 620 2558 fallendi.
632 2505 683 2555 Di-

151 2580 191 2631 xit
204 2589 294 2630 tamen
304 2579 411 2643 falsum,
425 2578 489 2646 quia
504 2577 601 2628 accidit
616 2592 684 2627 con-

151 2653 281 2717 trarium;
298 2653 481 2705 communiter
497 2653 575 2702 enirn
587 2649 683 2702 accidit

151 2725 224 2790 quod
254 2724 294 2774 illi
317 2724 365 2790 qui
389 2723 450 2773 aliis
475 2722 504 2772 in
528 2722 627 2773 virtute
654 2736 683 2772 se

152 2793 307 2858 praeferunt,
339 2793 446 2858 turpius
482 2791 542 2842 aliis
574 2793 681 2843 cadunt.

149 2866 325 2931 Respondens
349 2875 439 2915 autem
463 2863 500 2914 ait
522 2864 547 2914 ei
568 2865 649 2914 Jesus
673 2881 681 2914 :

149 2938 233 2988 Amen
250 2937 310 2988 dico
324 2936 380 2999 tibi,
398 2935 462 3001 quia
476 2941 506 2986 tu
521 2935 608 2999 hodie,
628 2935 684 2986 no-'

151 3015 192 3060 cte
215 3009 241 3059 in
265 3009 324 3071 liae,
345 3008 504 3073 priusquam
525 3007 566 3058 bis
586 3007 681 3073 gallus

149 3095 238 3133 uocem
249 3081 360 3142 dederit,
372 3087 413 3131 ter
425 3095 454 3131 es
466 3095 506 3131 me
519 3087 680 3152 negaturus.

149 3152 204 3205 Ubi
219 3152 430 3218 Hieronymus:
447 3152 569 3202 «Petrus
590 3152 623 3201 de
640 3165 681 3201 ar·

149 3233 214 3282 dore
227 3229 289 3281 fidei
304 3228 488 3295 promittebat,
509 3237 535 3278 et
549 3229 680 3289 Salvator,

149 3304 226 3370 quasi
240 3304 321 3364 Deus,
343 3300 433 3350 futura
447 3310 555 3351 noverat
571 3318 578 3351 z
592 3320 606 3349 n
621 3301 679 3351 haec

148 3374 344 3442 Hieronymus.
358 3373 443 3422 Nemo
458 3386 522 3437 ergo
538 3371 567 3422 in
583 3387 620 3434 se,
638 3387 682 3423 ne·

150 3461 197 3497 mo
225 3446 252 3496 in
272 3446 376 3496 viribus
398 3443 456 3494 suis
477 3443 612 3496 confidere
629 3461 680 3511 po-

148 3528 215 3582 test;
231 3517 296 3584 quia
309 3517 400 3568 omnis
413 3516 574 3580 constantia,
590 3518 681 3568 omnis

148 3589 237 3642 virtus
255 3599 281 3640 et
304 3588 442 3648 fortitudo,
470 3603 525 3638 non
548 3586 679 3650 hominis,

149 3663 194 3714 sed
209 3663 257 3714 Dei
269 3673 318 3715 est.
328 3663 406 3715 Unde
413 3663 488 3713 Beda
499 3678 507 3713 .·
517 3681 530 3709 a
538 3660 592 3722 Qui
606 3663 681 3714 solus

150 3735 225 3785 novit
241 3735 307 3801 quid
323 3734 358 3785 sit
375 3734 403 3784 in
425 3732 547 3794 homine,
565 3749 599 3784 ne
615 3733 679 3800 quis

149 3802 270 3856 fidelium
294 3821 343 3857 suo
360 3805 402 3856 vel
422 3805 455 3855 de
476 3814 547 3856 statu
570 3804 679 3856 incaute

148 3876 273 3940 confidat,
288 3879 330 3930 vel
348 3877 382 3929 de
396 3891 458 3928 casu
472 3874 606 3928 incautius
621 3876 677 3928 dif-

414 296 417 300 ,
461 241 636 294 SECUNDAE
653 241 777 294 PARTIS
792 242 909 297 CAPUT
924 247 991 301 LVI.

738 359 811 423 fidat,
823 363 900 428 quasi
921 366 994 418 Deus
1012 369 1136 432 modum,
1150 378 1269 439 tempus,

737 448 767 514 ac
779 450 924 487 numerum
935 441 1085 506 negationis
1098 442 1157 508 ejus
1171 445 1270 510 praedi-

738 514 783 555 crt.
798 524 812 554 n
827 506 906 559 Unde
926 519 952 560 et
966 511 1109 578 Remigius
1124 531 1133 564 .·
1152 533 1167 562 n
1180 516 1272 567 Mora-

739 575 799 626 liter
816 576 986 642 instruimur,
999 592 1029 632 ut
1053 594 1188 649 quantum
1205 602 1273 638 con·

739 647 849 700 fidimus
876 652 909 702 de
942 653 1036 704 ardore
1068 655 1140 716 fidei,
1164 666 1271 708 tantum

738 718 884 771 timeamus
908 722 942 772 de
966 725 1054 774 carnis
1076 725 1233 792 fragilitate.
1257 748 1271 777 n

739 790 812 840 lstud
826 793 939 843 verbum
957 795 1078 856 Domini,
1100 798 1134 846 de
1148 799 1273 865 negatio·

738 876 771 911 ne
805 861 885 924 Petri,
913 865 1018 916 Marcus
1041 877 1072 916 ut
1096 869 1272 933 praemissum

739 942 779 983 est
792 935 907 999 'plenius
927 938 1020 988 ceteris
1043 940 1185 1004 expressit.
1207 942 1272 993 Post

739 1004 856 1068 primam
889 1008 965 1057 enim
996 1009 1171 1075 negationem
1201 1013 1272 1064 Petri

739 1076 830 1125 statim
852 1079 938 1144 gallus
954 1081 1078 1142 cantavit,
1101 1091 1128 1132 et
1152 1092 1214 1135 ante
1229 1098 1273 1135 se-

739 1149 858 1200 cundum
879 1152 941 1217 galli
968 1163 1078 1204 cantum
1103 1155 1146 1205 bis
1172 1156 1272 1207 iterum

739 1220 863 1286 negavit;
879 1232 905 1271 et
924 1223 960 1273 ita
981 1224 1051 1275 trina
1067 1226 1175 1292 negatio
1197 1227 1270 1278 Petri

738 1303 799 1344 ante
815 1294 935 1359 primum
954 1297 1016 1363 galli
1039 1307 1151 1349 cantum
1169 1310 1210 1351 est
1224 1300 1271 1350 in·

738 1364 841 1427 choat'a,
857 1376 883 1419 et
895 1378 958 1418 ante
968 1371 1118 1422 secundum
1128 1373 1270 1438 completa.

737 1435 792 1486 Alii
824 1453 887 1488 vero
916 1440 1104 1506 Evangelistae,
1130 1442 1271 1495 dicentes:

738 1507 903 1573 Priusquam
926 1511 1020 1576 gallus
1039 1518 1136 1573 cantet,
1162 1519 1202 1562 ter
1228 1527 1271 1564 me

738 1579 852 1645 negabis
866 1582 899 1631 de
920 1583 1078 1650 inceptione
1093 1584 1168 1637 trinae
1182 1600 1270 1651 nega—

738 1648 822 1701 tionis
833 1663 926 1717 agunt‚
945 1653 972 1703 id
987 1664 1027 1706 est
1038 1657 1138 1707 trinam
1154 1655 1272 1722 negatio·

741 1735 803 1770 nem
828 1721 988 1788 inchoabis;
1014 1727 1067 1777 sed·
1095 1729 1202 1778 Marcus
1238 1728 1272 1778 de

739 1796 918 1861 completione
941 1798 997 1863 ejus
1021 1799 1141 1867 scripsit.
1168 1801 1205 1850 Et
1233 1800 1273 1850 ait

738 1864 781 1916 illi
791 1867 892 1920 Petrus
906 1888 915 1922 .·
931 1872 1051 1922 Etiamsi
1067 1873 1219 1938 oportuerit
1232 1886 1272 1923 me

738 1939 807 1989 mori
827 1945 920 2004 tecum,
938 1957 989 1993 non
1012 1949 1037 1993 te
1055 1945 1169 2008 negabo.
1185 1944 1272 1994 Intel-

738 2008 804 2060 lexit
836 2013 910 2063 enirn
942 2015 1016 2081 quod
1043 2015 1144 2065 timore
1174 2015 1270 2067 mortis

744 2082 900 2146 praediceret
919 2100 981 2135 eum
1005 2099 1064 2136 esse
1089 2095 1269 2152 negaturum

738 2160 764 2200 et
790 2153 825 2202 ob
841 2153 893 2204 hoc
913 2155 1016 2204 dicebat
1028 2155 1102 2221 quod
1118 2156 1180 2206 licet
1194 2154 1269 2220 peri-

737 2223 830 2272 culum
843 2224 937 2275 mortis
951 2224 1118 2287 immineret,
1135 2226 1209 2276 nullo
1228 2236 1269 2275 ta·

739 2308 801 2343 men
814 2295 896 2345 modo
910 2296 943 2347 ab
959 2296 1016 2359 ejus
1029 2295 1082 2346 fide
1095 2296 1187 2347 divelli
1203 2311 1268 2363 pos-

736 2374 786 2414 set.
804 2366 948 2430 Similiter,
962 2367 989 2417 id
1007 2377 1048 2418 est
1066 2369 1164 2419 eodem
1178 2382 1269 2418 amore

737 2446 762 2487 et
788 2430 901 2499 fervor'e,
918 2446 945 2490 et
971 2453 1061 2490 omnes
1080 2439 1210 2506 discipuli
1234 2439 1271 2488 di·

741 2516 860 2574 xerunt,
881 2527 911 2561 ac
942 2511 1073 2562 fervorem
1103 2510 1269 2576 intrepidum

736 2584 920 2648 ostenderunt,
932 2593 959 2635 et
974 2599 1021 2649 per
1031 2584 1156 2633 ardorem
1170 2580 1271 2633 mentis

736 2653 866 2705 damnum
890 2655 986 2705 mortis
1010 2670 1066 2704 non
1089 2653 1268 2716 timuerunt3

737 2725 856 2776 sednon
874 2733 1121 2792 perseveraverunt,
1142 2724 1208 2792 quia
1219 2739 1267 2776 va·

737 2812 771 2846 na
791 2797 843 2848 fuit
868 2797 1044 2864 praesumptio
1067 2796 1190 2848 humana
1213 2798 1269 2850 sine

735 2870 904 2935 protectione
917 2872 1017 2923 divina.
1041 2870 1121 2922 Unde
1135 2871 1269 2937 Chrysas·

736 2948 821 2994 tomus
836 2959 844 2993 .·
862 2963 876 2992 a
889 2945 958 2996 Hinc
969 2959 1032 3011 ergo
1051 2959 1184 3010 magnum
1195 2944 1269 2996 disci·

736 3031 798 3067 mus
813 3016 921 3083 dogma,
937 3018 1011 3084 quod
1032 3032 1089 3067 non
1107 3015 1210 3068 sufficit
1221 3017 1267 3067 de·

736 3086 867 3137 siderium
903 3087 1044 3150 hominis,
1088 3087 1144 3138 nisi
1178 3087 1266 3138 divino

734 3159 835 3225 aliquis
859 3161 978 3226 potiatur
996 3158 1108 3211 auxilio.
1126 3177 1140 3206 n
1154 3159 1189 3210 Et
1207 3167 1264 3209 nota

735 3232 809 3297 quod
824 3232 967 3298 multiplex
977 3240 1019 3282 est
1027 3231 1096 3281 ratio
1109 3231 1185 3297 quod
1195 3231 1262 3281 Deus

736 3301 862 3367 permisit
891 3303 999 3354 Petrum
1020 3301 1117 3353 cadere
1141 3318 1149 3351 ι
1171 3300 1262 3368 prima,

736 3381 767 3422 ut
783 3372 874 3422 nullus
894 3371 927 3422 de
946 3387 975 3422 se
989 3379 1151 3436 praesumat;
1168 3384 1264 3420 secun·

734 3442 777 3503 da,
790 3452 820 3492 ut
832 3443 893 3508 plus
905 3441 1023 3501 Christo,
1035 3456 1119 3507 quam
1131 3440 1188 3490 sibi
1197 3439 1265 3506 quis

734 3530 788 3583 que
802 3516 910 3580 credat;
924 3514 1010 3574 tertia,
1023 3523 1054 3564 ut
1068 3513 1265 3579 comprimeret

734 3587 793 3652 ejus
826 3585 979 3648 audaciam3
1004 3593 1116 3651 quarta,
1149 3577 1195 3634 ut‘
1220 3579 1262 3632 alii

734 3659 860 3724 exemplo
874 3659 932 3724 ejus
944 3657 1153 3721 instruerentur,
1167 3656 1262 3707 huma·

733 3749 796 3784 nam
806 3731 976 3798 fragilitatem
990 3729 1174 3796 excogitantes
1183 3737 1209 3780 et
1217 3724 1263 3777 Dei

733 3803 891 3866 veritatem
907 3802 1012 3869 quinta,
1036 3809 1067 3852 ut
1088 3801 1188 3851 Petrus
1209 3795 1264 3847 alii·

735 3891 789 3945 que
802 3874 905 3943 praelati
919 3874 1064 3938 discerent,
1076 3871 1195 3940 qualiter
1205 3867 1263 3922 sub
