2632 4320
110 311 128 364 6
176 357 178 360 .
424 312 600 365 SECUNDAE
618 312 742 363 PARTIS
759 313 878 364 CAPUT
895 315 916 364 Ι.

109 427 226 479 vinculis
240 438 408 494 peccatorum
421 426 535 485 absolvi,
548 441 595 476 nec
608 426 643 491 ia-

110 517 192 552 nuam
216 501 291 570 regni
314 501 431 552 eoelestis
452 501 556 567 ingredi
576 516 642 566 pos-

110 587 183 628 sunt.
198 578 239 641 Et,
255 579 405 628 secundum
427 576 562 638 Glossam,
579 591 642 641 spe-

109 647 211 699 cialiter
239 663 298 699 esm
325 657 482 714 potestatem
507 646 643 697 Dominus

111 718 189 769 Petro
200 719 341 779 consessit,
355 730 387 769 ut
399 719 432 769 ad
446 718 577 769 unitatem
593 731 643 766 nos

110 788 243 840 invitaret.
256 791 317 841 ldeo
328 791 401 841 euim
416 805 478 841 eum
492 789 641 855 principem

108 861 299 926 Apostolorum
320 862 467 922 constituit,
482 871 512 910 ut
524 861 643 911 Ecclesia

109 947 196 982 unum
212 932 392 998 principaliter
409 931 511 983 Christi
535 931 643 982 haberet

47 1065 50 1076 Ι
108 1003 249 1065 vicarium,
261 1004 294 1054 ad
310 1019 392 1070 quem
406 1004 510 1053 diversa
522 1002 643 1053 membra

110 1074 236 1127 Ecclesioe
252 1085 427 1136 recurrerent,
440 1076 463 1126 si
483 1075 552 1125 forte
572 1075 643 1126 inter

108 1159 137 1195 se
148 1146 331 1197 dissentirent.
346 1147 426 1206 Quod
440 1146 463 1196 si
479 1146 583 1195 diversa
596 1160 641 1195 ca*

107 1215 163 1282 pita
176 1229 268 1269 essent
280 1219 309 1267 in
325 1218 448 1281 Ecclesia,
461 1217 573 1267 unitatis
583 1216 640 1266 vin-

106 1287 197 1338 culum
209 1298 388 1353 rumperetur.
404 1288 454 1338 Hic
468 1302 531 1353 ergo
547 1287 641 1336 Petrus

105 1357 215 1426 eligitur
225 1359 352 1410 Ecclesiae
365 1361 503 1425 praelatus3
514 1359 561 1408 sed
572 1368 641 1424 post·

105 1444 135 1480 ea
154 1446 219 1482 cnm
238 1431 300 1480 aliis
321 1431 460 1496 apostolis
482 1431 551 1480 hanc
575 1446 639 1496 pro-

104 1501 216 1554 missam
226 1513 384 1570 potestatem
395 1505 502 1570 accepit,
512 1503 639 1570 ubi-Apo-

104 1575 166 1626 stoli
177 1575 305 1640 Episcopi
316 1585 379 1626 sunt
392 1576 517 1634 ordinati,
530 1576 638 1642 quando

104 1654 166 1711 post
184 1646 408 1697 resurrectionem
426 1661 520 1706 suam,
541 1647 638 1696 Domi-

104 1731 158 1767 nus
175 1716 318 1768 insufflans
338 1717 438 1780 ineos,
457 1718 525 1768 dixit
549 1733 557 1767 t
580 1720 637 1769 Ac-

104 1786 184 1852 cipite
204 1788 337 1855 Spiritum
360 1788 497 1851 Sanctum,
516 1798 564 1839 etc.
586 1789 637 1839 Sed

104 1869 238 1924 pastorem
254 1860 379 1910 omnium
399 1860 520 1910 fidelium
534 1871 560 1910 et
570 1862 639 1926 lipo-

104 1932 235 1981 stolotum
251 1932 411 1997 principem,
425 1946 456 1981 ac
472 1947 552 1981 suum
573 1931 639 1982 vica-

103 1999 174 2050 rium
190 2001 220 2051 in
232 1999 296 2051 'tota
309 2001 425 2051 Ecclesia
436 2001 560 2066 prefecit,
575 2017 637 2052 cum

104 2069 128 2121 ei
151 2070 221 2123 dixit
243 2088 251 2122 :
271 2072 363 2122 Pasce
382 2086 445 2122 oves
468 2087 549 2123 meas.
572 2074 637 2124 Haec

104 2145 229 2211 predicta
256 2144 381 2210 Episcopi
403 2156 430 2195 et
458 2145 559 2210 praelati
586 2161 636 2196 au-

102 2215 186 2277 diant,
206 2214 240 2266 de
258 2231 371 2266 munere
385 2217 528 2282 gaudeant,
545 2218 578 2267 de
592 2233 637 2282 po·

103 2296 197 2336 testate
224 2301 279 2336 non
306 2287 479 2353 superbiant!
508 2288 537 2338 Si
563 2290 636 2338 enim

102 2357 141 2409 sic
151 2358 295 2425 ligaverint
303 2371 334 2410 ut
349 2361 451 2420 Petrus,
465 2360 486 2412 si
502 2362 540 2412 ita
555 2363 638 2413 solve·

102 2430 157 2481 rint
167 2441 201 2481 ut
217 2432 328 2495 Petrus;
344 2433 479 2500 quidquid
496 2433 637 2500 ligaverint

101 2501 214 2568 ligatum
230 2502 290 2564 erit,
305 2513 332 2554 et
348 2504 485 2570 quidquid
507 2506 638 2556 solverint

102 2573 222 2623 solutum
240 2573 300 2626 erit.
317 2573 460 2624 Imitentur
474 2590 538 2640 ergo
557 2575 636 2626 illum

103 2643 309 2698 indiscretione
330 2647 401 2697 etin
418 2647 527 2712 justitia.
553 2665 636 2714 quem

102 2714 202 2768 imitari
215 2717 313 2767 volunt
321 2717 352 2767 in
365 2719 469 2784 ligandi
483 2733 514 2769 ac
528 2722 637 2771 solven-

102 2785 130 2838 di
151 2799 291 2854 potestate.
320 2791 384 2840 ldeo
406 2790 480 2841 enim
505 2791 561 2842 haec
586 2793 637 2843 soli

104 2858 180 2910 Petro
193 2859 265 2910 dicta
285 2871 357 2920 sunt,
372 2871 402 2911 ut
422 2876 521 2911 ornnes
543 2862 588 2912 alii
608 2879 637 2914 se

103 2927 133 2978 in
152 2928 201 2979 illo
222 2930 302 2996 quasi
326 2931 434 2997 speculo
456 2932 574 2994 videant,
597 2935 637 2986 sic

100 2999 223 3064 vivendo,
238 3001 277 3051 sic
292 3003 411 3068 ligando,
431 3004 471 3054 sic
496 3006 635 3067 solvendo,

101 3080 158 3122 eta
171 3086 237 3140 pace
260 3083 287 3124 et
310 3074 455 3125 eoncordia
485 3092 540 3127 non
561 3093 636 3129 rece-

101 3142 198 3194 dendo.
220 3145 281 3194 Non
297 3156 465 3210 presumant
486 3147 635 3215 quidquam

99 3225 191 3266 contra
214 3215 348 3280 justitiam
374 3226 400 3269 et
421 3219 572 3280 veritatem,
593 3232 635 3272 at-

101 3287 241 3338 tendentes
261 3290 375 3339 terbum
397 3291 519 3355 Apostoli
541 3291 635 3342 dicen-

98 3355 133 3407 tis
157 3360 250 3412 rNon
272 3360 341 3410 enim
362 3376 508 3426 possumus
529 3363 636 3429 aliquid

63 3474 65 3479 .
97 3435 193 3480 costra
208 3432 357 3495 veritatem,
375 3433 436 3484 sed·
444 3449 495 3499 pro
510 3435 632 3486 veritate.

97 3497 140 3560 Et,
154 3503 304 3552 secundum
325 3503 481 3568 Origerem,
507 3505 544 3555 sit
556 3504 633 3556 'irre-

95 3568 286 3632 prehensibilis
306 3572 353 3639 qui
376 3574 491 3624 alterum
511 3575 577 3642 ligat
589 3575 632 3624 sel

95 3639 185 3700 solvit,
198 3652 235 3691 ut
257 3643 409 3694 inveniatur
429 3644 530 3710 dignus
550 3645 632 3711 ligare

94 3709 136 3759 vel
159 3711 263 3762 solvere
289 3714 319 3764 in
345 3716 421 3766 coelo.
445 3716 632 3781 Quodcunque

96 3794 159 3846 ergo
173 3781 314 3847 ligaverint
327 3787 370 3836 vel
382 3786 515 3836 solverint
529 3786 559 3837 in
573 3797 630 3836 tes-

96 3867 125 3904 ra
139 3853 208 3919 iuste
221 3865 249 3906 et
261 3856 387 3920 discrete,
403 3873 436 3911 sc
447 3869 563 3927 utraque
575 3859 630 3910 cla-
642 3902 645 3910 .

95 3936 128 3976 ve
138 3937 301 3994 cooperante
312 3938 340 3980 et
353 3945 409 3980 non
425 3941 541 3996 errante,
563 3931 631 3997 liga·-

695 436 754 477 tum
769 438 795 479 et
810 430 931 480 solutum
946 429 999 480 erit
1011 440 1040 481 et
1056 429 1085 479 in
1103 430 1180 480 coelo.
1200 430 1230 480 Si

694 511 785 549 tamen
799 499 897 566 injuste
909 500 965 566 agit
975 502 1110 566 praelatus,
1125 510 1232 567 senten-

694 569 731 620 tia
752 570 836 632 illius,
859 571 908 622 etsi
935 571 1001 637 ligat
1022 571 1111 638 quoad
1135 570 1231 623 Eccle-

695 640 761 690 siam
776 641 948 703 militantem,
962 658 1017 692 non
1033 653 1123 692 tamen
1140 644 1230 708 quoad

694 711 917 778 triumphantem.
935 713 987 763 Sed
1004 713 1061 764 sive
1073 714 1154 778 juste,
1172 713 1232 764 sire

694 785 791 850 injuste
802 785 960 852 proferatur,
975 801 1081 852 semper
1098 785 1232 838 sententia

695 859 808 924 pastoris
824 859 1003 920 timendaest,
1016 875 1050 910 ne
1063 860 1133 909 forte
1151 861 1232 924 culpa

694 946 754 996 quse
779 947 835 981 non
851 930 883 982 fit
898 947 930 982 ex
953 948 1043 998 opere,
1058 920 1150 982 flitex
1172 934 1231 982 ela-

694 1004 777 1054 tione.
791 1005 868 1056 Unde
882 1005 1035 1071 Gregorius
1048 1023 1057 1056 .·
1073 1025 1086 1052 a
1096 1005 1154 1055 Sub
1167 1019 1232 1055 aia-

695 1089 749 1138 gno
768 1076 951 1126 moderamine
971 1087 1091 1142 pastores
1107 1076 1231 1127 Ecclesia

694 1147 735 1196 vei
750 1148 854 1198 solvere
866 1148 1000 1208 studeant,
1014 1149 1056 1199 vel
1072 1149 1164 1214 ligare.
1177 1147 1231 1198 Sed

696 1226 788 1267 utrum
802 1218 872 1283 juste
886 1219 927 1267 vel
942 1217 1040 1282 injuste
1063 1219 1166 1284 obliget
1178 1233 1232 1282 ps-

694 1298 758 1346 stor,
775 1286 889 1354 pastoris
905 1299 995 1339 tamen
1009 1290 1143 1341 sententia
1155 1289 1230 1354 gregi

694 1358 814 1411 timenda
834 1370 891 1425 est;
906 1377 939 1411 ne
963 1361 987 1411 is
1008 1362 1055 1428 qui
1079 1362 1181 1424 subest,
1200 1371 1231 1412 et

692 1445 754 1480 cum
767 1430 864 1496 injuste
884 1431 995 1482 forsitan
1013 1432 1122 1498 ligatur,
1138 1431 1228 1497 ipsam

692 1500 867 1565 obligationis
882 1516 938 1552 suae
949 1502 1111 1552 senteutiam
1127 1517 1162 1551 ex
1174 1501 1229 1552 alia

690 1573 770 1638 culpa
802 1585 944 1626 mereatur.
979 1575 1071 1624 Pastor
1095 1587 1159 1640 ergo
1184 1574 1228 1624 vel

690 1644 828 1694 absolvere
841 1645 982 1696 indiscrete
993 1645 1094 1705 timeat,
1106 1646 1148 1694 vel
1158 1645 1228 1711 liga·

691 1731 731 1779 re;
746 1716 771 1766 is
784 1728 874 1768 autem
886 1717 933 1783 qui
949 1718 1001 1767 sub
1014 1732 1096 1767 manu
1112 1717 1228 1782 pastoris

692 1797 743 1848 est,
758 1787 834 1854 ligari
850 1788 943 1838 timeat
958 1789 1036 1853 juste,
1054 1788 1096 1838 vel
1117 1787 1227 1852 injuste,

691 1875 739 1911 nec
754 1861 868 1926 pastoris
883 1861 1013 1926 judicium
1025 1871 1125 1911 temere
1141 1875 1229 1925 repre·

691 1933 800 1994 hendst,
824 1949 858 1984 ne
871 1933 922 1984 etsi
944 1934 1043 1999 injuste
1064 1932 1163 1997 ligatus
1176 1943 1226 1991 est,

690 2018 722 2052 ex
737 2004 795 2069 ipsa
807 2005 919 2054 tumidae
932 2004 1153 2069 reprehensionis
1178 2019 1227 2054 su-

690 2077 790 2139 perbia,
803 2078 881 2142 culpa
900 2091 960 2143 quse
972 2091 1026 2126 non
1040 2085 1107 2135 erat,
1127 2073 1175 2126 fiat
1189 2093 1196 2125 :
1211 2096 1225 2124 a

690 2147 747 2198 haec
762 2147 925 2214 Gregorius.

720 2219 807 2285 9Ctut
825 2221 972 2270 Arosronrs
993 2234 1120 2270 rainerus
1139 2221 1225 2272 Cuss-

689 2306 752 2341 srus
776 2306 811 2341 ns
832 2307 1027 2343 curaavsnsrrr
1047 2307 1117 2343 aare
1142 2294 1225 2344 Perat

689 2370 901 2413 consessiones?
917 2391 948 2402 -
969 2365 1049 2414 Tunc
1071 2375 1132 2430 post
1158 2379 1226 2415 con-

689 2431 834 2482 fessionem
857 2433 1059 2499 discipulorum
1096 2436 1129 2484 de
1155 2435 1226 2486 Filio

690 2503 738 2553 Dei
751 2503 848 2554 factum
860 2504 889 2554 in
906 2506 981 2555 Petro
997 2506 1125 2557 dicente:
1144 2507 1186 2556 Ttt
1195 2520 1226 2558 es

692 2575 817 2626 Christus
832 2576 923 2627 Filias
941 2576 995 2627 Dei
1010 2577 1064 2627 vivi
1073 2595 1083 2640 ;
1093 2579 1227 2643 praecepit

689 2648 771 2698 Jesus
799 2649 941 2715 discipulis
970 2649 1035 2711 sais,
1064 2660 1094 2699 ut
1121 2649 1225 2699 nemini

689 2717 807 2768 dicerent
820 2728 845 2768 et
858 2720 1006 2768 revelarent
1019 2721 1083 2783 quia
1107 2719 1167 2783 ipse
1182 2735 1239 2770 esa

690 2795 731 2838 set
751 2790 832 2840 Jesus
859 2789 991 2852 Christus,
1014 2800 1046 2839 ut
1072 2793 1227 2841 secundum

691 2861 764 2926 quod
785 2861 837 2926 ipsi
851 2861 885 2911 de
905 2860 1015 2911 Clrristo
1028 2861 1226 2925 intellexerant,

690 2931 750 2981 aliis
773 2945 829 2981 non
846 2931 1030 2996 predicarent.
1050 2932 1107 2981 Hoc
1125 2946 1230 2997 praete-

692 3002 733 3068 pit
745 3001 871 3053 Christus
884 3017 964 3053 causa
976 3003 1147 3063 humilitatis,
1161 3006 1227 3070 qnia

690 3075 723 3125 de
740 3091 769 3125 se
782 3091 836 3126 non
851 3090 957 3143 magna,
968 3077 1015 3126 sed
1026 3075 1141 3126 humilia
1153 3091 1227 3143 prte-

688 3146 771 3197 dicari
785 3147 886 3211 voluit;
910 3158 936 3198 et
960 3163 1039 3198 causa
1063 3163 1118 3197 non
1142 3147 1226 3215 impe

686 3218 792 3269 diendae
807 3234 864 3270 suae
878 3220 1021 3279 Passionis,
1035 3219 1099 3285 quia
1120 3218 1144 3269 si
1162 3236 1227 3287 prae-

686 3288 819 3340 dicaretur
848 3300 875 3340 et
905 3291 1056 3341 crederetur
1088 3289 1224 3354 Christus,

687 3375 742 3410 non
770 3360 984 3427 crucifigeretur3
1005 3370 1031 3410 et
1057 3375 1137 3410 causa
1167 3377 1224 3413 non

687 3431 897 3482 scandalizandae
921 3444 977 3480 suae
1001 3433 1226 3498 congregationis,

686 3506 750 3572 quia
764 3506 787 3555 si
807 3505 896 3571 primo
912 3503 1108 3565 immortalitas,
1125 3516 1151 3555 et
1164 3520 1225 3556 ma—

684 3591 736 3643 gna
747 3576 781 3626 de
792 3591 824 3625 eo
835 3574 976 3641 predicata
987 3573 1110 3635 fuissent,
1118 3588 1145 3628 et
1154 3587 1226 3641 post·

684 3664 714 3700 ea
734 3648 836 3715 pusilli,
854 3658 879 3698 et
897 3647 985 3698 adlruc
1002 3648 1104 3699 infirmi
1122 3650 1150 3699 in
1170 3647 1225 3701 fide

684 3734 746 3769 eum
779 3718 916 3786 flagellari,
941 3719 1071 3786 crucifigi,
1098 3729 1125 3770 et
1151 3731 1225 3785 post—

684 3791 769 3840 multa
782 3789 966 3856 ignominiosa
976 3803 1061 3841 morte
1075 3790 1143 3840 mori
1153 3790 1223 3842 vidis

683 3872 752 3919 sent,
763 3860 932 3911 scandalizati
952 3860 986 3910 de
1008 3876 1103 3911 eorum
1120 3861 1223 3926 proui-

684 3930 791 3982 catione
802 3930 925 3982 fuissent.
939 3930 1017 3982 Unde
1030 3930 1081 3981 ista
1094 3930 1222 3997 prohihi-
