2632 4320
170 285 217 337 DE
233 237 450 336 cAernrtva
465 279 724 333 CORRECTIONE
736 280 961 345 Puouttouls,
974 279 1052 331 ETC.
1131 279 1185 349 399

501 735 668 808 CAPUT
691 735 755 805 LV

58 989 113 1057 De
148 986 341 1057 caritativa
371 985 589 1056 correctione
611 985 819 1077 proditoris
847 995 881 1055 et
911 1007 1056 1078 egressu
1083 992 1176 1088 ἐχ-ας.

173 1237 317 1302 Mattiuei
337 1257 405 1320 cap.
431 1239 484 1316 26,
512 1235 617 1298 Marci
643 1255 710 1317 cap.
731 1257 781 1318 14,
812 1234 909 1298 Lucre
938 1256 1005 1318 cap.
1025 1257 1067 1317 24
1127 1287 1129 1290 Α

444 1355 475 1405 et
496 1341 629 1405 ioannis
650 1362 719 1424 cup.
747 1343 795 1404 13.

94 1599 104 1634 1
127 1582 270 1633 Tuussrro
291 1582 402 1632 Cunrsrr
418 1594 623 1630 rnomrronrn:

57 1657 133 1708 iuuat
145 1670 290 1705 utscrruurs
300 1669 468 1704 uuurrenrrs.
477 1681 509 1690 -
520 1652 599 1703 Circa

56 1727 169 1779 tertium
192 1736 284 1777 autem
306 1725 409 1785 dolens,
438 1733 464 1774 et
484 1733 597 1774 moestus

58 1799 189 1853 ausculta.
220 1799 288 1849 Cum
313 1797 387 1848 enim
406 1797 465 1848 taec
478 1795 598 1846 dixisset

57 1874 149 1937 Jesus,
162 1873 298 1936 turbatus,
317 1872 346 1923 id
365 1881 405 1923 est
423 1870 596 1922 contristatus

58 1952 109 2010 est,
132 1961 188 1996 nou
213 1945 363 2006 carnaliter,
377 1944 424 1994 sed
442 1942 550 2009 spiritu,
567 1940 595 1991 id

58 2028 99 2069 est
123 2016 300 2083 spiritualiter
323 2026 349 2066 et
369 2031 402 2066 ex
418 2013 536 2079 imperio
550 2028 595 2062 ra-

57 2088 153 2151 tionis,
167 2088 232 2154 quia
243 2089 302 2153 ipse
318 2087 415 2153 spiritu
429 2101 489 2145 suo,
504 2094 531 2135 et
541 2101 595 2151 po-

57 2169 154 2212 testate
167 2156 230 2209 fecit
245 2159 275 2208 in
293 2173 322 2209 se
338 2158 418 2208 istam
437 2155 594 2222 proportio-

57 2229 100 2282 nis
122 2229 325 2292 turbationem
349 2237 374 2278 et
394 2227 454 2277 haec
475 2224 594 2277 turbatio

55 2300 85 2351 in
95 2309 173 2367 parte
186 2298 312 2350 sensitiva
326 2298 455 2358 existens,
472 2312 527 2347 non
539 2306 595 2346 erat

56 2368 191 2422 contraria
207 2369 315 2426 rationi,
330 2368 376 2419 sed
390 2367 478 2434 magis
494 2382 594 2418 conve-

56 2440 136 2491 niens
150 2439 184 2490 ei.
202 2440 363 2490 Virtuosum
384 2439 458 2488 enim
473 2447 514 2488 est
526 2453 594 2488 con-

56 2518 96 2561 tra
109 2510 176 2561 vitia
187 2510 291 2559 turbari
308 2527 314 2560 :
333 2508 483 2575 spiritualis
499 2507 594 2558 turba-

55 2580 94 2631 tio
111 2579 144 2631 ad
168 2579 304 2646 pietatem,
329 2587 354 2628 et
378 2577 594 2627 misericordiam

55 2661 178 2719 spectat3
208 2653 254 2701 sed
282 2651 397 2702 carnalis
424 2649 542 2701 furorem
568 2659 594 2699 et

56 2725 126 2776 iram
150 2724 255 2775 excitat.
274 2724 382 2790 Spiritu
401 2722 485 2789 igitur
498 2723 594 2773 turba-

55 2808 100 2850 tur
123 2797 211 2862 Jesus,
237 2807 263 2847 et
289 2795 508 2856 misericorditer,
537 2793 595 2847 sive

56 2869 247 2936 compatiendo
260 2869 394 2935 discipulo
409 2868 455 2934 qui
467 2883 530 2918 eum
543 2876 595 2918 tra-

56 2941 105 3003 dit,
126 2951 153 2991 et
176 2940 307 2991 tradendo
330 2939 414 3006 perit;
433 2939 489 2990 sive
502 2948 532 2989 ut
545 2953 595 2989 nos

56 3012 149 3063 doceat
162 3011 230 3077 quid
243 3026 321 3078 agere
335 3011 490 3071 debeamus,
505 3026 595 3076 quan-

56 3082 91 3133 do
118 3081 148 3132 in
176 3096 308 3148 magnum
341 3080 449 3132 facinus
475 3080 594 3147 aliquem

55 3154 200 3217 hominem
231 3169 309 3205 ruere
334 3154 476 3214 videmus,
508 3154 545 3203 sic
569 3162 596 3204 et

55 3222 147 3275 Sancti
166 3223 378 3274 misericorditer
395 3234 422 3274 et
442 3237 474 3274 ex
488 3223 596 3275 caritate

55 3295 212 3356 turbantur,
230 3308 293 3344 cum
309 3303 387 3360 urget
399 3308 446 3344 eos
458 3294 511 3359 jam
524 3293 596 3344 ziza·

54 3364 101 3417 nia
116 3379 133 3414 a
148 3362 238 3414 tritico
264 3375 325 3415 ante
340 3379 443 3415 messes
463 3378 594 3430 separare.

54 3432 194 3486 Moraliter
205 3447 269 3500 ergo
281 3434 392 3485 instruit
404 3435 528 3500 praelatos
540 3449 596 3487 non

55 3504 163 3567 debete,
182 3513 426 3570 quantumcunque
449 3505 531 3555 etiam
543 3502 596 3556 fla-

55 3572 180 3640 gitiosos,
196 3573 251 3625 nisi
270 3590 332 3625 curn
356 3590 454 3641 magna
469 3589 596 3640 compas-

55 3645 133 3695 sione
147 3654 173 3695 et
185 3645 288 3709 dolore,
302 3661 318 3697 a
334 3644 479 3696 liminibus
497 3653 596 3696 sanun

57 3714 154 3766 matria
189 3714 319 3768 Ecclesia
349 3730 482 3781 separare.
517 3715 597 3767 Unde

53 3787 228 3852 Augustinus
256 3803 266 3842 t
297 3805 313 3836 r
346 3787 484 3838 Turbetur
517 3787 597 3854 piane

54 3854 229 3910 Christianus
246 3874 301 3909 uon
315 3857 434 3924 miseria,
449 3858 496 3909 sed
511 3856 596 3910 mise·

56 3927 192 3996 ricordia·,
213 3930 309 3983 timeat
322 3945 357 3982 ne
378 3939 488 3998 pereant
502 3929 596 3984 homi-

654 1595 711 1640 nes,
746 1579 923 1630 conturbetur
948 1596 1010 1632 cum
1042 1582 1112 1648 perit
1136 1582 1188 1634 ali-

653 1653 715 1720 quis
734 1653 852 1704 Christo.
867 1653 1048 1720 Concupiscat
1062 1656 1187 1709 homines

651 1725 753 1792 acquiri
770 1725 889 1786 Christo,
903 1727 1007 1778 laetetur
1021 1729 1087 1778 dum
1101 1730 1188 1797 acqui-

650 1797 719 1847 ritur
744 1797 844 1863 aliquis
869 1797 995 1862 Christ03
1030 1799 1124 1850 timeat
1160 1811 1187 1852 et

650 1869 713 1930 sibi,
728 1883 762 1918 ne
778 1879 867 1934 pereat
881 1868 1000 1930 Christo,
1015 1870 1189 1922 contristetur
1208 1906 1210 1910 .

650 1954 678 1989 se
702 1938 866 2005 peregrinari
892 1954 907 1988 a
931 1939 1050 1991 Christo.
1077 1941 1188 1993 Concu-

650 2012 733 2078 piscat
747 2026 859 2078 regnare
873 2026 935 2062 cum
950 2011 1069 2075 Christo,
1082 2014 1188 2066 iaetetur

648 2097 711 2132 cum
723 2091 810 2147 sperat
822 2096 850 2131 se
862 2091 1035 2146 regnaturum
1051 2099 1109 2134 esse
1123 2099 1186 2135 cum

649 2151 769 2202 Christo.
784 2170 798 2199 n
812 2150 852 2201 Er
862 2152 999 2203 edentibus
1013 2152 1078 2217 iilis,
1091 2155 1187 2207 dixit:

648 2224 732 2273 Amen
748 2221 810 2272 dico
824 2221 908 2284 rotie,
924 2223 987 2288 quia
1003 2237 1072 2274 unus
1084 2238 1122 2274 ex
1132 2238 1185 2277 νο-

650 2294 690 2345 bis
712 2292 866 2357 duodecim,
890 2293 937 2358 qui
960 2293 1064 2362 ubique
1079 2308 1187 2346 mecum

648 2366 723 2427 estis,
745 2381 863 2432 quorum
891 2366 974 2430 pedes
996 2368 1057 2429 lavi,
1086 2369 1188 2434 quibus

648 2447 720 2488 tauta
733 2438 856 2504 promisi,
867 2439 958 2488 tradet
970 2454 1012 2488 me
1027 2440 1187 2502 Dominum,

628 2525 693 2569 ,me
715 2510 895 2576 Magistrum,
924 2526 969 2559 me
999 2511 1185 2576 salvatorem

649 2596 717 2632 unus
731 2595 768 2632 ex
783 2581 866 2644 vobis,
882 2596 995 2631 numero
1009 2598 1065 2631 non
1077 2582 1187 2645 merito,

648 2666 759 2718 corpore
773 2665 828 2716 non
845 2650 945 2712 anim0,
961 2652 1050 2718 specie
1061 2667 1117 2703 non
1128 2654 1188 2704 vir-

649 2734 714 2775 tute.
732 2723 850 2775 Maxima
865 2724 1032 2791 ingratitudo
1045 2725 1121 2778 tudae
1136 2725 1189 2778 tuit

647 2797 751 2847 tradere
773 2811 856 2847 suum
875 2799 1101 2863 commensalem,
1130 2798 1188 2850 imo

648 2867 797 2918 Dominum
819 2877 844 2918 et
866 2867 1044 2937 nutritorem
1068 2870 1141 2922 unde
1162 2880 1189 2922 et

648 2940 718 2992 alius
737 2939 916 3006 'Evangelista
938 2942 977 2992 sie
1001 2942 1095 2993 dicit:
1116 2942 1189 2997 Ecce

649 3026 745 3062 manus
768 3012 902 3063 tradentis
919 3027 960 3063 me
983 3029 1083 3065 mecum
1106 3014 1189 3066 estin

648 3096 750 3134 mensa.
775 3081 833 3132 Hoc
852 3080 925 3132 idem
947 3093 1039 3149 posset
1055 3084 1190 3135 Dominus

649 3153 732 3204 hodie
744 3152 833 3203 dicere
846 3151 880 3204 de
896 3154 1081 3205 sacerdotibus
1095 3153 1190 3204 multis

641 3223 696 3290 ¹qui
709 3238 832 3275 mensam
849 3223 962 3275 Domini
977 3225 1090 3289 indigne
1104 3223 1189 3273 attin-
1251 3280 1259 3297 ἱ

650 3309 712 3362 gere
726 3305 904 3362 praesumunt,
922 3295 969 3362 qui
986 3308 1095 3345 rursum
1108 3306 1190 3360 quan·

650 3375 710 3416 tum
732 3366 762 3416 in
787 3379 816 3417 se
838 3376 878 3417 est
900 3366 997 3416 merito
1019 3374 1190 3430 peccatorum

649 3434 751 3486 Filium
767 3434 817 3487 Dei
842 3434 1050 3500 crucifigendum
1070 3434 1189 3487 tradunt.

651 3505 701 3556 Per
724 3506 777 3556 hoc
802 3505 874 3556 enim
898 3505 971 3570 quod
992 3504 1021 3554 iu
1036 3519 1128 3555 mensa
1140 3505 1191 3556 de-

650 3579 787 3630 nuntiarit
809 3592 893 3629 suum
916 3577 1091 3644 proditorem,
1116 3576 1191 3628 desi-

650 3648 742 3716 gnavit
763 3649 837 3714 quod
860 3647 939 3698 multi
964 3647 1112 3714 proditorie
1138 3662 1190 3698 ve-

649 3719 730 3770 niunt
761 3718 794 3768 ad
827 3732 906 3768 suam
936 3733 1069 3770 mensam.
1103 3717 1191 3784 Maius

649 3801 740 3843 autem
755 3799 894 3857 peccatum
919 3800 960 3842 est
979 3791 1084 3843 tradere
1106 3789 1191 3843 Chri·

650 3874 724 3916 stum
743 3874 901 3931 regnantem
926 3865 956 3914 in
975 3864 1050 3915 coelis
1072 3872 1192 3932 peccato·

650 3937 729 3990 ribus
743 3938 883 4000 membris,
899 3953 983 4006 quam
1004 3938 1190 3991 ambulantem
