2632 4320
142 268 196 333 264

142 383 231 433 lorum
261 379 336 446 pauci
360 387 432 440 sunt,
461 378 509 445 qui
536 378 564 428 in
588 375 671 440 gratia

141 469 228 519 usque
243 453 270 502 in
282 449 365 501 finem
393 458 571 517 perseverant.
587 449 673 499 Nemo

143 537 233 578 autem
252 525 436 575 Christianum
450 539 479 574 se
492 523 599 589 judicet,
617 521 670 571 nisi

144 597 191 664 qui
230 596 332 647 Christi
359 595 509 645 doctrinam
543 591 674 658 sequitur,

145 681 172 722 et
197 669 318 720 imitatur
346 671 509 736 exemplum.
531 665 584 727 Qui
607 667 675 716 male

144 743 240 794 vivunt
252 753 277 792 et
291 741 439 792 Christiani
452 750 588 800 vocantur,
605 738 677 803 inju-

146 814 213 863 riam
229 813 338 862 Christo
358 813 466 862 faciunt.
488 811 565 862 Unde
577 812 677 876 Augu-

147 884 256 934 stinus:
271 901 284 929 u
300 884 388 934 Nemo
408 883 469 933 sine
488 896 567 932 causa
585 881 676 947 quod-

148 969 253 1020 cunque
273 969 373 1003 nomen
402 952 521 1003 sortitur.
544 953 624 1001 Sutor
647 961 678 1000 ut

147 1025 260 1084 dicatur,
275 1039 382 1074 necesse
394 1033 435 1073 est
449 1033 480 1073 ut
500 1022 678 1073 calceamenta

147 1096 278 1148 conficiat.
301 1097 418 1146 Vocetur
441 1095 504 1162 quis
526 1094 609 1155 faber,
631 1104 678 1144 aut

148 1167 218 1218 alius
229 1166 333 1227 artifex,
348 1166 413 1217 artis
431 1165 526 1231 peritia
540 1165 594 1216 fiat.
618 1166 679 1216 Hu-

146 1237 264 1303 jusmodi
275 1236 404 1302 exemplis
413 1236 603 1302 cognoscimus
615 1236 679 1285 nul-

147 1312 206 1361 lum
229 1311 288 1360 sine
311 1321 370 1360 actu
391 1325 506 1372 nomen,
528 1310 574 1360 sed
599 1325 679 1359 omne

149 1396 250 1432 nomen
280 1395 312 1431 ex
341 1389 410 1431 actu.
446 1379 592 1432 Christiani
616 1394 681 1444 ergo

150 1461 250 1503 nomen
282 1451 326 1501 ille
349 1451 448 1503 frustra
479 1452 599 1512 sortitur,
633 1452 679 1518 qui

151 1522 292 1574 Christum
307 1537 363 1572 non
378 1523 506 1574 imitatur.
522 1523 593 1583 Quid
609 1522 681 1573 enirn

151 1593 202 1643 tibi
224 1593 331 1659 prodest
346 1593 434 1644 vocari
451 1595 524 1660 quod
537 1609 591 1644 non
604 1608 641 1652 es,
656 1605 682 1643 et

153 1681 253 1717 nomen
277 1681 406 1731 usurpare
435 1665 571 1717 alienum?
589 1666 640 1716 Sed
660 1665 683 1715 si

154 1738 341 1789 Christianum
364 1748 390 1789 te
410 1754 468 1790 esse
487 1739 607 1798 delectat.
623 1753 684 1804 quae

154 1808 364 1860 Christianitatis
384 1820 448 1860 sunt
469 1826 538 1876 gere,
554 1821 580 1861 et
602 1809 686 1860 meri-

154 1890 183 1932 to
199 1880 249 1931 tibi
264 1896 363 1932 nomen
389 1881 538 1932 Christiani
568 1897 685 1932 assume.

153 1952 198 2002 Tu
209 1967 273 2018 ergo
287 1953 424 2017 quomodo
435 1951 606 2004 Christianus
619 1952 688 2002 dice·

154 2022 206 2082 ris,
233 2022 261 2072 in
287 2038 342 2088 quo
368 2023 459 2072 nullus
480 2022 626 2073 Christiani
648 2033 688 2073 est

154 2093 250 2144 actus?
267 2093 445 2154 Christianus,
465 2093 584 2159 justitiae,
605 2095 687 2144 boni-

153 2163 225 2223 tatis,
263 2163 432 2229 integritatis,
470 2164 613 2228 patientiae.
645 2180 688 2214 ca-

154 2233 263 2293 stitatis,
289 2233 432 2298 pudicitiae,
455 2233 570 2298 pietatis,
594 2234 688 2284 humi-

154 2302 238 2353 litatis
259 2313 284 2352 et
309 2303 468 2353 innocentiae
496 2313 536 2353 est
568 2319 687 2366 nomen;

154 2382 181 2425 et
205 2384 234 2424 tu
262 2373 334 2424 istud
358 2389 457 2424 nomen
481 2375 618 2439 quomodo
640 2375 689 2425 tibi

154 2443 276 2496 defendis
288 2456 313 2496 et
324 2445 455 2506 vendicas,
465 2446 508 2496 cui
521 2447 555 2496 de
568 2457 622 2496 tarn
634 2447 690 2512 plu·

155 2517 231 2568 ribus
248 2518 329 2569 rebus
348 2534 397 2569 nec
414 2535 503 2586 paucae
522 2518 688 2569 subsistunt?

156 2588 331 2640 Christianus
342 2588 388 2638 ille
401 2598 449 2653 est,
462 2589 510 2655 qui
527 2605 582 2639 non
596 2588 689 2639 nomi-

157 2675 193 2710 ne
214 2669 319 2710 tantum
333 2661 379 2710 sed
395 2675 475 2726 opere
489 2671 539 2721 est,
558 2660 604 2727 qui
618 2660 689 2711 viam

158 2727 261 2780 Christi
276 2731 406 2794 sequitur,
427 2730 473 2796 qui
498 2730 638 2781 Christum
661 2731 689 2779 in

158 2799 288 2848 omnibus
314 2799 443 2849 imitatur.
467 2799 541 2849 Sicut
559 2799 688 2865 scriptum

158 2880 218 2921 est:
233 2872 286 2932 Qui
307 2871 373 2922 dicit
387 2885 445 2922 sese
464 2872 491 2922 in
504 2871 614 2922 Christo
630 2887 690 2921 ma·

160 2956 230 3005 nere,
245 2944 320 2993 debet
333 2943 402 2993 sicut
431 2943 479 2994 ille
496 2943 650 3004 ambulavit,
665 2950 691 2993 et

160 3014 217 3080 ipse
230 3013 376 3063 ambulare.
390 3013 560 3065 Christianus
576 3024 625 3077 est,
642 3014 690 3080 qui

159 3083 203 3134 die
241 3094 378 3149 noctuque
412 3085 468 3135 Deo
492 3084 616 3146 deservit,
641 3084 689 3151 qui

158 3156 342 3208 indesinenter
364 3158 421 3222 ejus
437 3169 568 3224 praecepta
581 3159 699 3209 medita·'

158 3238 203 3280 tur
219 3242 244 3278 et
266 3229 374 3294 cogitat,
396 3229 443 3294 qui
460 3245 563 3294 pauper
587 3230 689 3280 mundo

158 3300 271 3352 efficitur
295 3311 325 3350 ut
348 3301 404 3350 Deo
425 3301 546 3366 locuples
568 3301 624 3366 fiat,
640 3301 689 3369 qui

157 3372 227 3423 inter
255 3372 381 3422 homines
406 3372 520 3422 habetur
547 3373 690 3440 inglorius,

158 3456 188 3496 ut
202 3462 292 3497 coram
308 3447 365 3496 Deo
385 3455 412 3496 et
432 3446 544 3510 Angelis
557 3446 691 3512 gloriosus

158 3529 291 3584 appareat,
304 3519 352 3584 qui
365 3518 392 3568 in
410 3518 489 3569 corde
503 3533 552 3568 suo
568 3518 637 3568 nihil
650 3519 691 3568 si-

158 3590 290 3639 mulatum
304 3589 409 3639 videtur
419 3589 516 3639 habere
529 3603 576 3639 nec
587 3587 692 3648 fictum,

158 3663 234 3727 cujus
248 3663 362 3727 simplex
373 3673 399 3714 et
414 3663 583 3713 immaculata
589 3671 629 3712 est
638 3661 695 3712 ani-

160 3748 213 3793 ma,
232 3733 308 3797 cujus
321 3733 482 3784 conscientia
493 3732 579 3783 fidelis
597 3741 623 3783 et
639 3748 692 3798 pu-

160 3818 190 3854 ra
203 3814 251 3863 est,
263 3805 339 3870 cujus
350 3815 404 3855 tota
416 3805 445 3855 in
456 3807 512 3856 Deo
520 3821 607 3868 mens,
617 3806 694 3870 cujus

162 3874 253 3925 omnis
266 3890 328 3941 spes
341 3875 369 3925 in
386 3875 494 3926 Christo
511 3886 560 3939 est,
577 3875 624 3942 qui
639 3891 693 3926 coe-

413 262 587 318 SECUNDAE
603 253 727 310 PARTIS
743 255 861 310 CAPUT
876 259 995 310 XXXIV.

730 369 806 420 lestia
822 371 913 436 potius
933 386 1014 438 quam
1031 380 1135 421 terrena
1155 370 1265 421 deside-

730 450 778 501 rat,
793 442 840 508 qui
862 443 980 494 humana
1005 441 1109 508 spernit
1125 451 1157 492 ut
1179 442 1265 507 possit

731 511 828 563 habere
846 513 958 564 divina:
973 533 987 560 s
1001 513 1059 563 haec
1082 514 1265 579 Augustinus.

732 582 809 634 Unde
823 594 848 634 et
862 585 916 638 Leo
935 585 1014 650 Papa
1028 600 1038 634 .·
1052 601 1067 630 a
1088 583 1200 634 Frustra
1216 599 1266 650 ap·

711 654 863 719 'pellamur
882 654 1038 714 Christiani,
1065 653 1088 704 si
1112 653 1266 704 imitatores

731 740 786 776 non
801 741 895 777 sumus
913 726 1026 786 Christi,
1041 726 1089 793 qui
1112 726 1175 776 ideo
1192 726 1266 777 viam

731 814 760 849 se
776 815 834 850 esse
850 800 928 859 dixit,
947 810 978 850 ut
992 799 1160 850 conversatio
1175 800 1267 865 Magi-

731 869 780 920 stri
798 880 868 920 esset
882 869 969 920 forma
983 869 1133 936 discipulis,
1146 878 1172 920 et
1187 868 1264 919 illam

731 939 914 991 humilitatem
929 940 1037 1006 eligeret
1057 955 1161 1000 servus,
1183 956 1267 1006 quam

732 1021 846 1063 sectatus
860 1021 901 1061 est
918 1010 1060 1061 Dominus.
1076 1031 1089 1059 n
1107 1012 1187 1062 Unde
1206 1011 1269 1079 Cy-

728 1082 846 1148 prianus
860 1099 868 1131 :
881 1099 895 1128 u
910 1081 1084 1131 Christianus
1102 1096 1184 1131 nemo
1198 1091 1272 1132 recte

732 1152 839 1212 dicitur,
869 1150 922 1200 nisi
938 1151 986 1216 qui
1006 1151 1116 1202 Christo
1142 1150 1269 1201 moribus

732 1233 897 1289 coaequatur.
920 1241 933 1269 n
961 1223 1039 1274 Unde
1059 1222 1142 1272 etiam
1164 1222 1270 1273 Ansel-

733 1311 792 1347 mus
807 1313 815 1346 .·
830 1314 844 1342 u
856 1296 928 1345 Inter
936 1294 1056 1346 infideles
1067 1304 1272 1360 computantur,

734 1369 781 1436 qui
811 1369 884 1436 quod
907 1379 1039 1419 voverunt
1059 1385 1113 1418 non
1134 1369 1272 1435 impleve-

733 1448 807 1490 runt.
837 1439 1000 1507 Quicunque
1020 1439 1101 1490 etiam
1123 1439 1269 1490 Christum

736 1529 791 1563 non
803 1513 935 1578 sequitur,
950 1528 1003 1562 non
1017 1512 1105 1562 solum
1120 1511 1271 1563 Christiani

735 1600 837 1637 nomen
846 1583 976 1644 amittere,
989 1584 1035 1634 sed
1049 1592 1074 1634 et
1085 1583 1274 1634 Antichristus

736 1657 788 1707 dici
808 1667 935 1707 meretur.
952 1675 966 1705 a
982 1657 1058 1708 Unde
1076 1657 1272 1722 Augustinus:

737 1746 752 1775 u
770 1727 903 1793 Quisquis
919 1726 994 1777 factis
1019 1735 1097 1792 negat
1119 1726 1273 1786 Christum,

737 1797 919 1847 Antichristus
950 1807 1006 1860 est;
1035 1796 1121 1862 magis
1157 1796 1273 1847 mendax

738 1877 779 1918 est
799 1867 974 1929 Antichristo,
992 1866 1040 1934 qui
1062 1883 1109 1918 ore
1128 1866 1273 1933 profitetur

740 1938 901 2000 Christum,
932 1948 958 1989 et
992 1937 1067 1988 factis
1098 1947 1188 2004 negat.
1212 1939 1272 1990 Ideo

740 2011 874 2071 mendax,
902 2006 967 2077 quia
994 2009 1066 2059 aliud
1093 2010 1218 2076 loquitur
1247 2019 1273 2060 et

739 2083 813 2133 aliud
829 2082 892 2149 agit.
908 2081 977 2142 Quis
993 2090 1033 2132 est
1048 2081 1095 2148 qui
1112 2098 1171 2133 non
1188 2082 1273 2133 credit

741 2154 814 2219 quod
828 2154 905 2204 lesus
927 2153 963 2203 sit
986 2152 1129 2203 Christus?
1145 2153 1202 2214 Qui
1218 2169 1271 2204 uon

741 2223 807 2272 vivit
828 2223 965 2287 quomodo
990 2222 1112 2287 praecipit
1136 2223 1272 2274 Christus.

742 2295 820 2344 Multi
832 2295 905 2345 enim
917 2294 1028 2345 dicunt:
1042 2294 1139 2355 Credo,
1148 2296 1197 2346 sed
1209 2296 1273 2346 fides

741 2366 800 2416 sine
820 2367 947 2432 operibus
962 2383 1017 2416 non
1030 2367 1121 2417 salvat.
1135 2387 1149 2415 a
1166 2369 1200 2419 Et
1223 2366 1272 2418 ite'-

742 2452 822 2487 rum:
837 2437 964 2488 «Omnes
979 2447 1076 2504 negant
1090 2437 1233 2489 Christum
1244 2439 1271 2488 in

742 2525 818 2560 carne
844 2510 959 2570 venisse,
981 2510 1045 2576 quia
1065 2509 1171 2561 violant
1187 2511 1274 2562 carita·

743 2589 797 2630 tem
820 2582 898 2644 lesu;
915 2597 970 2630 non
989 2580 1063 2630 enim
1080 2596 1152 2646 opus
1172 2591 1228 2632 erat
1245 2590 1273 2631 ut

741 2651 850 2712 veniret,
860 2650 913 2701 nisi
923 2666 969 2717 per
977 2650 1124 2702 caritatem.
1141 2650 1274 2719 Majorem

742 2723 793 2774 hac
814 2724 978 2775 dilectionem
997 2737 1071 2774 nemo
1092 2724 1181 2787 habet,
1194 2739 1273 2791 quam

744 2803 772 2847 ut
788 2797 905 2848 animam
926 2811 1003 2846 suam
1013 2802 1100 2863 ponat
1109 2813 1165 2863 pro
1179 2797 1272 2848 amicis

743 2867 809 2917 suis.
839 2866 971 2932 Quisquis
1006 2867 1088 2917 violat
1123 2868 1273 2928 caritatem,

743 2941 884 3006 quodlibet
906 2941 978 3007 dicat
999 2941 1101 3006 lingua,
1115 2941 1172 2992 vita
1190 2941 1274 3009 ipsius

744 3024 822 3080 negat
839 3013 979 3065 Christum
1001 3014 1028 3064 in
1050 3029 1130 3064 carne
1152 3012 1273 3077 venisse;

743 3095 770 3135 et
796 3085 847 3135 iste
867 3095 907 3136 est
918 3085 1103 3136 Antichristus
1118 3085 1274 3152 ubicunque

743 3155 833 3216 fuerit,
845 3170 1008 3222 quocunque
1017 3156 1158 3206 intraverit
1172 3173 1178 3205 :
1194 3176 1208 3204 n
1221 3157 1276 3207 hac

743 3228 922 3295 Augustinus.
947 3229 977 3279 In
1001 3229 1052 3278 hoc
1075 3243 1140 3294 ergo
1160 3229 1277 3280 maxime

745 3314 795 3349 nos
810 3297 957 3349 Christiani
980 3298 1100 3349 Gentiles
1112 3299 1278 3350 scandaliza-

745 3384 816 3429 mus,
834 3369 898 3436 quia
920 3368 1056 3419 caritatem
1076 3377 1102 3418 et
1122 3369 1208 3419 vitam
1223 3369 1278 3419 vir·

745 3450 851 3492 tuosam
867 3456 922 3491 non
939 3441 1082 3491 habemus.
1097 3440 1178 3491 Unde
1193 3441 1280 3510 Chry-

745 3518 878 3564 sostomus
889 3530 897 3563 :
910 3531 924 3559 u
945 3511 1020 3562 Nihil
1046 3511 1120 3561 aliud
1145 3513 1278 3580 estquod

746 3582 904 3633 scandalizat
930 3581 1063 3645 Gentiles,
1095 3597 1180 3649 quam
1209 3583 1280 3649 quod

746 3670 802 3705 non
816 3670 892 3706 amor
905 3665 954 3705 est.
967 3656 1036 3707 Cum
1052 3655 1126 3705 enim
1142 3656 1282 3723 multipli-

746 3738 804 3779 cata
817 3727 898 3778 fuerit
909 3727 1049 3794 iniquitas,
1060 3727 1172 3794 frigebit
1184 3744 1279 3792 amor;

745 3799 829 3851 vitam
842 3810 933 3850 autem
955 3799 1025 3849 nihil
1043 3799 1080 3850 ita
1099 3799 1168 3851 facit
1183 3802 1282 3853 claram

745 3882 777 3924 ut
791 3886 876 3923 amor.
886 3889 899 3918 u
910 3871 944 3922 Et
953 3871 1050 3922 iterum
1067 3887 1074 3922 :
1090 3888 1105 3919 a
1116 3871 1196 3924 Nihil
1209 3873 1283 3924 enim
