2632 4320
129 251 183 306 roo-

127 366 199 426 tatis,
211 365 341 432 quianon
353 365 450 415 debent
470 375 594 430 appetere
618 364 660 414 vel

128 438 242 505 gaudere
252 452 367 503 praeesse
381 437 452 488 aliis.

161 507 178 558 8
192 510 324 558 Brnanous
339 524 385 558 asa
403 523 481 558 cmix
497 509 597 558 Doumt
618 522 661 556 rus

132 596 181 638 our
204 596 257 630 cun
280 596 336 630 u>so
356 595 477 630 neonium
500 594 615 630 vonuur.
630 607 662 616 -

134 652 208 702 Unde
230 651 405 716 subjungens,
422 650 538 700 dixiteis
554 667 559 699 :
576 651 662 700 Pote-

133 723 184 773 stis
202 723 288 773 bibere
301 723 419 785 calicem,
434 736 509 788 quem
528 735 580 788 ego
595 721 662 772 hibi·

134 800 211 844 tucus
225 793 306 844 suni?
321 794 347 843 id
364 803 404 844 est
418 792 572 859 passionem
586 806 662 842 mar-

133 864 195 931 tyrii
210 874 236 915 et
248 874 362 917 mortem
376 864 511 915 crudelem
529 862 663 913 sustinere

133 947 242 1002 propter
254 938 350 997 Deum,
363 951 445 1003 quam
459 949 508 1000 ego
523 949 571 999 pro
585 933 663 984 vobis

133 1017 160 1059 et
171 1008 275 1070 multis,
291 1023 323 1058 ex
336 1007 443 1058 caritate
457 1020 586 1071 passurus
601 1020 662 1055 sunt

133 1079 292 1139 voluntarie,
316 1077 387 1128 acsi
417 1076 507 1126 bibam
531 1075 605 1125 illam
634 1087 663 1125 ut

132 1149 316 1201 delectabilem
328 1147 447 1206 calicem,
461 1161 508 1211 per
523 1161 604 1216 quem
622 1145 664 1195 de-

131 1218 181 1271 beo
196 1219 294 1269 venire
304 1219 336 1268 ad
351 1233 473 1283 regnum,
490 1231 544 1265 non
558 1226 664 1281 tempo-

135 1291 197 1350 rale,
211 1301 241 1340 ut
260 1288 375 1347 creditis,
395 1288 441 1338 sed
458 1297 600 1338 aeternum.
616 1288 665 1337 Per

135 1364 247 1414 calicem
260 1361 314 1412 fere
328 1361 431 1426 ubique
447 1360 536 1427 passio
550 1371 576 1410 et
591 1374 664 1408 mar-

134 1435 236 1502 tyrium
253 1434 431 1501 intelligitur:
445 1444 504 1484 tum
517 1433 582 1499 quia
597 1433 665 1483 sicut

101 1566 107 1580 ·
135 1509 204 1560 calix
216 1517 256 1558 est
269 1522 316 1558 vas
328 1523 383 1573 quo
398 1507 501 1558 bibitur
513 1507 545 1556 ad
560 1521 667 1556 mensu·

134 1593 202 1639 ram,
214 1578 252 1629 sic
266 1577 353 1643 passio
371 1594 432 1628 cnm
452 1592 577 1626 mensura
593 1575 665 1626 bibi-

135 1659 188 1709 tur,
202 1664 234 1698 eo
248 1649 321 1715 quod
344 1664 400 1698 non
420 1647 552 1714 permittit
568 1645 665 1696 Domi-

136 1734 188 1768 nus
202 1718 340 1769 hominem
352 1718 446 1768 tentari
462 1732 542 1783 supra
555 1716 582 1766 id
592 1715 665 1782 quod

136 1800 235 1856 potest;
256 1800 315 1841 tum
338 1791 402 1858 quia
423 1790 476 1840 cito
498 1789 567 1840 sicut
587 1798 666 1854 potus

136 1861 239 1921 transit,
250 1862 316 1912 illud
329 1862 401 1912 enim
414 1861 486 1927 quod
501 1860 665 1926 inpraesenti

135 1932 381 1992 esttribulationis,
402 1941 621 1982 momentaneum
641 1940 667 1982 et

135 2005 193 2054 leve
212 2014 265 2066 est;
292 2013 350 2053 tum
372 2003 436 2070 quia
457 2003 578 2062 delectat,
603 2017 667 2052 nam

137 2075 229 2142 passio.
241 2086 267 2125 et
281 2075 418 2126 tribulatio
439 2090 454 2124 a
471 2072 598 2125 fidelibus
618 2089 666 2141 pro

136 2149 320 2200 consolatione
331 2148 467 2213 recipitur,
482 2157 508 2196 et
523 2146 551 2196 in
566 2162 596 2196 ea
607 2147 667 2212 glo-

135 2219 248 2270 riantur.
263 2218 312 2268 Est
330 2227 420 2267 autem
435 2217 551 2266 multum
565 2216 667 2266 delica-

136 2299 189 2352 tus,
206 2287 324 2354 quinon
348 2296 436 2352 potest
457 2286 548 2336 bibere
562 2295 666 2351 potum,

139 2361 171 2410 de
185 2374 241 2425 quo
254 2357 323 2408 bibit
343 2357 477 2407 Dominus
498 2372 572 2407 suus.
593 2358 668 2407 Hanc

137 2439 227 2481 autem
248 2429 400 2496 passionem
421 2443 503 2494 quam
526 2429 668 2479 Matthaeus

139 2503 247 2555 calicem
261 2513 346 2566 vocat,
361 2504 465 2553 Marcus
481 2512 507 2553 et
516 2503 626 2554 calicem
643 2512 669 2553 et

139 2576 297 2641 baptismum
313 2574 444 2637 nominat,
461 2574 574 2624 dicens:
592 2574 670 2624 Pote-

139 2646 189 2695 stis
212 2646 298 2695 bibere
320 2645 430 2695 calicem
447 2658 521 2709 quem
538 2644 667 2711 egohibo,

140 2724 187 2768 aut
198 2718 328 2783 baptismo
342 2732 394 2782 quo
406 2730 458 2781 ego
474 2717 605 2782 baptizor,
620 2715 672 2765 sci-

140 2787 203 2838 licet
218 2803 266 2853 pro
288 2786 374 2845 vobis,
396 2787 539 2854 baptizari,
570 2786 670 2835 scilicet

141 2867 250 2923 propter
264 2856 324 2906 me?
350 2856 509 2906 Tincturam
528 2854 669 2920 sanguinis

140 2928 182 2978 sui
200 2928 229 2978 in
252 2943 300 2976 sua
315 2927 452 2976 benedicta
475 2925 608 2985 Passione‚
621 2940 669 2991 pro

141 3010 309 3067 peccatorum
329 3000 518 3050 emundatione
530 3009 606 3049 vocat
626 2998 671 3048 hic

141 3072 307 3138 baptismum.
327 3071 405 3121 Unde
422 3070 459 3120 ait
477 3069 638 3136 Theophilus
660 3070 682 3119 .·‘

141 3162 154 3188 a
167 3141 285 3193 Calicem
299 3151 386 3190 autem
400 3145 425 3190 et
440 3141 599 3206 baptismum
610 3155 671 3190 cru-

139 3230 198 3266 cem
225 3212 346 3263 nominat
371 3229 378 3261 :
405 3211 514 3262 calicem
542 3212 667 3278 quidem,

139 3297 266 3352 tanquam
292 3293 387 3349 potum
413 3283 526 3333 dulciter
553 3282 586 3334 ab
611 3283 669 3348 ipso

140 3368 309 3425 susceptum
334 3357 498 3421 baptismum
521 3372 593 3415 vero,
610 3365 670 3405 tan-

139 3446 222 3498 quam
235 3427 455 3480 emundationem
468 3437 622 3476 nostrorum
635 3426 671 3477 fa·

139 3503 255 3553 cientem
269 3511 437 3566 peccatorum
452 3515 459 3548 ι
475 3517 488 3545 s
504 3498 562 3547 haec
580 3498 669 3548 Theo-

137 3576 238 3643 philus,
270 3572 353 3634 Quasi
384 3571 484 3621 diceret
507 3570 545 3621 eis
570 3571 670 3620 :Ante

140 3648 321 3698 humilitatem
337 3642 470 3711 passionis
489 3642 597 3692 exaltari
614 3657 669 3692 non

141 3719 274 3783 poteritis;
291 3718 315 3768 si
328 3716 410 3766 vultis
424 3728 586 3779 conregnare
600 3712 671 3762 Cru-

141 3790 228 3851 cifixo‚
244 3788 377 3841 incumbit
390 3786 467 3838 vobis
490 3786 584 3836 tollere
607 3799 670 3835 cru-

143 3876 200 3912 cem
216 3861 273 3927 ejus
287 3860 420 3926 exemplo,
436 3857 500 3925 quia
521 3871 601 3907 nemo
615 3854 668 3906 nisi

428 251 601 304 SECUNDAE
617 249 742 300 PARTIS
757 248 875 301 CAPUT
890 250 959 301 XXI.

715 363 792 414 tollat
814 377 920 429 crucem
946 376 1035 421 suam,
1059 376 1106 427 per
1127 363 1251 428 martyrii

715 433 876 499 passionem,
891 433 933 482 vel
955 432 1070 498 proximi
1088 433 1252 498 compassio·

714 518 790 563 nem,
815 503 857 553 vel
886 502 975 553 carnis
1002 500 1251 564 mortificationem,

715 575 839 642 regnabit
852 591 914 626 cum
929 574 1072 626 Crucifixo.
1098 574 1153 626 Ubi
1173 575 1249 627 Gre-

715 647 812 712 gorius
838 660 846 695 .·
872 665 886 693 u
903 647 962 697 lam
976 646 1067 696 locum
1079 645 1252 697 celsitudinis

716 717 887 782 quaerebant,
912 718 945 767 ad
973 716 1045 766 viam
1066 716 1129 767 illos
1145 717 1254 768 Veritas

716 797 830 850 revocat,
854 803 901 853 per
915 803 997 854 quam
1011 787 1045 837 ad
1062 787 1252 840 celsitudinem

716 859 849 911 venirent.
868 862 906 911 Ac
930 860 953 911 si
975 860 1014 911 eis
1037 860 1142 911 dicatur
1167 862 1253 912 :lam

716 946 764 981 vos
778 931 854 981 locus
869 931 981 982 delectat
993 930 1189 995 -celsitudinis3
1205 934 1254 984 sed

718 1003 793 1070 prius
803 1004 846 1054 via
861 1014 980 1055 exerceat
994 1003 1103 1054 laboris.
1120 1004 1171 1054 Per
1184 1004 1255 1055 cali·

717 1090 774 1125 cem
799 1074 959 1141 pertingitur
979 1074 1012 1124 ad
1029 1075 1204 1139 majestatem.
1223 1074 1252 1125 Si

718 1160 795 1196 mens
805 1155 893 1196 vestra
905 1144 1007 1210 appetit
1017 1144 1091 1211 quod
1107 1145 1252 1205 demulcet,

719 1217 794 1282 prius
821 1216 906 1266 bibite
927 1217 1001 1282 qnod
1026 1216 1107 1266 dolet.
1135 1215 1180 1267 Sic
1205 1231 1256 1282 per

717 1305 839 1340 amarum
850 1290 976 1355 poculum
989 1287 1179 1349 confessionis,
1191 1304 1256 1354 per-

717 1363 824 1417 venitur
846 1364 879 1413 ad
899 1363 1028 1429 gaudium
1048 1362 1154 1413 salutis.
1169 1376 1183 1409 s
1200 1361 1254 1413 Ubi

718 1444 745 1485 et
767 1435 978 1502 Chrysosmmus
1003 1451 1012 1484 .-
1033 1452 1046 1480 (ι
1071 1434 1120 1483 Per
1139 1432 1255 1483 modum

719 1507 938 1573 interrogationis
958 1506 1069 1557 attrahit
1086 1521 1141 1567 eos,
1166 1515 1197 1557 ut
1222 1520 1255 1557 ex

719 1581 921 1640 communione,
945 1596 1005 1646 quae
1032 1588 1074 1630 est
1098 1580 1132 1630 ad
1153 1579 1255 1646 ipsum,

719 1650 853 1701 avidiores
874 1649 968 1701 fierint.
992 1651 1031 1700 Ac
1047 1649 1068 1700 si
1091 1649 1161 1700 dicat
1176 1666 1183 1699 ε
1198 1651 1256 1701 Vos

720 1721 752 1770 de
775 1719 880 1771 honore
907 1732 933 1770 et
962 1720 1072 1771 coronis
1096 1719 1255 1787 loquimini,
1286 1766 1293 1778 ,

720 1806 769 1857 ego
781 1800 869 1841 autern
882 1791 915 1842 de
924 1791 1058 1856 agonibus
1069 1802 1095 1842 et
1107 1790 1255 1842 sudoribus

720 1862 838 1926 disputo.
866 1862 927 1911 Non
950 1861 1023 1912 enim
1045 1871 1086 1912 cst
1108 1862 1160 1912 hoc
1182 1876 1258 1927 prte-

721 1933 839 1982 miorum
865 1942 982 1998 tempus,
1022 1932 1068 1982 sed
1100 1931 1256 1994 occisionis,

721 2003 876 2069 praeliorum
913 2013 939 2054 et
961 2003 1153 2068 periculorum.
1178 2021 1194 2051 u
1221 2004 1257 2055 Et

721 2073 818 2123 iterum
834 2090 841 2123 ε
857 2092 871 2119 «
889 2073 1027 2140 Numquid
1050 2073 1185 2124 nesciebat
1198 2074 1261 2125 Do-

721 2143 821 2202 minus,
836 2143 900 2210 quia
917 2143 1072 2194 Passionem
1097 2143 1185 2208 ipsius
1204 2159 1257 2210 po·

721 2225 808 2267 terant
821 2215 940 2267 imitari?
953 2217 1003 2267 Sed
1016 2216 1076 2267 ideo
1091 2216 1130 2267 eis
1141 2217 1215 2278 dicit,
1226 2226 1256 2268 ut

722 2288 840 2338 Domino
850 2288 1041 2355 interrogante,
1054 2299 1081 2340 et
1093 2290 1133 2340 eis
1145 2305 1258 2356 respon·

722 2360 864 2421 dentibus,
896 2377 990 2412 omnes
1018 2377 1068 2413 nos
1093 2363 1257 2425 audiamus,

722 2433 787 2501 quia
806 2449 886 2484 nemo
905 2443 993 2500 potest
1006 2450 1068 2484 cum
1083 2435 1196 2486 Christo
1210 2450 1256 2486 re·

723 2521 812 2572 gnare,
828 2505 880 2555 nisi
903 2505 1059 2556 Passionem
1078 2506 1152 2557 illius
1176 2506 1258 2558 fuerit

723 2577 857 2640 imitatus;
885 2577 955 2628 sicut
979 2577 1016 2627 ait
1039 2578 1187 2644 Apostolus
1202 2578 1257 2630 :Si

723 2649 880 2700 commortui
904 2664 1005 2712 sumus,
1023 2655 1049 2700 et
1070 2650 1256 2712 convivemus5

723 2719 748 2770 si
771 2720 939 2783 sustinemus,
973 2727 999 2769 et
1019 2721 1255 2787 conregnabimus.

724 2791 776 2840 Res
798 2789 872 2840 enim
894 2790 1010 2855 pretiosa
1029 2790 1077 2841 vili
1098 2790 1187 2856 pretio
1200 2805 1255 2841 non

722 2869 898 2925 comparatur.
914 2861 1042 2926 Magnum
1064 2861 1188 2910 laborem
1203 2875 1254 2910 ne-

712 2942 796 2979 ·cesse
808 2939 848 2979 est
862 2930 941 2979 nobis
959 2929 1123 2996 impendere,
1140 2929 1163 2980 si
1176 2929 1258 2980 volu-

723 3015 785 3049 mus
806 3000 839 3049 ad
860 3015 942 3066 regna
968 3000 1085 3051 coelestia
1106 2999 1258 3066 pervenire.

725 3070 879 3120 Passionem
893 3080 984 3120 autem
1005 3070 1116 3120 Domini
1138 3070 1258 3121 dicimus

723 3141 859 3207 suspicere
883 3158 932 3192 nos
955 3143 1065 3206 debere;
1094 3157 1150 3193 non
1166 3142 1255 3193 solum

723 3212 936 3277 persecutionem
954 3213 1115 3275 Gentilium,
1132 3212 1181 3263 sed
1194 3227 1256 3262 om·

724 3300 785 3334 nem
812 3284 930 3334 laborem
953 3294 979 3335 ct
1000 3284 1153 3335 molestiam
1174 3299 1256 3351 quam

724 3357 841 3422 patimur
866 3367 958 3407 contra
987 3367 1090 3423 peccata
1115 3366 1257 3408 certantes.

724 3427 792 3477 Nam
822 3426 844 3477 si
872 3428 994 3477 Gentiles
1018 3427 1183 3488 defecerint,
1209 3424 1257 3493 qui

723 3507 926 3563 persequantur,
941 3497 1073 3563 numquid
1088 3497 1149 3547 ideo
1160 3512 1259 3564 prom·

724 3577 768 3633 pta
791 3568 915 3618 voluntas
943 3566 1064 3617 fidelium
1089 3567 1169 3618 debet
1199 3566 1260 3618 sine

723 3637 812 3688 fructu
826 3648 852 3688 et
871 3638 970 3689 sterilis
995 3638 1170 3703 permanere?
1184 3638 1258 3696 Ideo,

725 3709 774 3759 etsi
790 3709 910 3760 Gentiles
926 3725 980 3760 non
995 3710 1079 3760 habes
1093 3709 1142 3776 qui
1156 3719 1183 3760 te
1194 3725 1261 3776 per·

725 3792 880 3848 sequantur,
896 3783 977 3833 habes
992 3782 1142 3848 principem
1159 3781 1261 3834 Genti-

722 3854 790 3906 lium
805 3853 952 3918 diabolum,
974 3855 1021 3922 qui
1037 3855 1181 3907 hominem
1194 3870 1259 3922 per·
