<?xml version="1.0" encoding="UTF-8"?>
<!DOCTYPE html PUBLIC "-//W3C//DTD XHTML 1.0 Transitional//EN"
    "http://www.w3.org/TR/xhtml1/DTD/xhtml1-transitional.dtd">
<html xmlns="http://www.w3.org/1999/xhtml" xml:lang="en" lang="en">
 <head>
  <title>
</title>
<meta http-equiv="Content-Type" content="text/html;charset=utf-8" />
  <meta name='ocr-system' content='tesseract 3.04.00' />
  <meta name='ocr-capabilities' content='ocr_page ocr_carea ocr_par ocr_line ocrx_word'/>
</head>
<body>
  <div class='ocr_page' id='page_1' title='image "./vitajesuchristi01rigogoog_0368.png"; bbox 0 0 2632 4320; ppageno 0'>
   <div class='ocr_carea' id='block_1_1' title="bbox 140 241 1174 294">
    <p class='ocr_par' dir='ltr' id='par_1_1' title="bbox 140 241 1174 294">
     <span class='ocr_line' id='line_1_1' title="bbox 140 241 1174 294; baseline 0 -2"><span class='ocrx_word' id='word_1_1' title='bbox 140 242 186 292; x_wconf 89' lang='lat' dir='ltr'><strong>DE</strong></span> <span class='ocrx_word' id='word_1_2' title='bbox 204 241 379 293; x_wconf 80' lang='lat' dir='ltr'>TALENTIS</span> <span class='ocrx_word' id='word_1_3' title='bbox 395 242 442 292; x_wconf 91' lang='lat' dir='ltr'><strong>ET</strong></span> <span class='ocrx_word' id='word_1_4' title='bbox 459 241 562 292; x_wconf 87' lang='lat' dir='ltr'>BONIS</span> <span class='ocrx_word' id='word_1_5' title='bbox 577 241 601 290; x_wconf 91' lang='grc' dir='ltr'><strong>Α</strong></span> <span class='ocrx_word' id='word_1_6' title='bbox 616 241 757 293; x_wconf 87' lang='lat' dir='ltr'><strong>DOMINO</strong></span> <span class='ocrx_word' id='word_1_7' title='bbox 774 243 895 294; x_wconf 89' lang='lat' dir='ltr'>SERVIS</span> <span class='ocrx_word' id='word_1_8' title='bbox 911 243 1084 294; x_wconf 79' lang='lat' dir='ltr'><strong>TRADITlS.</strong></span> <span class='ocrx_word' id='word_1_9' title='bbox 1126 242 1174 293; x_wconf 77' lang='lat'><strong>361</strong></span> 
     </span>
    </p>
   </div>
   <div class='ocr_carea' id='block_1_2' title="bbox 57 355 596 2630">
    <p class='ocr_par' dir='ltr' id='par_1_2' title="bbox 57 355 596 2630">
     <span class='ocr_line' id='line_1_2' title="bbox 61 355 595 422; baseline 0.002 -16"><span class='ocrx_word' id='word_1_10' title='bbox 61 355 115 407; x_wconf 90' lang='lat' dir='ltr'><strong>turi</strong></span> <span class='ocrx_word' id='word_1_11' title='bbox 131 371 241 419; x_wconf 87' lang='lat' dir='ltr'><strong>sumus;</strong></span> <span class='ocrx_word' id='word_1_12' title='bbox 266 371 313 406; x_wconf 91' lang='lat' dir='ltr'><strong>nec</strong></span> <span class='ocrx_word' id='word_1_13' title='bbox 328 371 357 406; x_wconf 90' lang='lat' dir='ltr'><strong>se</strong></span> <span class='ocrx_word' id='word_1_14' title='bbox 372 356 470 422; x_wconf 81' lang='lat' dir='ltr'><strong>aliquis</strong></span> <span class='ocrx_word' id='word_1_15' title='bbox 492 357 526 407; x_wconf 87' lang='lat' dir='ltr'><strong>ab</strong></span> <span class='ocrx_word' id='word_1_16' title='bbox 546 357 595 407; x_wconf 90' lang='lat' dir='ltr'><strong>hac</strong></span> 
     </span>
     <span class='ocr_line' id='line_1_3' title="bbox 61 429 596 496; baseline 0.002 -17"><span class='ocrx_word' id='word_1_17' title='bbox 61 429 246 495; x_wconf 84' lang='lat' dir='ltr'><strong>negotiatione</strong></span> <span class='ocrx_word' id='word_1_18' title='bbox 265 444 390 480; x_wconf 85' lang='lat' dir='ltr'><strong>excusare</strong></span> <span class='ocrx_word' id='word_1_19' title='bbox 406 429 513 494; x_wconf 91' lang='lat' dir='ltr'><strong>poterit,</strong></span> <span class='ocrx_word' id='word_1_20' title='bbox 531 431 596 496; x_wconf 89' lang='lat' dir='ltr'><strong>quia</strong></span> 
     </span>
     <span class='ocr_line' id='line_1_4' title="bbox 62 501 594 566; baseline 0.004 -16"><span class='ocrx_word' id='word_1_21' title='bbox 62 501 154 551; x_wconf 89' lang='lat' dir='ltr'><strong>nullus</strong></span> <span class='ocrx_word' id='word_1_22' title='bbox 169 511 208 550; x_wconf 91' lang='lat' dir='ltr'><strong>est</strong></span> <span class='ocrx_word' id='word_1_23' title='bbox 230 501 277 566; x_wconf 93' lang='lat' dir='ltr'><strong>qui</strong></span> <span class='ocrx_word' id='word_1_24' title='bbox 300 502 428 552; x_wconf 88' lang='lat' dir='ltr'>talentum</span> <span class='ocrx_word' id='word_1_25' title='bbox 450 517 504 551; x_wconf 86' lang='lat' dir='ltr'><strong>non</strong></span> <span class='ocrx_word' id='word_1_26' title='bbox 518 517 594 552; x_wconf 89' lang='lat' dir='ltr'><strong>acce-</strong></span> 
     </span>
     <span class='ocr_line' id='line_1_5' title="bbox 61 570 592 638; baseline 0.002 -18"><span class='ocrx_word' id='word_1_27' title='bbox 61 570 140 636; x_wconf 85' lang='lat' dir='ltr'>perit.</span> <span class='ocrx_word' id='word_1_28' title='bbox 170 571 248 621; x_wconf 86' lang='lat' dir='ltr'><strong>Unde</strong></span> <span class='ocrx_word' id='word_1_29' title='bbox 277 572 453 638; x_wconf 80' lang='lat' dir='ltr'><strong>Gregorius:</strong></span> <span class='ocrx_word' id='word_1_30' title='bbox 471 589 485 618; x_wconf 74' lang='lat' dir='ltr'><strong>a</strong></span> <span class='ocrx_word' id='word_1_31' title='bbox 499 571 592 622; x_wconf 86' lang='lat' dir='ltr'><strong>Scien-</strong></span> 
     </span>
     <span class='ocr_line' id='line_1_6' title="bbox 61 641 595 708; baseline 0.004 -18"><span class='ocrx_word' id='word_1_32' title='bbox 61 641 127 690; x_wconf 89' lang='lat' dir='ltr'><strong>dum</strong></span> <span class='ocrx_word' id='word_1_33' title='bbox 148 656 212 691; x_wconf 89' lang='lat' dir='ltr'><strong>vero</strong></span> <span class='ocrx_word' id='word_1_34' title='bbox 240 652 288 701; x_wconf 86' lang='lat' dir='ltr'><strong>est,</strong></span> <span class='ocrx_word' id='word_1_35' title='bbox 315 641 387 707; x_wconf 94' lang='lat' dir='ltr'><strong>quod</strong></span> <span class='ocrx_word' id='word_1_36' title='bbox 407 642 497 691; x_wconf 91' lang='lat' dir='ltr'><strong>nullus</strong></span> <span class='ocrx_word' id='word_1_37' title='bbox 520 641 595 708; x_wconf 83' lang='lat' dir='ltr'><strong>piger</strong></span> 
     </span>
     <span class='ocr_line' id='line_1_7' title="bbox 61 710 593 777; baseline 0.004 -17"><span class='ocrx_word' id='word_1_38' title='bbox 61 711 95 760; x_wconf 91' lang='lat' dir='ltr'><strong>ab</strong></span> <span class='ocrx_word' id='word_1_39' title='bbox 114 710 163 760; x_wconf 92' lang='lat' dir='ltr'><strong>hac</strong></span> <span class='ocrx_word' id='word_1_40' title='bbox 188 711 278 761; x_wconf 89' lang='lat' dir='ltr'><strong>talenti</strong></span> <span class='ocrx_word' id='word_1_41' title='bbox 307 712 461 777; x_wconf 80' lang='lat' dir='ltr'><strong>acceptione</strong></span> <span class='ocrx_word' id='word_1_42' title='bbox 485 728 593 763; x_wconf 91' lang='lat' dir='ltr'><strong>securus</strong></span> 
     </span>
     <span class='ocr_line' id='line_1_8' title="bbox 62 784 594 850; baseline 0.004 -18"><span class='ocrx_word' id='word_1_43' title='bbox 62 793 111 843; x_wconf 90' lang='lat' dir='ltr'><strong>est,</strong></span> <span class='ocrx_word' id='word_1_44' title='bbox 125 784 216 833; x_wconf 90' lang='lat' dir='ltr'><strong>nullus</strong></span> <span class='ocrx_word' id='word_1_45' title='bbox 228 799 345 849; x_wconf 91' lang='lat' dir='ltr'><strong>namque</strong></span> <span class='ocrx_word' id='word_1_46' title='bbox 359 794 399 835; x_wconf 90' lang='lat' dir='ltr'><strong>est</strong></span> <span class='ocrx_word' id='word_1_47' title='bbox 411 785 458 850; x_wconf 90' lang='lat' dir='ltr'><strong>qui</strong></span> <span class='ocrx_word' id='word_1_48' title='bbox 469 785 594 835; x_wconf 86' lang='lat' dir='ltr'><strong>veraciter</strong></span> 
     </span>
     <span class='ocr_line' id='line_1_9' title="bbox 61 853 593 921; baseline 0.008 -19"><span class='ocrx_word' id='word_1_49' title='bbox 61 853 133 903; x_wconf 84' lang='lat' dir='ltr'><strong>dicat</strong></span> <span class='ocrx_word' id='word_1_50' title='bbox 156 871 163 904; x_wconf 93' lang='lat'><strong>:</strong></span> <span class='ocrx_word' id='word_1_51' title='bbox 185 855 328 905; x_wconf 84' lang='lat' dir='ltr'><strong>Talentum</strong></span> <span class='ocrx_word' id='word_1_52' title='bbox 359 855 472 906; x_wconf 88' lang='lat' dir='ltr'><strong>minime</strong></span> <span class='ocrx_word' id='word_1_53' title='bbox 496 856 593 921; x_wconf 88' lang='lat' dir='ltr'><strong>accepi,</strong></span> 
     </span>
     <span class='ocr_line' id='line_1_10' title="bbox 62 924 594 991; baseline 0.006 -18"><span class='ocrx_word' id='word_1_54' title='bbox 62 934 172 981; x_wconf 82' lang='lat' dir='ltr'><strong>nonest</strong></span> <span class='ocrx_word' id='word_1_55' title='bbox 186 925 257 974; x_wconf 92' lang='lat' dir='ltr'><strong>unde</strong></span> <span class='ocrx_word' id='word_1_56' title='bbox 275 924 407 975; x_wconf 88' lang='lat' dir='ltr'><strong>rationem</strong></span> <span class='ocrx_word' id='word_1_57' title='bbox 428 941 527 991; x_wconf 92' lang='lat' dir='ltr'><strong>ponere</strong></span> <span class='ocrx_word' id='word_1_58' title='bbox 548 942 594 976; x_wconf 91' lang='lat' dir='ltr'><strong>co-</strong></span> 
     </span>
     <span class='ocr_line' id='line_1_11' title="bbox 61 995 594 1059; baseline 0.004 -15"><span class='ocrx_word' id='word_1_59' title='bbox 61 1009 117 1059; x_wconf 88' lang='lat' dir='ltr'><strong>gar.</strong></span> <span class='ocrx_word' id='word_1_60' title='bbox 136 995 240 1046; x_wconf 88' lang='lat' dir='ltr'><strong>Talenti</strong></span> <span class='ocrx_word' id='word_1_61' title='bbox 263 996 337 1047; x_wconf 90' lang='lat' dir='ltr'><strong>enim</strong></span> <span class='ocrx_word' id='word_1_62' title='bbox 354 997 464 1046; x_wconf 89' lang='lat' dir='ltr'><strong>nornine</strong></span> <span class='ocrx_word' id='word_1_63' title='bbox 482 997 594 1048; x_wconf 88' lang='lat' dir='ltr'><strong>cuilibet</strong></span> 
     </span>
     <span class='ocr_line' id='line_1_12' title="bbox 62 1066 593 1134; baseline 0.006 -19"><span class='ocrx_word' id='word_1_64' title='bbox 62 1066 173 1130; x_wconf 88' lang='lat' dir='ltr'><strong>pauperi</strong></span> <span class='ocrx_word' id='word_1_65' title='bbox 185 1067 265 1116; x_wconf 88' lang='lat' dir='ltr'><strong>etiam</strong></span> <span class='ocrx_word' id='word_1_66' title='bbox 283 1067 335 1117; x_wconf 92' lang='lat' dir='ltr'><strong>hoc</strong></span> <span class='ocrx_word' id='word_1_67' title='bbox 346 1067 439 1133; x_wconf 87' lang='lat' dir='ltr'><strong>ipsum</strong></span> <span class='ocrx_word' id='word_1_68' title='bbox 455 1068 593 1134; x_wconf 90' lang='lat' dir='ltr'><strong>reputabi-</strong></span> 
     </span>
     <span class='ocr_line' id='line_1_13' title="bbox 60 1139 591 1206; baseline 0.006 -19"><span class='ocrx_word' id='word_1_69' title='bbox 60 1146 112 1201; x_wconf 85' lang='lat' dir='ltr'><strong>tur,</strong></span> <span class='ocrx_word' id='word_1_70' title='bbox 137 1139 211 1204; x_wconf 94' lang='lat' dir='ltr'><strong>quod</strong></span> <span class='ocrx_word' id='word_1_71' title='bbox 231 1139 272 1188; x_wconf 87' lang='lat' dir='ltr'><strong>vel</strong></span> <span class='ocrx_word' id='word_1_72' title='bbox 298 1139 445 1189; x_wconf 91' lang='lat' dir='ltr'><strong>minimum</strong></span> <span class='ocrx_word' id='word_1_73' title='bbox 468 1141 591 1206; x_wconf 90' lang='lat' dir='ltr'><strong>accepit:</strong></span> 
     </span>
     <span class='ocr_line' id='line_1_14' title="bbox 59 1210 593 1279; baseline 0.007 -19"><span class='ocrx_word' id='word_1_74' title='bbox 59 1210 129 1261; x_wconf 88' lang='lat' dir='ltr'><strong>alius</strong></span> <span class='ocrx_word' id='word_1_75' title='bbox 148 1227 266 1278; x_wconf 88' lang='lat' dir='ltr'><strong>namque</strong></span> <span class='ocrx_word' id='word_1_76' title='bbox 286 1212 387 1279; x_wconf 88' lang='lat' dir='ltr'><strong>accepit</strong></span> <span class='ocrx_word' id='word_1_77' title='bbox 409 1213 593 1279; x_wconf 83' lang='lat' dir='ltr'><strong>intelligentiae</strong></span> 
     </span>
     <span class='ocr_line' id='line_1_15' title="bbox 60 1282 593 1349; baseline 0.006 -17"><span class='ocrx_word' id='word_1_78' title='bbox 60 1282 172 1344; x_wconf 89' lang='lat' dir='ltr'><strong>donum,</strong></span> <span class='ocrx_word' id='word_1_79' title='bbox 191 1284 387 1349; x_wconf 76' lang='lat' dir='ltr'><strong>praedicationis</strong></span> <span class='ocrx_word' id='word_1_80' title='bbox 408 1285 593 1336; x_wconf 89' lang='lat' dir='ltr'><strong>ministerium</strong></span> 
     </span>
     <span class='ocr_line' id='line_1_16' title="bbox 58 1355 592 1420; baseline 0.006 -16"><span class='ocrx_word' id='word_1_81' title='bbox 58 1355 138 1405; x_wconf 88' lang='lat' dir='ltr'><strong>debet</strong></span> <span class='ocrx_word' id='word_1_82' title='bbox 167 1370 200 1405; x_wconf 85' lang='lat' dir='ltr'><strong>ex</strong></span> <span class='ocrx_word' id='word_1_83' title='bbox 231 1355 346 1420; x_wconf 88' lang='lat' dir='ltr'><strong>talento;</strong></span> <span class='ocrx_word' id='word_1_84' title='bbox 367 1356 435 1406; x_wconf 93' lang='lat' dir='ltr'><strong>alius</strong></span> <span class='ocrx_word' id='word_1_85' title='bbox 459 1366 592 1407; x_wconf 90' lang='lat' dir='ltr'><strong>terrenam</strong></span> 
     </span>
     <span class='ocr_line' id='line_1_17' title="bbox 59 1424 592 1492; baseline 0.004 -17"><span class='ocrx_word' id='word_1_86' title='bbox 59 1424 240 1475; x_wconf 89' lang='lat' dir='ltr'><strong>substantiam</strong></span> <span class='ocrx_word' id='word_1_87' title='bbox 268 1426 385 1491; x_wconf 90' lang='lat' dir='ltr'><strong>accepit,</strong></span> <span class='ocrx_word' id='word_1_88' title='bbox 411 1427 592 1492; x_wconf 81' lang='lat' dir='ltr'><strong>erogationem</strong></span> 
     </span>
     <span class='ocr_line' id='line_1_18' title="bbox 59 1495 593 1560; baseline 0.004 -14"><span class='ocrx_word' id='word_1_89' title='bbox 59 1495 152 1546; x_wconf 88' lang='lat' dir='ltr'><strong>talenti</strong></span> <span class='ocrx_word' id='word_1_90' title='bbox 165 1496 245 1547; x_wconf 91' lang='lat' dir='ltr'><strong>debet</strong></span> <span class='ocrx_word' id='word_1_91' title='bbox 259 1512 290 1546; x_wconf 84' lang='lat' dir='ltr'><strong>ex</strong></span> <span class='ocrx_word' id='word_1_92' title='bbox 306 1498 401 1560; x_wconf 86' lang='lat' dir='ltr'><strong>rebus;</strong></span> <span class='ocrx_word' id='word_1_93' title='bbox 418 1498 486 1547; x_wconf 91' lang='lat' dir='ltr'><strong>alius</strong></span> <span class='ocrx_word' id='word_1_94' title='bbox 500 1498 593 1548; x_wconf 89' lang='lat' dir='ltr'><strong>didicit</strong></span> 
     </span>
     <span class='ocr_line' id='line_1_19' title="bbox 58 1568 591 1633; baseline 0.004 -17"><span class='ocrx_word' id='word_1_95' title='bbox 58 1577 143 1617; x_wconf 89' lang='lat' dir='ltr'><strong>artem</strong></span> <span class='ocrx_word' id='word_1_96' title='bbox 156 1582 210 1633; x_wconf 87' lang='lat' dir='ltr'><strong>qua</strong></span> <span class='ocrx_word' id='word_1_97' title='bbox 224 1568 350 1632; x_wconf 87' lang='lat' dir='ltr'><strong>pascitur,</strong></span> <span class='ocrx_word' id='word_1_98' title='bbox 369 1568 427 1633; x_wconf 91' lang='lat' dir='ltr'><strong>ipsa</strong></span> <span class='ocrx_word' id='word_1_99' title='bbox 448 1583 491 1618; x_wconf 91' lang='lat' dir='ltr'><strong>ars</strong></span> <span class='ocrx_word' id='word_1_100' title='bbox 508 1568 531 1618; x_wconf 91' lang='lat' dir='ltr'><strong>ei</strong></span> <span class='ocrx_word' id='word_1_101' title='bbox 549 1578 591 1619; x_wconf 90' lang='lat' dir='ltr'><strong>ta-</strong></span> 
     </span>
     <span class='ocr_line' id='line_1_20' title="bbox 60 1637 592 1704; baseline 0.006 -18"><span class='ocrx_word' id='word_1_102' title='bbox 60 1637 125 1689; x_wconf 81' lang='lat' dir='ltr'><strong>lenti</strong></span> <span class='ocrx_word' id='word_1_103' title='bbox 158 1638 312 1703; x_wconf 88' lang='lat' dir='ltr'><strong>acceptione</strong></span> <span class='ocrx_word' id='word_1_104' title='bbox 340 1648 493 1704; x_wconf 84' lang='lat' dir='ltr'><strong>reputatur3</strong></span> <span class='ocrx_word' id='word_1_105' title='bbox 523 1639 592 1690; x_wconf 91' lang='lat' dir='ltr'><strong>alius</strong></span> 
     </span>
     <span class='ocr_line' id='line_1_21' title="bbox 60 1709 592 1777; baseline 0.006 -17"><span class='ocrx_word' id='word_1_106' title='bbox 60 1709 251 1761; x_wconf 82' lang='lat' dir='ltr'><strong>familiaritatis</strong></span> <span class='ocrx_word' id='word_1_107' title='bbox 275 1711 364 1761; x_wconf 91' lang='lat' dir='ltr'><strong>locum</strong></span> <span class='ocrx_word' id='word_1_108' title='bbox 388 1713 458 1777; x_wconf 90' lang='lat' dir='ltr'><strong>apud</strong></span> <span class='ocrx_word' id='word_1_109' title='bbox 482 1713 592 1763; x_wconf 89' lang='lat' dir='ltr'><strong>divitem</strong></span> 
     </span>
     <span class='ocr_line' id='line_1_22' title="bbox 60 1779 593 1846; baseline 0.008 -17"><span class='ocrx_word' id='word_1_110' title='bbox 60 1779 169 1843; x_wconf 88' lang='lat' dir='ltr'><strong>meruit,</strong></span> <span class='ocrx_word' id='word_1_111' title='bbox 192 1781 324 1830; x_wconf 89' lang='lat' dir='ltr'><strong>talentum</strong></span> <span class='ocrx_word' id='word_1_112' title='bbox 338 1781 456 1846; x_wconf 86' lang='lat' dir='ltr'><strong>profecto</strong></span> <span class='ocrx_word' id='word_1_113' title='bbox 475 1782 593 1833; x_wconf 90' lang='lat' dir='ltr'><strong>familia-</strong></span> 
     </span>
     <span class='ocr_line' id='line_1_23' title="bbox 60 1851 594 1920; baseline 0.011 -19"><span class='ocrx_word' id='word_1_114' title='bbox 60 1851 146 1902; x_wconf 91' lang='lat' dir='ltr'><strong>ritatis</strong></span> <span class='ocrx_word' id='word_1_115' title='bbox 159 1852 269 1918; x_wconf 79' lang='lat' dir='ltr'><strong>accepit.</strong></span> <span class='ocrx_word' id='word_1_116' title='bbox 285 1853 394 1903; x_wconf 89' lang='lat' dir='ltr'><strong>Habens</strong></span> <span class='ocrx_word' id='word_1_117' title='bbox 408 1853 491 1920; x_wconf 87' lang='lat' dir='ltr'><strong>igitur</strong></span> <span class='ocrx_word' id='word_1_118' title='bbox 510 1856 594 1907; x_wconf 89' lang='lat' dir='ltr'><strong>intel-</strong></span> 
     </span>
     <span class='ocr_line' id='line_1_24' title="bbox 58 1923 590 1989; baseline 0.008 -17"><span class='ocrx_word' id='word_1_119' title='bbox 58 1923 170 1984; x_wconf 88' lang='lat' dir='ltr'><strong>lectum,</strong></span> <span class='ocrx_word' id='word_1_120' title='bbox 197 1932 270 1973; x_wconf 92' lang='lat' dir='ltr'><strong>curet</strong></span> <span class='ocrx_word' id='word_1_121' title='bbox 289 1924 409 1988; x_wconf 85' lang='lat' dir='ltr'><strong>omnino,</strong></span> <span class='ocrx_word' id='word_1_122' title='bbox 436 1941 469 1976; x_wconf 88' lang='lat' dir='ltr'><strong>ne</strong></span> <span class='ocrx_word' id='word_1_123' title='bbox 495 1936 590 1989; x_wconf 89' lang='lat' dir='ltr'><strong>taceat;</strong></span> 
     </span>
     <span class='ocr_line' id='line_1_25' title="bbox 59 1995 592 2065; baseline 0.008 -19"><span class='ocrx_word' id='word_1_124' title='bbox 59 1995 162 2046; x_wconf 88' lang='lat' dir='ltr'><strong>habens</strong></span> <span class='ocrx_word' id='word_1_125' title='bbox 187 2011 276 2046; x_wconf 91' lang='lat' dir='ltr'><strong>rerum</strong></span> <span class='ocrx_word' id='word_1_126' title='bbox 300 1997 465 2048; x_wconf 87' lang='lat' dir='ltr'><strong>affluentiam</strong></span> <span class='ocrx_word' id='word_1_127' title='bbox 490 1999 592 2065; x_wconf 88' lang='lat' dir='ltr'><strong>vigilet,</strong></span> 
     </span>
     <span class='ocr_line' id='line_1_26' title="bbox 60 2067 593 2137; baseline 0.008 -19"><span class='ocrx_word' id='word_1_128' title='bbox 60 2084 93 2119; x_wconf 90' lang='lat' dir='ltr'><strong>ne</strong></span> <span class='ocrx_word' id='word_1_129' title='bbox 117 2084 134 2119; x_wconf 89' lang='lat' dir='ltr'><strong>a</strong></span> <span class='ocrx_word' id='word_1_130' title='bbox 156 2067 349 2120; x_wconf 86' lang='lat' dir='ltr'><strong>misericordiae</strong></span> <span class='ocrx_word' id='word_1_131' title='bbox 368 2071 489 2136; x_wconf 86' lang='lat' dir='ltr'><strong>largitate</strong></span> <span class='ocrx_word' id='word_1_132' title='bbox 503 2081 593 2137; x_wconf 89' lang='lat' dir='ltr'><strong>torpe-</strong></span> 
     </span>
     <span class='ocr_line' id='line_1_27' title="bbox 59 2139 594 2208; baseline 0.009 -20"><span class='ocrx_word' id='word_1_133' title='bbox 59 2151 126 2202; x_wconf 85' lang='lat' dir='ltr'><strong>scat;</strong></span> <span class='ocrx_word' id='word_1_134' title='bbox 158 2139 264 2190; x_wconf 85' lang='lat' dir='ltr'><strong>habens</strong></span> <span class='ocrx_word' id='word_1_135' title='bbox 297 2149 381 2191; x_wconf 92' lang='lat' dir='ltr'><strong>artem</strong></span> <span class='ocrx_word' id='word_1_136' title='bbox 411 2157 464 2207; x_wconf 89' lang='lat' dir='ltr'><strong>qua</strong></span> <span class='ocrx_word' id='word_1_137' title='bbox 492 2142 594 2208; x_wconf 88' lang='lat' dir='ltr'><strong>regitur</strong></span> 
     </span>
     <span class='ocr_line' id='line_1_28' title="bbox 58 2212 592 2280; baseline 0.009 -22"><span class='ocrx_word' id='word_1_138' title='bbox 58 2225 223 2276; x_wconf 89' lang='lat' dir='ltr'><strong>magnopere</strong></span> <span class='ocrx_word' id='word_1_139' title='bbox 237 2212 350 2271; x_wconf 86' lang='lat' dir='ltr'><strong>studeat,</strong></span> <span class='ocrx_word' id='word_1_140' title='bbox 365 2223 396 2261; x_wconf 90' lang='lat' dir='ltr'><strong>ut</strong></span> <span class='ocrx_word' id='word_1_141' title='bbox 414 2228 493 2262; x_wconf 91' lang='lat' dir='ltr'><strong>usum</strong></span> <span class='ocrx_word' id='word_1_142' title='bbox 511 2223 592 2280; x_wconf 92' lang='lat' dir='ltr'><strong>atque</strong></span> 
     </span>
     <span class='ocr_line' id='line_1_29' title="bbox 57 2279 593 2348; baseline 0.007 -19"><span class='ocrx_word' id='word_1_143' title='bbox 57 2279 202 2330; x_wconf 87' lang='lat' dir='ltr'><strong>utilitatem</strong></span> <span class='ocrx_word' id='word_1_144' title='bbox 226 2280 300 2330; x_wconf 92' lang='lat' dir='ltr'><strong>illius</strong></span> <span class='ocrx_word' id='word_1_145' title='bbox 319 2297 381 2331; x_wconf 89' lang='lat' dir='ltr'><strong>cum</strong></span> <span class='ocrx_word' id='word_1_146' title='bbox 401 2283 525 2347; x_wconf 87' lang='lat' dir='ltr'><strong>proximo</strong></span> <span class='ocrx_word' id='word_1_147' title='bbox 544 2298 593 2348; x_wconf 92' lang='lat' dir='ltr'><strong>pa-</strong></span> 
     </span>
     <span class='ocr_line' id='line_1_30' title="bbox 58 2352 592 2422; baseline 0.007 -20"><span class='ocrx_word' id='word_1_148' title='bbox 58 2352 154 2418; x_wconf 82' lang='lat' dir='ltr'><strong>tiatur3</strong></span> <span class='ocrx_word' id='word_1_149' title='bbox 181 2354 308 2421; x_wconf 90' lang='lat' dir='ltr'><strong>loquendi</strong></span> <span class='ocrx_word' id='word_1_150' title='bbox 340 2357 429 2406; x_wconf 91' lang='lat' dir='ltr'><strong>locum</strong></span> <span class='ocrx_word' id='word_1_151' title='bbox 454 2358 524 2422; x_wconf 89' lang='lat' dir='ltr'><strong>apud</strong></span> <span class='ocrx_word' id='word_1_152' title='bbox 550 2357 592 2406; x_wconf 92' lang='lat' dir='ltr'><strong>di-</strong></span> 
     </span>
     <span class='ocr_line' id='line_1_31' title="bbox 59 2423 593 2492; baseline 0.002 -18"><span class='ocrx_word' id='word_1_153' title='bbox 59 2423 143 2475; x_wconf 86' lang='lat' dir='ltr'><strong>vitem</strong></span> <span class='ocrx_word' id='word_1_154' title='bbox 163 2424 274 2485; x_wconf 83' lang='lat' dir='ltr'><strong>habens,</strong></span> <span class='ocrx_word' id='word_1_155' title='bbox 290 2442 338 2491; x_wconf 93' lang='lat' dir='ltr'><strong>pro</strong></span> <span class='ocrx_word' id='word_1_156' title='bbox 365 2427 527 2492; x_wconf 91' lang='lat' dir='ltr'><strong>pauperibus</strong></span> <span class='ocrx_word' id='word_1_157' title='bbox 548 2427 593 2476; x_wconf 91' lang='lat' dir='ltr'><strong>in-</strong></span> 
     </span>
     <span class='ocr_line' id='line_1_32' title="bbox 58 2495 593 2563; baseline 0.002 -19"><span class='ocrx_word' id='word_1_158' title='bbox 58 2495 182 2546; x_wconf 88' lang='lat' dir='ltr'><strong>tercedat.</strong></span> <span class='ocrx_word' id='word_1_159' title='bbox 198 2496 316 2547; x_wconf 89' lang='lat' dir='ltr'><strong>Tantum</strong></span> <span class='ocrx_word' id='word_1_160' title='bbox 341 2497 441 2563; x_wconf 91' lang='lat' dir='ltr'><strong>quippe</strong></span> <span class='ocrx_word' id='word_1_161' title='bbox 472 2497 505 2546; x_wconf 91' lang='lat' dir='ltr'><strong>ab</strong></span> <span class='ocrx_word' id='word_1_162' title='bbox 540 2512 593 2546; x_wconf 90' lang='lat' dir='ltr'><strong>uno</strong></span> 
     </span>
     <span class='ocr_line' id='line_1_33' title="bbox 59 2567 593 2630; baseline 0.002 -16"><span class='ocrx_word' id='word_1_163' title='bbox 59 2579 170 2630; x_wconf 89' lang='lat' dir='ltr'><strong>quoque</strong></span> <span class='ocrx_word' id='word_1_164' title='bbox 201 2575 324 2615; x_wconf 89' lang='lat' dir='ltr'><strong>nostrum</strong></span> <span class='ocrx_word' id='word_1_165' title='bbox 353 2578 481 2617; x_wconf 90' lang='lat' dir='ltr'><strong>venturus</strong></span> <span class='ocrx_word' id='word_1_166' title='bbox 510 2567 593 2616; x_wconf 83' lang='lat' dir='ltr'><strong>ludex</strong></span> 
     </span>
    </p>
   </div>
   <div class='ocr_carea' id='block_1_3' title="bbox 58 2634 605 2701">
    <p class='ocr_par' dir='ltr' id='par_1_3' title="bbox 58 2634 605 2701">
     <span class='ocr_line' id='line_1_34' title="bbox 58 2634 605 2701; baseline 0.004 -17"><span class='ocrx_word' id='word_1_167' title='bbox 58 2634 152 2700; x_wconf 78' lang='lat' dir='ltr'><strong>exigit,</strong></span> <span class='ocrx_word' id='word_1_168' title='bbox 181 2645 314 2701; x_wconf 89' lang='lat' dir='ltr'><strong>quantum</strong></span> <span class='ocrx_word' id='word_1_169' title='bbox 331 2636 414 2688; x_wconf 89' lang='lat' dir='ltr'><strong>dedit.</strong></span> <span class='ocrx_word' id='word_1_170' title='bbox 428 2656 441 2683; x_wconf 79' lang='lat' dir='ltr'><strong>v</strong></span> <span class='ocrx_word' id='word_1_171' title='bbox 459 2637 605 2687; x_wconf 53' lang='lat' dir='ltr'><strong>Conside»</strong></span> 
     </span>
    </p>
   </div>
   <div class='ocr_carea' id='block_1_4' title="bbox 57 2708 595 3844">
    <p class='ocr_par' dir='ltr' id='par_1_4' title="bbox 57 2708 595 3844">
     <span class='ocr_line' id='line_1_35' title="bbox 59 2708 595 2775; baseline 0.007 -21"><span class='ocrx_word' id='word_1_172' title='bbox 59 2720 150 2756; x_wconf 91' lang='lat' dir='ltr'><strong>remus</strong></span> <span class='ocrx_word' id='word_1_173' title='bbox 169 2721 233 2772; x_wconf 87' lang='lat' dir='ltr'><strong>ergo</strong></span> <span class='ocrx_word' id='word_1_174' title='bbox 256 2723 317 2773; x_wconf 88' lang='lat' dir='ltr'><strong>quae</strong></span> <span class='ocrx_word' id='word_1_175' title='bbox 341 2708 502 2774; x_wconf 89' lang='lat' dir='ltr'><strong>accepimus,</strong></span> <span class='ocrx_word' id='word_1_176' title='bbox 516 2718 595 2775; x_wconf 89' lang='lat' dir='ltr'><strong>atque</strong></span> 
     </span>
     <span class='ocr_line' id='line_1_36' title="bbox 61 2775 592 2844; baseline 0.006 -20"><span class='ocrx_word' id='word_1_177' title='bbox 61 2775 89 2825; x_wconf 90' lang='lat' dir='ltr'><strong>in</strong></span> <span class='ocrx_word' id='word_1_178' title='bbox 117 2791 214 2827; x_wconf 91' lang='lat' dir='ltr'><strong>eorum</strong></span> <span class='ocrx_word' id='word_1_179' title='bbox 246 2778 400 2844; x_wconf 87' lang='lat' dir='ltr'><strong>erogatione</strong></span> <span class='ocrx_word' id='word_1_180' title='bbox 430 2778 592 2844; x_wconf 90' lang='lat' dir='ltr'><strong>vigilemus,</strong></span> 
     </span>
     <span class='ocr_line' id='line_1_37' title="bbox 60 2847 592 2915; baseline 0.008 -19"><span class='ocrx_word' id='word_1_181' title='bbox 60 2847 136 2898; x_wconf 89' lang='lat' dir='ltr'><strong>nulla</strong></span> <span class='ocrx_word' id='word_1_182' title='bbox 157 2863 209 2898; x_wconf 93' lang='lat' dir='ltr'><strong>nos</strong></span> <span class='ocrx_word' id='word_1_183' title='bbox 232 2863 246 2898; x_wconf 90' lang='lat' dir='ltr'><strong>a</strong></span> <span class='ocrx_word' id='word_1_184' title='bbox 264 2849 395 2914; x_wconf 90' lang='lat' dir='ltr'><strong>spirituali</strong></span> <span class='ocrx_word' id='word_1_185' title='bbox 412 2865 491 2915; x_wconf 90' lang='lat' dir='ltr'><strong>opere</strong></span> <span class='ocrx_word' id='word_1_186' title='bbox 507 2859 592 2900; x_wconf 91' lang='lat' dir='ltr'><strong>terre-</strong></span> 
     </span>
     <span class='ocr_line' id='line_1_38' title="bbox 60 2917 594 2984; baseline 0.006 -18"><span class='ocrx_word' id='word_1_187' title='bbox 60 2933 94 2968; x_wconf 93' lang='lat' dir='ltr'><strong>na</strong></span> <span class='ocrx_word' id='word_1_188' title='bbox 119 2932 185 2968; x_wconf 84' lang='lat' dir='ltr'><strong>cura</strong></span> <span class='ocrx_word' id='word_1_189' title='bbox 204 2917 342 2984; x_wconf 88' lang='lat' dir='ltr'><strong>impediat,</strong></span> <span class='ocrx_word' id='word_1_190' title='bbox 365 2935 399 2968; x_wconf 91' lang='lat' dir='ltr'><strong>ne</strong></span> <span class='ocrx_word' id='word_1_191' title='bbox 421 2920 444 2968; x_wconf 91' lang='lat' dir='ltr'><strong>si</strong></span> <span class='ocrx_word' id='word_1_192' title='bbox 470 2919 497 2968; x_wconf 89' lang='lat' dir='ltr'><strong>in</strong></span> <span class='ocrx_word' id='word_1_193' title='bbox 525 2930 594 2969; x_wconf 88' lang='lat' dir='ltr'><strong>terra</strong></span> 
     </span>
     <span class='ocr_line' id='line_1_39' title="bbox 58 2991 593 3052; baseline 0.002 -12"><span class='ocrx_word' id='word_1_194' title='bbox 58 2991 191 3041; x_wconf 88' lang='lat' dir='ltr'><strong>talentum</strong></span> <span class='ocrx_word' id='word_1_195' title='bbox 214 2992 398 3052; x_wconf 90' lang='lat' dir='ltr'><strong>absconditur,</strong></span> <span class='ocrx_word' id='word_1_196' title='bbox 424 2992 516 3042; x_wconf 89' lang='lat' dir='ltr'><strong>talenti</strong></span> <span class='ocrx_word' id='word_1_197' title='bbox 536 2993 593 3041; x_wconf 95' lang='lat' dir='ltr'><strong>Do-</strong></span> 
     </span>
     <span class='ocr_line' id='line_1_40' title="bbox 59 3061 593 3129; baseline 0.006 -18"><span class='ocrx_word' id='word_1_198' title='bbox 59 3061 153 3113; x_wconf 86' lang='lat' dir='ltr'><strong>minus</strong></span> <span class='ocrx_word' id='word_1_199' title='bbox 174 3062 207 3112; x_wconf 90' lang='lat' dir='ltr'><strong>ad</strong></span> <span class='ocrx_word' id='word_1_200' title='bbox 229 3062 296 3113; x_wconf 88' lang='lat' dir='ltr'><strong>iram</strong></span> <span class='ocrx_word' id='word_1_201' title='bbox 321 3074 487 3129; x_wconf 90' lang='lat' dir='ltr'><strong>provocetur.</strong></span> <span class='ocrx_word' id='word_1_202' title='bbox 520 3064 593 3114; x_wconf 88' lang='lat' dir='ltr'><strong>Unde</strong></span> 
     </span>
     <span class='ocr_line' id='line_1_41' title="bbox 57 3133 592 3200; baseline 0.002 -17"><span class='ocrx_word' id='word_1_203' title='bbox 57 3133 256 3199; x_wconf 81' lang='lat' dir='ltr'><strong>Augustinus:</strong></span> <span class='ocrx_word' id='word_1_204' title='bbox 276 3135 497 3200; x_wconf 87' lang='lat' dir='ltr'><strong>«Unusquisque</strong></span> <span class='ocrx_word' id='word_1_205' title='bbox 520 3135 592 3200; x_wconf 90' lang='lat' dir='ltr'><strong>quod</strong></span> 
     </span>
     <span class='ocr_line' id='line_1_42' title="bbox 59 3203 591 3270; baseline 0.002 -16"><span class='ocrx_word' id='word_1_206' title='bbox 59 3203 140 3255; x_wconf 85' lang='lat' dir='ltr'><strong>habet</strong></span> <span class='ocrx_word' id='word_1_207' title='bbox 154 3214 262 3270; x_wconf 87' lang='lat' dir='ltr'><strong>praestet</strong></span> <span class='ocrx_word' id='word_1_208' title='bbox 280 3204 366 3265; x_wconf 90' lang='lat' dir='ltr'><strong>alteri,</strong></span> <span class='ocrx_word' id='word_1_209' title='bbox 382 3205 516 3270; x_wconf 90' lang='lat' dir='ltr'><strong>quidquid</strong></span> <span class='ocrx_word' id='word_1_210' title='bbox 531 3207 591 3270; x_wconf 91' lang='lat' dir='ltr'><strong>plus</strong></span> 
     </span>
     <span class='ocr_line' id='line_1_43' title="bbox 58 3273 592 3341; baseline 0.004 -18"><span class='ocrx_word' id='word_1_211' title='bbox 58 3273 141 3325; x_wconf 90' lang='lat' dir='ltr'><strong>habet</strong></span> <span class='ocrx_word' id='word_1_212' title='bbox 156 3274 285 3340; x_wconf 90' lang='lat' dir='ltr'><strong>largiatur</strong></span> <span class='ocrx_word' id='word_1_213' title='bbox 308 3275 392 3341; x_wconf 87' lang='lat' dir='ltr'><strong>inopi.</strong></span> <span class='ocrx_word' id='word_1_214' title='bbox 412 3276 488 3325; x_wconf 84' lang='lat' dir='ltr'><strong>Alius</strong></span> <span class='ocrx_word' id='word_1_215' title='bbox 511 3276 592 3326; x_wconf 88' lang='lat' dir='ltr'><strong>habet</strong></span> 
     </span>
     <span class='ocr_line' id='line_1_44' title="bbox 58 3347 592 3414; baseline 0.002 -16"><span class='ocrx_word' id='word_1_216' title='bbox 58 3347 224 3413; x_wconf 88' lang='lat' dir='ltr'><strong>pecuniam:</strong></span> <span class='ocrx_word' id='word_1_217' title='bbox 241 3359 329 3414; x_wconf 90' lang='lat' dir='ltr'><strong>pascat</strong></span> <span class='ocrx_word' id='word_1_218' title='bbox 359 3364 519 3414; x_wconf 88' lang='lat' dir='ltr'><strong>pauperem,</strong></span> <span class='ocrx_word' id='word_1_219' title='bbox 543 3365 592 3399; x_wconf 91' lang='lat' dir='ltr'><strong>ve-</strong></span> 
     </span>
     <span class='ocr_line' id='line_1_45' title="bbox 58 3419 591 3480; baseline -0.004 -10"><span class='ocrx_word' id='word_1_220' title='bbox 58 3419 122 3471; x_wconf 89' lang='lat' dir='ltr'><strong>stiat</strong></span> <span class='ocrx_word' id='word_1_221' title='bbox 145 3421 266 3480; x_wconf 89' lang='lat' dir='ltr'><strong>nudum,</strong></span> <span class='ocrx_word' id='word_1_222' title='bbox 293 3419 407 3470; x_wconf 88' lang='lat' dir='ltr'><strong>aedificet</strong></span> <span class='ocrx_word' id='word_1_223' title='bbox 435 3420 591 3476; x_wconf 87' lang='lat' dir='ltr'><strong>ecclesiam,</strong></span> 
     </span>
     <span class='ocr_line' id='line_1_46' title="bbox 57 3490 591 3556; baseline 0.002 -17"><span class='ocrx_word' id='word_1_224' title='bbox 57 3500 186 3556; x_wconf 87' lang='lat' dir='ltr'><strong>operetur</strong></span> <span class='ocrx_word' id='word_1_225' title='bbox 197 3490 230 3539; x_wconf 91' lang='lat' dir='ltr'><strong>de</strong></span> <span class='ocrx_word' id='word_1_226' title='bbox 243 3491 357 3554; x_wconf 88' lang='lat' dir='ltr'><strong>pecunia</strong></span> <span class='ocrx_word' id='word_1_227' title='bbox 372 3490 505 3556; x_wconf 91' lang='lat' dir='ltr'><strong>quidquid</strong></span> <span class='ocrx_word' id='word_1_228' title='bbox 526 3490 591 3540; x_wconf 92' lang='lat' dir='ltr'><strong>boni</strong></span> 
     </span>
     <span class='ocr_line' id='line_1_47' title="bbox 57 3556 592 3629; baseline 0.002 -17"><span class='ocrx_word' id='word_1_229' title='bbox 57 3572 155 3629; x_wconf 88' lang='lat' dir='ltr'><strong>potest.</strong></span> <span class='ocrx_word' id='word_1_230' title='bbox 178 3563 256 3613; x_wconf 84' lang='lat' dir='ltr'><strong>Alius</strong></span> <span class='ocrx_word' id='word_1_231' title='bbox 270 3562 350 3613; x_wconf 86' lang='lat' dir='ltr'><strong>habet</strong></span> <span class='ocrx_word' id='word_1_232' title='bbox 372 3562 516 3612; x_wconf 90' lang='lat' dir='ltr'><strong>consilium</strong></span> <span class='ocrx_word' id='word_1_233' title='bbox 528 3556 592 3613; x_wconf 82' lang='lat' dir='ltr'><strong>:re-</strong></span> 
     </span>
     <span class='ocr_line' id='line_1_48' title="bbox 57 3633 592 3700; baseline -0.002 -15"><span class='ocrx_word' id='word_1_234' title='bbox 57 3643 103 3699; x_wconf 84' lang='lat' dir='ltr'><strong>gat</strong></span> <span class='ocrx_word' id='word_1_235' title='bbox 125 3633 292 3700; x_wconf 88' lang='lat' dir='ltr'><strong>proximum,</strong></span> <span class='ocrx_word' id='word_1_236' title='bbox 309 3635 389 3700; x_wconf 90' lang='lat' dir='ltr'><strong>pellat</strong></span> <span class='ocrx_word' id='word_1_237' title='bbox 402 3633 525 3684; x_wconf 90' lang='lat' dir='ltr'><strong>tenebras</strong></span> <span class='ocrx_word' id='word_1_238' title='bbox 539 3635 592 3684; x_wconf 95' lang='lat' dir='ltr'><strong>du-</strong></span> 
     </span>
     <span class='ocr_line' id='line_1_49' title="bbox 58 3703 591 3771; baseline 0 -17"><span class='ocrx_word' id='word_1_239' title='bbox 58 3703 203 3755; x_wconf 90' lang='lat' dir='ltr'><strong>bitationis</strong></span> <span class='ocrx_word' id='word_1_240' title='bbox 225 3705 282 3755; x_wconf 89' lang='lat' dir='ltr'><strong>luce</strong></span> <span class='ocrx_word' id='word_1_241' title='bbox 302 3705 425 3771; x_wconf 90' lang='lat' dir='ltr'><strong>pectoris.</strong></span> <span class='ocrx_word' id='word_1_242' title='bbox 449 3704 526 3754; x_wconf 83' lang='lat' dir='ltr'><strong>Alius</strong></span> <span class='ocrx_word' id='word_1_243' title='bbox 540 3705 591 3754; x_wconf 91' lang='lat' dir='ltr'><strong>ha-</strong></span> 
     </span>
     <span class='ocr_line' id='line_1_50' title="bbox 57 3776 592 3844; baseline 0 -17"><span class='ocrx_word' id='word_1_244' title='bbox 57 3776 104 3827; x_wconf 90' lang='lat' dir='ltr'><strong>bet</strong></span> <span class='ocrx_word' id='word_1_245' title='bbox 127 3776 279 3827; x_wconf 89' lang='lat' dir='ltr'><strong>doctrinam</strong></span> <span class='ocrx_word' id='word_1_246' title='bbox 306 3795 313 3829; x_wconf 71' lang='grc' dir='ltr'><strong>ι</strong></span> <span class='ocrx_word' id='word_1_247' title='bbox 342 3793 404 3844; x_wconf 88' lang='lat' dir='ltr'><strong>ergo</strong></span> <span class='ocrx_word' id='word_1_248' title='bbox 425 3779 458 3828; x_wconf 92' lang='lat' dir='ltr'><strong>de</strong></span> <span class='ocrx_word' id='word_1_249' title='bbox 484 3777 592 3827; x_wconf 90' lang='lat' dir='ltr'><strong>cellario</strong></span> 
     </span>
    </p>
   </div>
   <div class='ocr_carea' id='block_1_5' title="bbox 56 3845 612 3912">
    <p class='ocr_par' dir='ltr' id='par_1_5' title="bbox 56 3845 612 3912">
     <span class='ocr_line' id='line_1_51' title="bbox 56 3845 612 3912; baseline 0 -14"><span class='ocrx_word' id='word_1_250' title='bbox 56 3845 172 3899; x_wconf 89' lang='lat' dir='ltr'><strong>Domini</strong></span> <span class='ocrx_word' id='word_1_251' title='bbox 185 3847 320 3900; x_wconf 91' lang='lat' dir='ltr'><strong>ministret</strong></span> <span class='ocrx_word' id='word_1_252' title='bbox 331 3848 469 3900; x_wconf 87' lang='lat' dir='ltr'><strong>conservis</strong></span> <span class='ocrx_word' id='word_1_253' title='bbox 482 3847 590 3912; x_wconf 89' lang='lat' dir='ltr'><strong>cibaria,</strong></span> <span class='ocrx_word' id='word_1_254' title='bbox 610 3870 612 3874; x_wconf 95' lang='lat'>·</span> 
     </span>
    </p>
   </div>
   <div class='ocr_carea' id='block_1_6' title="bbox 643 358 1180 3836">
    <p class='ocr_par' dir='ltr' id='par_1_6' title="bbox 643 358 1180 3836">
     <span class='ocr_line' id='line_1_52' title="bbox 648 358 1177 420; baseline 0.002 -13"><span class='ocrx_word' id='word_1_255' title='bbox 648 358 779 409; x_wconf 89' lang='lat' dir='ltr'><strong>confortet</strong></span> <span class='ocrx_word' id='word_1_256' title='bbox 801 359 902 420; x_wconf 87' lang='lat' dir='ltr'><strong>fideles,</strong></span> <span class='ocrx_word' id='word_1_257' title='bbox 924 358 1027 410; x_wconf 83' lang='lat' dir='ltr'><strong>revocet</strong></span> <span class='ocrx_word' id='word_1_258' title='bbox 1050 368 1177 417; x_wconf 83' lang='lat' dir='ltr'><strong>errantes,</strong></span> 
     </span>
     <span class='ocr_line' id='line_1_53' title="bbox 647 432 1178 496; baseline 0.002 -17"><span class='ocrx_word' id='word_1_259' title='bbox 647 440 748 495; x_wconf 87' lang='lat' dir='ltr'><strong>quaerat</strong></span> <span class='ocrx_word' id='word_1_260' title='bbox 775 432 903 496; x_wconf 90' lang='lat' dir='ltr'><strong>perditos,</strong></span> <span class='ocrx_word' id='word_1_261' title='bbox 930 440 1063 496; x_wconf 88' lang='lat' dir='ltr'><strong>quantum</strong></span> <span class='ocrx_word' id='word_1_262' title='bbox 1089 440 1178 495; x_wconf 90' lang='lat' dir='ltr'><strong>potest</strong></span> 
     </span>
     <span class='ocr_line' id='line_1_54' title="bbox 647 499 1178 568; baseline 0.006 -19"><span class='ocrx_word' id='word_1_263' title='bbox 647 499 732 553; x_wconf 87' lang='lat' dir='ltr'><strong>faciat.</strong></span> <span class='ocrx_word' id='word_1_264' title='bbox 749 503 794 552; x_wconf 90' lang='lat' dir='ltr'><strong>Est</strong></span> <span class='ocrx_word' id='word_1_265' title='bbox 811 505 884 566; x_wconf 91' lang='lat' dir='ltr'><strong>quod</strong></span> <span class='ocrx_word' id='word_1_266' title='bbox 894 503 946 553; x_wconf 92' lang='lat' dir='ltr'><strong>sibi</strong></span> <span class='ocrx_word' id='word_1_267' title='bbox 962 512 1071 568; x_wconf 87' lang='lat' dir='ltr'><strong>erogent</strong></span> <span class='ocrx_word' id='word_1_268' title='bbox 1083 517 1178 567; x_wconf 88' lang='lat' dir='ltr'><strong>paupe·</strong></span> 
     </span>
     <span class='ocr_line' id='line_1_55' title="bbox 646 575 1177 640; baseline -0.004 -17"><span class='ocrx_word' id='word_1_269' title='bbox 646 589 709 624; x_wconf 87' lang='lat' dir='ltr'><strong>res:</strong></span> <span class='ocrx_word' id='word_1_270' title='bbox 727 575 795 624; x_wconf 91' lang='lat' dir='ltr'><strong>alius</strong></span> <span class='ocrx_word' id='word_1_271' title='bbox 808 575 903 624; x_wconf 91' lang='lat' dir='ltr'><strong>claudo</strong></span> <span class='ocrx_word' id='word_1_272' title='bbox 924 576 1004 640; x_wconf 89' lang='lat' dir='ltr'><strong>pedes</strong></span> <span class='ocrx_word' id='word_1_273' title='bbox 1024 587 1177 622; x_wconf 90' lang='lat' dir='ltr'><strong>accommo-</strong></span> 
     </span>
     <span class='ocr_line' id='line_1_56' title="bbox 646 647 1178 708; baseline 0 -12"><span class='ocrx_word' id='word_1_274' title='bbox 646 647 700 708; x_wconf 87' lang='lat' dir='ltr'><strong>det,</strong></span> <span class='ocrx_word' id='word_1_275' title='bbox 719 648 788 698; x_wconf 91' lang='lat' dir='ltr'><strong>alius</strong></span> <span class='ocrx_word' id='word_1_276' title='bbox 803 663 873 698; x_wconf 88' lang='lat' dir='ltr'><strong>caeco</strong></span> <span class='ocrx_word' id='word_1_277' title='bbox 893 663 956 698; x_wconf 90' lang='lat' dir='ltr'><strong>suos</strong></span> <span class='ocrx_word' id='word_1_278' title='bbox 981 648 1073 697; x_wconf 91' lang='lat' dir='ltr'><strong>oculos</strong></span> <span class='ocrx_word' id='word_1_279' title='bbox 1095 647 1178 697; x_wconf 91' lang='lat' dir='ltr'><strong>duces</strong></span> 
     </span>
     <span class='ocr_line' id='line_1_57' title="bbox 647 716 1176 786; baseline -0.008 -16"><span class='ocrx_word' id='word_1_280' title='bbox 647 720 774 786; x_wconf 88' lang='lat' dir='ltr'><strong>praebeat,</strong></span> <span class='ocrx_word' id='word_1_281' title='bbox 807 719 876 769; x_wconf 90' lang='lat' dir='ltr'><strong>alius</strong></span> <span class='ocrx_word' id='word_1_282' title='bbox 897 719 988 769; x_wconf 89' lang='lat' dir='ltr'><strong>visitet</strong></span> <span class='ocrx_word' id='word_1_283' title='bbox 1017 716 1176 777; x_wconf 90' lang='lat' dir='ltr'><strong>infirmum,</strong></span> 
     </span>
     <span class='ocr_line' id='line_1_58' title="bbox 646 788 1178 857; baseline -0.004 -18"><span class='ocrx_word' id='word_1_284' title='bbox 646 790 716 840; x_wconf 91' lang='lat' dir='ltr'><strong>alius</strong></span> <span class='ocrx_word' id='word_1_285' title='bbox 738 791 847 857; x_wconf 86' lang='lat' dir='ltr'><strong>sepeliat</strong></span> <span class='ocrx_word' id='word_1_286' title='bbox 868 800 1019 843; x_wconf 87' lang='lat' dir='ltr'><strong>mortuos:</strong></span> <span class='ocrx_word' id='word_1_287' title='bbox 1042 799 1105 839; x_wconf 93' lang='lat' dir='ltr'><strong>sunt</strong></span> <span class='ocrx_word' id='word_1_288' title='bbox 1129 788 1178 837; x_wconf 90' lang='lat' dir='ltr'><strong>ista</strong></span> 
     </span>
     <span class='ocr_line' id='line_1_59' title="bbox 646 859 1177 926; baseline -0.008 -15"><span class='ocrx_word' id='word_1_289' title='bbox 646 861 674 911; x_wconf 90' lang='lat' dir='ltr'><strong>in</strong></span> <span class='ocrx_word' id='word_1_290' title='bbox 692 861 829 921; x_wconf 90' lang='lat' dir='ltr'><strong>omnibus,</strong></span> <span class='ocrx_word' id='word_1_291' title='bbox 844 871 875 911; x_wconf 92' lang='lat' dir='ltr'><strong>ut</strong></span> <span class='ocrx_word' id='word_1_292' title='bbox 888 876 998 926; x_wconf 91' lang='lat' dir='ltr'><strong>prorsus</strong></span> <span class='ocrx_word' id='word_1_293' title='bbox 1010 859 1119 909; x_wconf 88' lang='lat' dir='ltr'><strong>difficile</strong></span> <span class='ocrx_word' id='word_1_294' title='bbox 1132 859 1177 907; x_wconf 90' lang='lat' dir='ltr'><strong>in-</strong></span> 
     </span>
     <span class='ocr_line' id='line_1_60' title="bbox 646 930 1179 998; baseline -0.006 -17"><span class='ocrx_word' id='word_1_295' title='bbox 646 932 770 982; x_wconf 88' lang='lat' dir='ltr'><strong>veniatur</strong></span> <span class='ocrx_word' id='word_1_296' title='bbox 796 932 894 998; x_wconf 90' lang='lat' dir='ltr'><strong>aliquis</strong></span> <span class='ocrx_word' id='word_1_297' title='bbox 926 931 973 996; x_wconf 88' lang='lat' dir='ltr'><strong>qui</strong></span> <span class='ocrx_word' id='word_1_298' title='bbox 1001 945 1056 979; x_wconf 89' lang='lat' dir='ltr'><strong>nou</strong></span> <span class='ocrx_word' id='word_1_299' title='bbox 1083 930 1179 979; x_wconf 86' lang='lat' dir='ltr'><strong>habeat</strong></span> 
     </span>
     <span class='ocr_line' id='line_1_61' title="bbox 646 1000 1179 1068; baseline -0.006 -17"><span class='ocrx_word' id='word_1_300' title='bbox 646 1002 718 1052; x_wconf 91' lang='lat' dir='ltr'><strong>unde</strong></span> <span class='ocrx_word' id='word_1_301' title='bbox 729 1003 832 1068; x_wconf 85' lang='lat' dir='ltr'><strong>aliquid</strong></span> <span class='ocrx_word' id='word_1_302' title='bbox 848 1002 923 1052; x_wconf 85' lang='lat' dir='ltr'><strong>alteri</strong></span> <span class='ocrx_word' id='word_1_303' title='bbox 941 1009 1055 1066; x_wconf 88' lang='lat' dir='ltr'><strong>praestet,</strong></span> <span class='ocrx_word' id='word_1_304' title='bbox 1072 1009 1098 1049; x_wconf 90' lang='lat' dir='ltr'><strong>et</strong></span> <span class='ocrx_word' id='word_1_305' title='bbox 1112 1000 1179 1049; x_wconf 91' lang='lat' dir='ltr'><strong>illud</strong></span> 
     </span>
     <span class='ocr_line' id='line_1_62' title="bbox 646 1070 1178 1138; baseline -0.011 -14"><span class='ocrx_word' id='word_1_306' title='bbox 646 1083 796 1124; x_wconf 86' lang='lat' dir='ltr'><strong>extremum</strong></span> <span class='ocrx_word' id='word_1_307' title='bbox 825 1084 851 1124; x_wconf 91' lang='lat' dir='ltr'><strong>et</strong></span> <span class='ocrx_word' id='word_1_308' title='bbox 884 1088 1014 1138; x_wconf 86' lang='lat' dir='ltr'><strong>magnum</strong></span> <span class='ocrx_word' id='word_1_309' title='bbox 1043 1071 1116 1136; x_wconf 90' lang='lat' dir='ltr'><strong>quod</strong></span> <span class='ocrx_word' id='word_1_310' title='bbox 1141 1070 1178 1119; x_wconf 89' lang='lat' dir='ltr'><strong>ait</strong></span> 
     </span>
     <span class='ocr_line' id='line_1_63' title="bbox 645 1141 1178 1209; baseline -0.008 -15"><span class='ocrx_word' id='word_1_311' title='bbox 645 1145 791 1209; x_wconf 85' lang='lat' dir='ltr'><strong>Apostolus</strong></span> <span class='ocrx_word' id='word_1_312' title='bbox 809 1162 815 1195; x_wconf 92' lang='lat'><strong>:</strong></span> <span class='ocrx_word' id='word_1_313' title='bbox 834 1146 913 1196; x_wconf 83' lang='lat' dir='ltr'><strong>Alter</strong></span> <span class='ocrx_word' id='word_1_314' title='bbox 935 1143 1050 1193; x_wconf 84' lang='lat' dir='ltr'><strong>alterius</strong></span> <span class='ocrx_word' id='word_1_315' title='bbox 1067 1141 1178 1191; x_wconf 86' lang='lat' dir='ltr'><strong>invicem</strong></span> 
     </span>
     <span class='ocr_line' id='line_1_64' title="bbox 644 1211 1178 1282; baseline -0.007 -17"><span class='ocrx_word' id='word_1_316' title='bbox 644 1230 727 1265; x_wconf 85' lang='lat' dir='ltr'><strong>onera</strong></span> <span class='ocrx_word' id='word_1_317' title='bbox 747 1226 834 1266; x_wconf 89' lang='lat' dir='ltr'><strong>vestra</strong></span> <span class='ocrx_word' id='word_1_318' title='bbox 852 1221 971 1282; x_wconf 80' lang='lat' dir='ltr'><strong>portate,</strong></span> <span class='ocrx_word' id='word_1_319' title='bbox 998 1222 1047 1262; x_wconf 91' lang='lat' dir='ltr'><strong>etc.</strong></span> <span class='ocrx_word' id='word_1_320' title='bbox 1065 1231 1079 1260; x_wconf 79' lang='lat' dir='ltr'><strong>v</strong></span> <span class='ocrx_word' id='word_1_321' title='bbox 1100 1211 1178 1261; x_wconf 94' lang='lat' dir='ltr'><strong>Unde</strong></span> 
     </span>
     <span class='ocr_line' id='line_1_65' title="bbox 645 1282 1179 1356; baseline -0.009 -19"><span class='ocrx_word' id='word_1_322' title='bbox 645 1287 727 1337; x_wconf 91' lang='lat' dir='ltr'><strong>etiam</strong></span> <span class='ocrx_word' id='word_1_323' title='bbox 756 1288 967 1356; x_wconf 81' lang='lat' dir='ltr'><strong>chrysostomus</strong></span> <span class='ocrx_word' id='word_1_324' title='bbox 996 1303 1004 1335; x_wconf 91' lang='grc'><strong>.·</strong></span> <span class='ocrx_word' id='word_1_325' title='bbox 1034 1302 1048 1331; x_wconf 77' lang='lat' dir='ltr'><strong>a</strong></span> <span class='ocrx_word' id='word_1_326' title='bbox 1078 1282 1179 1333; x_wconf 91' lang='lat' dir='ltr'><strong>Omnia</strong></span> 
     </span>
     <span class='ocr_line' id='line_1_66' title="bbox 644 1353 1178 1423; baseline -0.009 -16"><span class='ocrx_word' id='word_1_327' title='bbox 644 1357 791 1409; x_wconf 86' lang='lat' dir='ltr'><strong>inferamus</strong></span> <span class='ocrx_word' id='word_1_328' title='bbox 813 1359 845 1408; x_wconf 91' lang='lat' dir='ltr'><strong>ad</strong></span> <span class='ocrx_word' id='word_1_329' title='bbox 864 1358 1050 1423; x_wconf 87' lang='lat' dir='ltr'><strong>proximorum</strong></span> <span class='ocrx_word' id='word_1_330' title='bbox 1074 1353 1178 1404; x_wconf 90' lang='lat' dir='ltr'><strong>utilita-</strong></span> 
     </span>
     <span class='ocr_line' id='line_1_67' title="bbox 644 1426 1176 1483; baseline -0.017 -1"><span class='ocrx_word' id='word_1_331' title='bbox 644 1442 698 1483; x_wconf 91' lang='lat' dir='ltr'><strong>tem</strong></span> <span class='ocrx_word' id='word_1_332' title='bbox 714 1448 721 1480; x_wconf 74' lang='grc' dir='ltr'>ε</span> <span class='ocrx_word' id='word_1_333' title='bbox 737 1432 833 1482; x_wconf 89' lang='lat' dir='ltr'><strong>talenta</strong></span> <span class='ocrx_word' id='word_1_334' title='bbox 847 1430 921 1479; x_wconf 89' lang='lat' dir='ltr'><strong>enim</strong></span> <span class='ocrx_word' id='word_1_335' title='bbox 936 1430 994 1479; x_wconf 87' lang='lat' dir='ltr'><strong>haec</strong></span> <span class='ocrx_word' id='word_1_336' title='bbox 1007 1436 1071 1477; x_wconf 89' lang='lat' dir='ltr'><strong>suut</strong></span> <span class='ocrx_word' id='word_1_337' title='bbox 1084 1426 1176 1475; x_wconf 89' lang='lat' dir='ltr'><strong>unius-</strong></span> 
     </span>
     <span class='ocr_line' id='line_1_68' title="bbox 643 1495 1172 1568; baseline -0.017 -15"><span class='ocrx_word' id='word_1_338' title='bbox 643 1504 773 1568; x_wconf 83' lang='lat' dir='ltr'><strong>cujusque</strong></span> <span class='ocrx_word' id='word_1_339' title='bbox 799 1501 894 1560; x_wconf 90' lang='lat' dir='ltr'><strong>virtus,</strong></span> <span class='ocrx_word' id='word_1_340' title='bbox 916 1500 972 1549; x_wconf 91' lang='lat' dir='ltr'><strong>sive</strong></span> <span class='ocrx_word' id='word_1_341' title='bbox 1000 1499 1027 1548; x_wconf 91' lang='lat' dir='ltr'><strong>in</strong></span> <span class='ocrx_word' id='word_1_342' title='bbox 1048 1495 1172 1562; x_wconf 84' lang='lat' dir='ltr'><strong>praeemi-</strong></span> 
     </span>
     <span class='ocr_line' id='line_1_69' title="bbox 645 1565 1175 1635; baseline -0.015 -12"><span class='ocrx_word' id='word_1_343' title='bbox 645 1572 745 1632; x_wconf 89' lang='lat' dir='ltr'><strong>nentia,</strong></span> <span class='ocrx_word' id='word_1_344' title='bbox 773 1570 830 1621; x_wconf 92' lang='lat' dir='ltr'><strong>sive</strong></span> <span class='ocrx_word' id='word_1_345' title='bbox 855 1570 883 1621; x_wconf 93' lang='lat' dir='ltr'><strong>in</strong></span> <span class='ocrx_word' id='word_1_346' title='bbox 911 1568 1041 1635; x_wconf 89' lang='lat' dir='ltr'><strong>pecuniis,</strong></span> <span class='ocrx_word' id='word_1_347' title='bbox 1070 1565 1175 1617; x_wconf 88' lang='lat' dir='ltr'><strong>sivein</strong></span> 
     </span>
     <span class='ocr_line' id='line_1_70' title="bbox 644 1635 1178 1705; baseline -0.015 -13"><span class='ocrx_word' id='word_1_348' title='bbox 644 1642 774 1701; x_wconf 91' lang='lat' dir='ltr'><strong>doctrina,</strong></span> <span class='ocrx_word' id='word_1_349' title='bbox 796 1641 852 1691; x_wconf 89' lang='lat' dir='ltr'><strong>sive</strong></span> <span class='ocrx_word' id='word_1_350' title='bbox 873 1640 902 1690; x_wconf 93' lang='lat' dir='ltr'><strong>in</strong></span> <span class='ocrx_word' id='word_1_351' title='bbox 926 1639 1105 1705; x_wconf 87' lang='lat' dir='ltr'><strong>qualicunque</strong></span> <span class='ocrx_word' id='word_1_352' title='bbox 1133 1635 1178 1686; x_wconf 91' lang='lat' dir='ltr'><strong>tali</strong></span> 
     </span>
     <span class='ocr_line' id='line_1_71' title="bbox 646 1705 1178 1778; baseline -0.017 -16"><span class='ocrx_word' id='word_1_353' title='bbox 646 1712 762 1778; x_wconf 88' lang='lat' dir='ltr'><strong>negotio.</strong></span> <span class='ocrx_word' id='word_1_354' title='bbox 800 1713 897 1762; x_wconf 92' lang='lat' dir='ltr'><strong>Nullus</strong></span> <span class='ocrx_word' id='word_1_355' title='bbox 929 1709 1014 1767; x_wconf 87' lang='lat' dir='ltr'><strong>dicat,</strong></span> <span class='ocrx_word' id='word_1_356' title='bbox 1048 1705 1178 1772; x_wconf 89' lang='lat' dir='ltr'><strong>quoniam</strong></span> 
     </span>
     <span class='ocr_line' id='line_1_72' title="bbox 645 1782 1178 1840; baseline -0.023 -3"><span class='ocrx_word' id='word_1_357' title='bbox 645 1803 731 1837; x_wconf 90' lang='lat' dir='ltr'><strong>unum</strong></span> <span class='ocrx_word' id='word_1_358' title='bbox 756 1786 887 1836; x_wconf 87' lang='lat' dir='ltr'><strong>talentum</strong></span> <span class='ocrx_word' id='word_1_359' title='bbox 922 1782 1031 1840; x_wconf 89' lang='lat' dir='ltr'><strong>habe0,</strong></span> <span class='ocrx_word' id='word_1_360' title='bbox 1059 1790 1085 1828; x_wconf 90' lang='lat' dir='ltr'><strong>et</strong></span> <span class='ocrx_word' id='word_1_361' title='bbox 1123 1794 1178 1827; x_wconf 92' lang='lat' dir='ltr'><strong>non</strong></span> 
     </span>
     <span class='ocr_line' id='line_1_73' title="bbox 645 1856 1179 1924; baseline -0.022 -15"><span class='ocrx_word' id='word_1_362' title='bbox 645 1873 755 1924; x_wconf 88' lang='lat' dir='ltr'><strong>possum</strong></span> <span class='ocrx_word' id='word_1_363' title='bbox 770 1856 862 1917; x_wconf 86' lang='lat' dir='ltr'><strong>facere,</strong></span> <span class='ocrx_word' id='word_1_364' title='bbox 879 1863 966 1922; x_wconf 89' lang='lat' dir='ltr'><strong>potest</strong></span> <span class='ocrx_word' id='word_1_365' title='bbox 985 1860 1010 1902; x_wconf 91' lang='lat' dir='ltr'><strong>et</strong></span> <span class='ocrx_word' id='word_1_366' title='bbox 1025 1865 1071 1916; x_wconf 92' lang='lat' dir='ltr'><strong>per</strong></span> <span class='ocrx_word' id='word_1_367' title='bbox 1091 1864 1179 1899; x_wconf 91' lang='lat' dir='ltr'><strong>unum</strong></span> 
     </span>
     <span class='ocr_line' id='line_1_74' title="bbox 645 1923 1178 1998; baseline -0.019 -16"><span class='ocrx_word' id='word_1_368' title='bbox 645 1932 807 1998; x_wconf 89' lang='lat' dir='ltr'><strong>approbatus</strong></span> <span class='ocrx_word' id='word_1_369' title='bbox 835 1944 893 1980; x_wconf 90' lang='lat' dir='ltr'><strong>esse</strong></span> <span class='ocrx_word' id='word_1_370' title='bbox 919 1946 925 1978; x_wconf 73' lang='grc' dir='ltr'>ι</span> <span class='ocrx_word' id='word_1_371' title='bbox 951 1942 1006 1977; x_wconf 90' lang='lat' dir='ltr'><strong>non</strong></span> <span class='ocrx_word' id='word_1_372' title='bbox 1041 1923 1114 1976; x_wconf 87' lang='lat' dir='ltr'><strong>enim</strong></span> <span class='ocrx_word' id='word_1_373' title='bbox 1150 1938 1178 1973; x_wconf 91' lang='lat' dir='ltr'><strong>es</strong></span> 
     </span>
     <span class='ocr_line' id='line_1_75' title="bbox 644 1995 1174 2066; baseline -0.019 -13"><span class='ocrx_word' id='word_1_374' title='bbox 644 2003 725 2053; x_wconf 90' lang='lat' dir='ltr'><strong>vidua</strong></span> <span class='ocrx_word' id='word_1_375' title='bbox 747 2001 793 2051; x_wconf 88' lang='lat' dir='ltr'><strong>illa</strong></span> <span class='ocrx_word' id='word_1_376' title='bbox 817 1998 968 2066; x_wconf 89' lang='lat' dir='ltr'><strong>pauperior,</strong></span> <span class='ocrx_word' id='word_1_377' title='bbox 993 2012 1049 2047; x_wconf 92' lang='lat' dir='ltr'><strong>non</strong></span> <span class='ocrx_word' id='word_1_378' title='bbox 1073 2010 1101 2045; x_wconf 91' lang='lat' dir='ltr'><strong>es</strong></span> <span class='ocrx_word' id='word_1_379' title='bbox 1124 1995 1174 2044; x_wconf 88' lang='lat' dir='ltr'><strong>Pe-</strong></span> 
     </span>
     <span class='ocr_line' id='line_1_76' title="bbox 644 2065 1178 2132; baseline -0.019 -8"><span class='ocrx_word' id='word_1_380' title='bbox 644 2084 686 2124; x_wconf 90' lang='lat' dir='ltr'><strong>tro</strong></span> <span class='ocrx_word' id='word_1_381' title='bbox 716 2083 741 2122; x_wconf 89' lang='lat' dir='ltr'><strong>et</strong></span> <span class='ocrx_word' id='word_1_382' title='bbox 771 2073 871 2123; x_wconf 84' lang='lat' dir='ltr'><strong>loanne</strong></span> <span class='ocrx_word' id='word_1_383' title='bbox 898 2069 1039 2128; x_wconf 85' lang='lat' dir='ltr'><strong>rusticior,</strong></span> <span class='ocrx_word' id='word_1_384' title='bbox 1076 2065 1122 2132; x_wconf 91' lang='lat' dir='ltr'><strong>qui</strong></span> <span class='ocrx_word' id='word_1_385' title='bbox 1152 2074 1178 2114; x_wconf 92' lang='lat' dir='ltr'><strong>et</strong></span> 
     </span>
     <span class='ocr_line' id='line_1_77' title="bbox 645 2136 1176 2199; baseline -0.017 -6"><span class='ocrx_word' id='word_1_386' title='bbox 645 2143 734 2193; x_wconf 89' lang='lat' dir='ltr'><strong>idiotae</strong></span> <span class='ocrx_word' id='word_1_387' title='bbox 769 2152 795 2193; x_wconf 89' lang='lat' dir='ltr'><strong>et</strong></span> <span class='ocrx_word' id='word_1_388' title='bbox 826 2140 942 2191; x_wconf 90' lang='lat' dir='ltr'><strong>illiterati</strong></span> <span class='ocrx_word' id='word_1_389' title='bbox 971 2138 1095 2199; x_wconf 88' lang='lat' dir='ltr'><strong>fuerunt;</strong></span> <span class='ocrx_word' id='word_1_390' title='bbox 1131 2136 1176 2184; x_wconf 92' lang='lat' dir='ltr'><strong>sed</strong></span> 
     </span>
     <span class='ocr_line' id='line_1_78' title="bbox 644 2210 1178 2286; baseline -0.017 -22"><span class='ocrx_word' id='word_1_391' title='bbox 644 2224 735 2264; x_wconf 91' lang='lat' dir='ltr'><strong>tamen</strong></span> <span class='ocrx_word' id='word_1_392' title='bbox 758 2213 888 2280; x_wconf 89' lang='lat' dir='ltr'><strong>quoniam</strong></span> <span class='ocrx_word' id='word_1_393' title='bbox 912 2210 1075 2262; x_wconf 88' lang='lat' dir='ltr'><strong>desiderium</strong></span> <span class='ocrx_word' id='word_1_394' title='bbox 1095 2223 1178 2286; x_wconf 83' lang='lat' dir='ltr'><strong>mon-</strong></span> 
     </span>
     <span class='ocr_line' id='line_1_79' title="bbox 645 2283 1177 2343; baseline -0.017 -9"><span class='ocrx_word' id='word_1_395' title='bbox 645 2293 802 2343; x_wconf 88' lang='lat' dir='ltr'><strong>straverunt,</strong></span> <span class='ocrx_word' id='word_1_396' title='bbox 828 2291 853 2332; x_wconf 92' lang='lat' dir='ltr'><strong>et</strong></span> <span class='ocrx_word' id='word_1_397' title='bbox 878 2283 910 2332; x_wconf 94' lang='lat' dir='ltr'><strong>ad</strong></span> <span class='ocrx_word' id='word_1_398' title='bbox 934 2294 1108 2331; x_wconf 88' lang='lat' dir='ltr'><strong>communem</strong></span> <span class='ocrx_word' id='word_1_399' title='bbox 1126 2285 1177 2326; x_wconf 83' lang='lat' dir='ltr'><strong>utr-</strong></span> 
     </span>
     <span class='ocr_line' id='line_1_80' title="bbox 644 2350 1178 2411; baseline -0.015 -7"><span class='ocrx_word' id='word_1_400' title='bbox 644 2353 747 2404; x_wconf 89' lang='lat' dir='ltr'><strong>litatem</strong></span> <span class='ocrx_word' id='word_1_401' title='bbox 768 2352 857 2403; x_wconf 88' lang='lat' dir='ltr'><strong>omnia</strong></span> <span class='ocrx_word' id='word_1_402' title='bbox 881 2351 1008 2409; x_wconf 86' lang='lat' dir='ltr'><strong>fecerunt,</strong></span> <span class='ocrx_word' id='word_1_403' title='bbox 1034 2350 1114 2399; x_wconf 84' lang='lat' dir='ltr'><strong>coelos</strong></span> <span class='ocrx_word' id='word_1_404' title='bbox 1128 2361 1178 2411; x_wconf 92' lang='lat' dir='ltr'><strong>ap-</strong></span> 
     </span>
     <span class='ocr_line' id='line_1_81' title="bbox 646 2417 1178 2490; baseline -0.017 -15"><span class='ocrx_word' id='word_1_405' title='bbox 646 2425 860 2490; x_wconf 90' lang='lat' dir='ltr'><strong>prehenderunt,</strong></span> <span class='ocrx_word' id='word_1_406' title='bbox 882 2422 950 2472; x_wconf 91' lang='lat' dir='ltr'><strong>nihil</strong></span> <span class='ocrx_word' id='word_1_407' title='bbox 977 2421 1050 2470; x_wconf 91' lang='lat' dir='ltr'><strong>enim</strong></span> <span class='ocrx_word' id='word_1_408' title='bbox 1074 2429 1114 2469; x_wconf 91' lang='lat' dir='ltr'><strong>est</strong></span> <span class='ocrx_word' id='word_1_409' title='bbox 1142 2417 1178 2467; x_wconf 86' lang='lat' dir='ltr'><strong>ita</strong></span> 
     </span>
     <span class='ocr_line' id='line_1_82' title="bbox 646 2491 1176 2545; baseline -0.019 0"><span class='ocrx_word' id='word_1_410' title='bbox 646 2497 701 2545; x_wconf 93' lang='lat' dir='ltr'><strong>Deo</strong></span> <span class='ocrx_word' id='word_1_411' title='bbox 724 2494 840 2544; x_wconf 90' lang='lat' dir='ltr'><strong>amicum</strong></span> <span class='ocrx_word' id='word_1_412' title='bbox 867 2493 937 2543; x_wconf 89' lang='lat' dir='ltr'><strong>sicut</strong></span> <span class='ocrx_word' id='word_1_413' title='bbox 957 2491 989 2540; x_wconf 91' lang='lat' dir='ltr'><strong>ad</strong></span> <span class='ocrx_word' id='word_1_414' title='bbox 1004 2502 1176 2539; x_wconf 89' lang='lat' dir='ltr'><strong>communem</strong></span> 
     </span>
     <span class='ocr_line' id='line_1_83' title="bbox 645 2560 1178 2626; baseline -0.019 -11"><span class='ocrx_word' id='word_1_415' title='bbox 645 2566 788 2615; x_wconf 82' lang='lat' dir='ltr'><strong>utilitatem</strong></span> <span class='ocrx_word' id='word_1_416' title='bbox 805 2564 900 2614; x_wconf 90' lang='lat' dir='ltr'><strong>vivere.</strong></span> <span class='ocrx_word' id='word_1_417' title='bbox 911 2564 1027 2626; x_wconf 85' lang='lat' dir='ltr'><strong>-Propter</strong></span> <span class='ocrx_word' id='word_1_418' title='bbox 1041 2560 1102 2617; x_wconf 93' lang='lat' dir='ltr'><strong>hoc,</strong></span> <span class='ocrx_word' id='word_1_419' title='bbox 1119 2573 1178 2608; x_wconf 91' lang='lat' dir='ltr'><strong>ser-</strong></span> 
     </span>
     <span class='ocr_line' id='line_1_84' title="bbox 646 2633 1177 2690; baseline -0.017 -4"><span class='ocrx_word' id='word_1_420' title='bbox 646 2652 754 2686; x_wconf 89' lang='lat' dir='ltr'><strong>monem</strong></span> <span class='ocrx_word' id='word_1_421' title='bbox 777 2635 856 2685; x_wconf 88' lang='lat' dir='ltr'><strong>nobis</strong></span> <span class='ocrx_word' id='word_1_422' title='bbox 876 2633 949 2684; x_wconf 91' lang='lat' dir='ltr'><strong>dedit</strong></span> <span class='ocrx_word' id='word_1_423' title='bbox 966 2633 1046 2690; x_wconf 92' lang='lat' dir='ltr'><strong>Deus,</strong></span> <span class='ocrx_word' id='word_1_424' title='bbox 1070 2639 1096 2680; x_wconf 93' lang='lat' dir='ltr'><strong>et</strong></span> <span class='ocrx_word' id='word_1_425' title='bbox 1117 2643 1177 2678; x_wconf 90' lang='lat' dir='ltr'><strong>ma-</strong></span> 
     </span>
     <span class='ocr_line' id='line_1_85' title="bbox 646 2700 1177 2772; baseline -0.019 -14"><span class='ocrx_word' id='word_1_426' title='bbox 646 2723 708 2770; x_wconf 90' lang='lat' dir='ltr'><strong>nus,</strong></span> <span class='ocrx_word' id='word_1_427' title='bbox 733 2718 758 2757; x_wconf 88' lang='lat' dir='ltr'><strong>et</strong></span> <span class='ocrx_word' id='word_1_428' title='bbox 774 2707 863 2772; x_wconf 88' lang='lat' dir='ltr'><strong>pedes,</strong></span> <span class='ocrx_word' id='word_1_429' title='bbox 887 2714 913 2754; x_wconf 88' lang='lat' dir='ltr'><strong>et</strong></span> <span class='ocrx_word' id='word_1_430' title='bbox 941 2701 1062 2767; x_wconf 91' lang='lat' dir='ltr'><strong>corporis</strong></span> <span class='ocrx_word' id='word_1_431' title='bbox 1088 2700 1177 2750; x_wconf 90' lang='lat' dir='ltr'><strong>virtu-</strong></span> 
     </span>
     <span class='ocr_line' id='line_1_86' title="bbox 646 2778 1180 2839; baseline -0.015 -11"><span class='ocrx_word' id='word_1_432' title='bbox 646 2789 710 2839; x_wconf 90' lang='lat' dir='ltr'><strong>tem,</strong></span> <span class='ocrx_word' id='word_1_433' title='bbox 725 2788 751 2828; x_wconf 91' lang='lat' dir='ltr'><strong>et</strong></span> <span class='ocrx_word' id='word_1_434' title='bbox 771 2778 945 2834; x_wconf 90' lang='lat' dir='ltr'><strong>intellectum,</strong></span> <span class='ocrx_word' id='word_1_435' title='bbox 966 2783 991 2824; x_wconf 90' lang='lat' dir='ltr'><strong>et</strong></span> <span class='ocrx_word' id='word_1_436' title='bbox 1014 2788 1134 2831; x_wconf 89' lang='lat' dir='ltr'><strong>sensum,</strong></span> <span class='ocrx_word' id='word_1_437' title='bbox 1148 2780 1180 2821; x_wconf 90' lang='lat' dir='ltr'><strong>ut</strong></span> 
     </span>
     <span class='ocr_line' id='line_1_87' title="bbox 646 2843 1177 2909; baseline -0.017 -9"><span class='ocrx_word' id='word_1_438' title='bbox 646 2851 775 2900; x_wconf 90' lang='lat' dir='ltr'><strong>omnibus</strong></span> <span class='ocrx_word' id='word_1_439' title='bbox 790 2849 831 2898; x_wconf 90' lang='lat' dir='ltr'><strong>his</strong></span> <span class='ocrx_word' id='word_1_440' title='bbox 841 2847 908 2898; x_wconf 92' lang='lat' dir='ltr'><strong>etad</strong></span> <span class='ocrx_word' id='word_1_441' title='bbox 920 2855 1039 2895; x_wconf 88' lang='lat' dir='ltr'><strong>nostram</strong></span> <span class='ocrx_word' id='word_1_442' title='bbox 1054 2843 1177 2909; x_wconf 90' lang='lat' dir='ltr'><strong>ipsorum</strong></span> 
     </span>
     <span class='ocr_line' id='line_1_88' title="bbox 646 2914 1178 2984; baseline -0.015 -12"><span class='ocrx_word' id='word_1_443' title='bbox 646 2924 769 2981; x_wconf 90' lang='lat' dir='ltr'><strong>salutem,</strong></span> <span class='ocrx_word' id='word_1_444' title='bbox 786 2919 855 2970; x_wconf 87' lang='lat' dir='ltr'><strong>etad</strong></span> <span class='ocrx_word' id='word_1_445' title='bbox 874 2917 1058 2984; x_wconf 85' lang='lat' dir='ltr'><strong>proximorum</strong></span> <span class='ocrx_word' id='word_1_446' title='bbox 1074 2914 1178 2964; x_wconf 88' lang='lat' dir='ltr'><strong>utilita-</strong></span> 
     </span>
     <span class='ocr_line' id='line_1_89' title="bbox 645 2975 1178 3053; baseline -0.015 -11"><span class='ocrx_word' id='word_1_447' title='bbox 645 3001 699 3042; x_wconf 90' lang='lat' dir='ltr'><strong>tem</strong></span> <span class='ocrx_word' id='word_1_448' title='bbox 719 3001 834 3041; x_wconf 88' lang='lat' dir='ltr'><strong>utamur.</strong></span> <span class='ocrx_word' id='word_1_449' title='bbox 853 2990 912 3038; x_wconf 92' lang='lat' dir='ltr'><strong>Non</strong></span> <span class='ocrx_word' id='word_1_450' title='bbox 929 3003 998 3053; x_wconf 92' lang='lat' dir='ltr'><strong>opus</strong></span> <span class='ocrx_word' id='word_1_451' title='bbox 1017 2997 1058 3036; x_wconf 91' lang='lat' dir='ltr'><strong>est</strong></span> <span class='ocrx_word' id='word_1_452' title='bbox 1085 2975 1178 3035; x_wconf 84' lang='lat' dir='ltr'><strong>multis</strong></span> 
     </span>
     <span class='ocr_line' id='line_1_90' title="bbox 645 3060 1176 3126; baseline -0.013 -11"><span class='ocrx_word' id='word_1_453' title='bbox 645 3065 689 3115; x_wconf 90' lang='lat' dir='ltr'><strong>hic</strong></span> <span class='ocrx_word' id='word_1_454' title='bbox 706 3063 785 3113; x_wconf 92' lang='lat' dir='ltr'><strong>nobis</strong></span> <span class='ocrx_word' id='word_1_455' title='bbox 800 3061 983 3120; x_wconf 88' lang='lat' dir='ltr'><strong>sermonibus,</strong></span> <span class='ocrx_word' id='word_1_456' title='bbox 994 3075 1082 3126; x_wconf 90' lang='lat' dir='ltr'><strong>neque</strong></span> <span class='ocrx_word' id='word_1_457' title='bbox 1097 3060 1176 3124; x_wconf 84' lang='lat' dir='ltr'><strong>longa</strong></span> 
     </span>
     <span class='ocr_line' id='line_1_91' title="bbox 645 3132 1178 3192; baseline -0.013 -6"><span class='ocrx_word' id='word_1_458' title='bbox 645 3135 825 3192; x_wconf 89' lang='lat' dir='ltr'><strong>circuitione,</strong></span> <span class='ocrx_word' id='word_1_459' title='bbox 863 3133 943 3184; x_wconf 91' lang='lat' dir='ltr'><strong>instat</strong></span> <span class='ocrx_word' id='word_1_460' title='bbox 978 3132 1052 3182; x_wconf 88' lang='lat' dir='ltr'><strong>enim</strong></span> <span class='ocrx_word' id='word_1_461' title='bbox 1084 3132 1178 3180; x_wconf 88' lang='lat' dir='ltr'><strong>beatus</strong></span> 
     </span>
     <span class='ocr_line' id='line_1_92' title="bbox 646 3201 1178 3269; baseline -0.017 -12"><span class='ocrx_word' id='word_1_462' title='bbox 646 3208 753 3269; x_wconf 87' lang='lat' dir='ltr'><strong>Paulus,</strong></span> <span class='ocrx_word' id='word_1_463' title='bbox 776 3205 948 3255; x_wconf 87' lang='lat' dir='ltr'><strong>ratiocinium</strong></span> <span class='ocrx_word' id='word_1_464' title='bbox 973 3203 1061 3253; x_wconf 86' lang='lat' dir='ltr'><strong>ferens</strong></span> <span class='ocrx_word' id='word_1_465' title='bbox 1090 3213 1115 3250; x_wconf 91' lang='lat' dir='ltr'><strong>et</strong></span> <span class='ocrx_word' id='word_1_466' title='bbox 1138 3201 1178 3249; x_wconf 90' lang='lat' dir='ltr'><strong>di-</strong></span> 
     </span>
     <span class='ocr_line' id='line_1_93' title="bbox 644 3272 1175 3328; baseline -0.017 0"><span class='ocrx_word' id='word_1_467' title='bbox 644 3293 726 3328; x_wconf 90' lang='lat' dir='ltr'><strong>cens:</strong></span> <span class='ocrx_word' id='word_1_468' title='bbox 742 3277 864 3327; x_wconf 81' lang='lat' dir='ltr'><strong>Dissolvi</strong></span> <span class='ocrx_word' id='word_1_469' title='bbox 880 3283 907 3328; x_wconf 89' lang='lat' dir='ltr'><strong>et</strong></span> <span class='ocrx_word' id='word_1_470' title='bbox 918 3290 977 3327; x_wconf 87' lang='lat' dir='ltr'><strong>esse</strong></span> <span class='ocrx_word' id='word_1_471' title='bbox 993 3290 1051 3326; x_wconf 89' lang='lat' dir='ltr'><strong>cum</strong></span> <span class='ocrx_word' id='word_1_472' title='bbox 1067 3272 1175 3322; x_wconf 80' lang='lat' dir='ltr'><strong>Christo</strong></span> 
     </span>
     <span class='ocr_line' id='line_1_94' title="bbox 644 3345 1178 3414; baseline -0.017 -14"><span class='ocrx_word' id='word_1_473' title='bbox 644 3351 739 3401; x_wconf 87' lang='lat' dir='ltr'><strong>melius</strong></span> <span class='ocrx_word' id='word_1_474' title='bbox 748 3361 788 3400; x_wconf 93' lang='lat' dir='ltr'><strong>est</strong></span> <span class='ocrx_word' id='word_1_475' title='bbox 796 3365 803 3412; x_wconf 87' lang='lat'>;</span> <span class='ocrx_word' id='word_1_476' title='bbox 812 3363 971 3414; x_wconf 83' lang='lat' dir='ltr'><strong>permanere</strong></span> <span class='ocrx_word' id='word_1_477' title='bbox 980 3353 1068 3398; x_wconf 86' lang='lat' dir='ltr'><strong>autem</strong></span> <span class='ocrx_word' id='word_1_478' title='bbox 1081 3345 1106 3394; x_wconf 84' lang='lat' dir='ltr'><strong>iu</strong></span> <span class='ocrx_word' id='word_1_479' title='bbox 1117 3358 1178 3393; x_wconf 84' lang='lat' dir='ltr'><strong>car-</strong></span> 
     </span>
     <span class='ocr_line' id='line_1_95' title="bbox 644 3420 1176 3486; baseline -0.017 -16"><span class='ocrx_word' id='word_1_480' title='bbox 644 3436 675 3471; x_wconf 87' lang='lat' dir='ltr'><strong>ne</strong></span> <span class='ocrx_word' id='word_1_481' title='bbox 692 3420 778 3486; x_wconf 87' lang='lat' dir='ltr'><strong>magis</strong></span> <span class='ocrx_word' id='word_1_482' title='bbox 801 3420 980 3471; x_wconf 84' lang='lat' dir='ltr'><strong>necessarium</strong></span> <span class='ocrx_word' id='word_1_483' title='bbox 1003 3425 1042 3466; x_wconf 90' lang='lat' dir='ltr'><strong>est</strong></span> <span class='ocrx_word' id='word_1_484' title='bbox 1062 3420 1176 3480; x_wconf 84' lang='lat' dir='ltr'><strong>propter</strong></span> 
     </span>
     <span class='ocr_line' id='line_1_96' title="bbox 645 3489 1176 3558; baseline -0.021 -14"><span class='ocrx_word' id='word_1_485' title='bbox 645 3509 707 3557; x_wconf 83' lang='lat' dir='ltr'><strong>vos,·</strong></span> <span class='ocrx_word' id='word_1_486' title='bbox 731 3503 757 3543; x_wconf 92' lang='lat' dir='ltr'><strong>et</strong></span> <span class='ocrx_word' id='word_1_487' title='bbox 787 3493 810 3543; x_wconf 90' lang='lat' dir='ltr'><strong>ei</strong></span> <span class='ocrx_word' id='word_1_488' title='bbox 831 3493 878 3558; x_wconf 90' lang='lat' dir='ltr'><strong>qui</strong></span> <span class='ocrx_word' id='word_1_489' title='bbox 901 3492 934 3541; x_wconf 92' lang='lat' dir='ltr'><strong>ad</strong></span> <span class='ocrx_word' id='word_1_490' title='bbox 958 3489 1097 3540; x_wconf 90' lang='lat' dir='ltr'><strong>Christum</strong></span> <span class='ocrx_word' id='word_1_491' title='bbox 1121 3494 1176 3535; x_wconf 87' lang='lat' dir='ltr'><strong>erat</strong></span> 
     </span>
     <span class='ocr_line' id='line_1_97' title="bbox 644 3555 1178 3629; baseline -0.015 -17"><span class='ocrx_word' id='word_1_492' title='bbox 644 3563 811 3624; x_wconf 89' lang='lat' dir='ltr'><strong>discessioni,</strong></span> <span class='ocrx_word' id='word_1_493' title='bbox 827 3561 971 3629; x_wconf 85' lang='lat' dir='ltr'><strong>praeposuit</strong></span> <span class='ocrx_word' id='word_1_494' title='bbox 986 3557 1101 3625; x_wconf 83' lang='lat' dir='ltr'><strong>proximi</strong></span> <span class='ocrx_word' id='word_1_495' title='bbox 1116 3555 1178 3606; x_wconf 87' lang='lat' dir='ltr'><strong>aedi-</strong></span> 
     </span>
     <span class='ocr_line' id='line_1_98' title="bbox 645 3629 1179 3685; baseline -0.019 0"><span class='ocrx_word' id='word_1_496' title='bbox 645 3635 806 3685; x_wconf 88' lang='lat' dir='ltr'><strong>ficationem.</strong></span> <span class='ocrx_word' id='word_1_497' title='bbox 832 3635 890 3683; x_wconf 90' lang='lat' dir='ltr'><strong>Hoc</strong></span> <span class='ocrx_word' id='word_1_498' title='bbox 913 3632 986 3682; x_wconf 91' lang='lat' dir='ltr'><strong>enim</strong></span> <span class='ocrx_word' id='word_1_499' title='bbox 1008 3629 1125 3679; x_wconf 81' lang='lat' dir='ltr'><strong>maxime</strong></span> <span class='ocrx_word' id='word_1_500' title='bbox 1138 3637 1179 3677; x_wconf 90' lang='lat' dir='ltr'><strong>est</strong></span> 
     </span>
     <span class='ocr_line' id='line_1_99' title="bbox 645 3699 1178 3763; baseline -0.015 -9"><span class='ocrx_word' id='word_1_501' title='bbox 645 3721 704 3757; x_wconf 89' lang='lat' dir='ltr'><strong>esse</strong></span> <span class='ocrx_word' id='word_1_502' title='bbox 718 3722 780 3756; x_wconf 92' lang='lat' dir='ltr'><strong>cum</strong></span> <span class='ocrx_word' id='word_1_503' title='bbox 796 3703 914 3763; x_wconf 90' lang='lat' dir='ltr'><strong>Christo,</strong></span> <span class='ocrx_word' id='word_1_504' title='bbox 937 3702 1105 3752; x_wconf 89' lang='lat' dir='ltr'><strong>voluntatem</strong></span> <span class='ocrx_word' id='word_1_505' title='bbox 1121 3699 1178 3762; x_wconf 72' lang='lat' dir='ltr'><strong>eius</strong></span> 
     </span>
     <span class='ocr_line' id='line_1_100' title="bbox 645 3768 1176 3836; baseline -0.017 -10"><span class='ocrx_word' id='word_1_506' title='bbox 645 3776 738 3835; x_wconf 87' lang='lat' dir='ltr'><strong>facere,</strong></span> <span class='ocrx_word' id='word_1_507' title='bbox 763 3777 885 3826; x_wconf 90' lang='lat' dir='ltr'><strong>voluntas</strong></span> <span class='ocrx_word' id='word_1_508' title='bbox 910 3783 999 3823; x_wconf 90' lang='lat' dir='ltr'><strong>autem</strong></span> <span class='ocrx_word' id='word_1_509' title='bbox 1023 3772 1081 3836; x_wconf 74' lang='lat' dir='ltr'><strong>eius</strong></span> <span class='ocrx_word' id='word_1_510' title='bbox 1105 3768 1176 3819; x_wconf 89' lang='lat' dir='ltr'><strong>nihil</strong></span> 
     </span>
    </p>
   </div>
   <div class='ocr_carea' id='block_1_7' title="bbox 645 3842 1179 3914">
    <p class='ocr_par' dir='ltr' id='par_1_7' title="bbox 645 3842 1179 3914">
     <span class='ocr_line' id='line_1_101' title="bbox 645 3842 1179 3914; baseline -0.015 -14"><span class='ocrx_word' id='word_1_511' title='bbox 645 3862 685 3900; x_wconf 90' lang='lat' dir='ltr'><strong>est</strong></span> <span class='ocrx_word' id='word_1_512' title='bbox 711 3850 755 3911; x_wconf 88' lang='lat' dir='ltr'><strong>ita,</strong></span> <span class='ocrx_word' id='word_1_513' title='bbox 775 3849 844 3899; x_wconf 92' lang='lat' dir='ltr'><strong>sicut</strong></span> <span class='ocrx_word' id='word_1_514' title='bbox 865 3847 938 3914; x_wconf 86' lang='lat' dir='ltr'><strong>quod</strong></span> <span class='ocrx_word' id='word_1_515' title='bbox 955 3844 1061 3912; x_wconf 87' lang='lat' dir='ltr'><strong>expedit</strong></span> <span class='ocrx_word' id='word_1_516' title='bbox 1087 3842 1179 3909; x_wconf 80' lang='lat' dir='ltr'><strong>prori-</strong></span> 
     </span>
    </p>
   </div>
   <div class='ocr_carea' id='block_1_8' title="bbox 0 0 1320 4320">
    <p class='ocr_par' dir='ltr' id='par_1_8' title="bbox 0 0 1320 4320">
     <span class='ocr_line' id='line_1_102' title="bbox 0 0 1320 4320; baseline 0 0"><span class='ocrx_word' id='word_1_517' title='bbox 0 0 1320 4320; x_wconf 95' lang='lat' dir='ltr'><strong> </strong></span> 
     </span>
    </p>
   </div>
  </div>
 </body>
</html>
