2632 4320
96 279 150 332 204

96 395 267 448 nequaquam
289 378 406 430 insidere
424 378 503 428 nudae
521 374 627 436 animae,

95 465 180 517 quam
197 465 253 500 non
271 447 397 499 videlicet
410 446 535 498 vestitam
550 445 628 495 inve-

93 522 165 572 nerit
178 518 299 571 doctrina
312 529 339 570 et
355 518 480 570 moribus
490 516 629 583 Apostolo

97 605 179 643 rum:
195 611 208 640 n
226 592 283 641 haec
299 591 466 640 Bernartius.

127 663 144 712 8
161 664 219 713 Coa
240 663 455 712 Doumus‘amus
475 675 559 711 sunan
570 674 628 710 nst-

97 751 151 784 mm
167 749 248 784 saner
270 749 303 783 ar
331 748 430 783 narnus
451 747 535 782 sunan
548 747 629 781 nsan-

98 803 173 854 tuu?
188 832 218 840 -
229 803 355 854 Christus
363 817 426 869 ergo
436 816 517 867 super
525 800 628 851 asinam

98 887 124 928 et
137 877 244 943 pullum
266 876 344 937 sedit,
367 885 476 941 propter
490 873 630 923 veritatem

98 949 273 1016 praeallegata
300 947 465 1015 prophetiae,
492 960 553 1012 quae
579 944 630 994 hoc

99 1034 224 1085 expresse
233 1019 308 1070 dicit.
321 1019 353 1069 Et
368 1016 457 1083 primo
471 1016 540 1066 sedit
550 1029 630 1081 super

99 1091 219 1154 asinam;
247 1090 374 1150 secundo,
396 1099 457 1156 post
485 1088 629 1138 adventum

99 1164 184 1214 turbae
209 1164 242 1214 de
266 1161 431 1220 Jerusalem,
456 1159 526 1210 sedit
550 1174 631 1226 super

99 1235 227 1300 pullum,
258 1231 305 1298 qui
331 1231 396 1297 quia
422 1230 570 1280 indomitus
604 1239 630 1281 et

100 1304 215 1356 lascivus
236 1313 300 1366 erat,
322 1312 347 1352 et
365 1315 446 1366 super
466 1316 528 1352 eum
550 1316 630 1351 nemo

99 1377 187 1427 adhuc
202 1376 315 1435 sederat,
327 1390 375 1425 nec
384 1374 472 1424 adhuc
483 1372 630 1439 applicatus

100 1448 228 1498 humanis
241 1449 337 1498 usibus
351 1447 445 1505 fuerat,
460 1455 569 1511 propter
584 1444 630 1495 in-

100 1518 286 1586 quietudinem
325 1526 351 1568 et
380 1515 630 1567 inconsuetudinem

100 1587 190 1639 forsan
211 1587 405 1649 recalcitrabat3
422 1596 449 1638 et
472 1586 531 1636 ideo
546 1585 629 1636 Chri-

101 1669 159 1710 stus
179 1661 235 1710 Rex
258 1666 415 1709 mansuetus
439 1655 586 1717 descendit,
605 1665 631 1707 et

100 1729 198 1781 deinde
212 1746 292 1796 super
314 1729 417 1780 asinam
436 1729 486 1780 sub
507 1728 569 1794 iugo
587 1727 633 1777 do·

92 1802 194 1854 mitam
211 1803 308 1853 iterum
323 1800 469 1852 ascendens
482 1799 559 1851 sedit.
573 1799 630 1849 Hoc

104 1884 195 1924 autem
215 1873 316 1924 factum
337 1880 377 1922 est
397 1871 425 1921 in
449 1869 542 1936 figura,
568 1869 633 1936 quia

102 1959 150 2010 per
170 1945 274 2002 asinam
293 1942 494 2009 significabatur
516 1941 632 2008 populus

101 2017 237 2076 Judaicus,
253 2016 300 2083 qui
315 2016 367 2067 sub
379 2015 448 2080 Lege
459 2015 631 2072 laboraverat,

102 2097 129 2138 et
142 2088 238 2155 jugum
257 2088 338 2154 Legis
352 2097 476 2147 traxerat,
490 2102 520 2137 ac
538 2086 633 2136 multis

102 2160 219 2211 vinculis
234 2170 401 2227 peccatorum
422 2159 546 2224 alligatus
558 2169 631 2221 erat;

104 2248 150 2298 per
170 2234 285 2298 pullum,
310 2232 426 2298 populus
440 2230 566 2291 Gentilis,
585 2229 632 2297 qui

101 2304 165 2369 jugo
191 2302 270 2368 Legis
295 2302 431 2366 subiectus
460 2316 514 2350 non
538 2299 633 2361 fuerat,

102 2390 151 2426 nec
172 2375 236 2442 quis
258 2391 320 2427 eum
341 2375 404 2441 jugo
424 2372 534 2423 Domini
557 2388 634 2424 coer-

103 2456 202 2507 cuerat,
224 2461 253 2497 ac
278 2445 391 2497 diversis
414 2444 586 2511 dogmatibus
609 2454 635 2494 et

103 2519 240 2570 erroribus
264 2518 391 2569 subditus
416 2526 481 2569 erat.
513 2515 554 2565 Ad
583 2515 635 2565 hoc

103 2601 167 2654 ergo
184 2587 311 2638 Christus
324 2586 458 2646 veniebat,
481 2594 512 2637 ut
525 2595 634 2636 utrum-

103 2673 156 2724 que
168 2661 300 2726 populum
312 2659 364 2710 sibi
379 2674 426 2725 per
447 2657 529 2709 fidem
540 2657 635 2708 catho-

101 2731 182 2782 licam
193 2733 355 2798 subjugaret.
370 2732 472 2782 Sedens
484 2741 573 2781 autem
584 2729 635 2796 pri·

103 2817 149 2852 mo
171 2817 251 2867 super
267 2802 380 2862 asinam,
403 2801 531 2861 secundo,
555 2816 635 2866 super

102 2872 218 2938 pullum,
234 2872 332 2924 deinde
355 2872 454 2922 iterum
476 2885 556 2936 super
578 2869 634 2921 asi-

103 2959 176 3007 nam,
206 2943 364 3010 signifrcavit
386 2943 450 3011 quia
476 2944 510 2994 de
534 2942 635 2993 Judaeis

102 3016 226 3067 transivit
248 3017 280 3066 ad
305 3018 413 3076 Gentes,
439 3025 465 3067 et
487 3015 584 3066 iterum
607 3015 634 3065 in

102 3085 156 3137 fine
179 3087 275 3137 mundi
297 3088 331 3138 de
355 3087 488 3138 Gentibus
511 3085 636 3137 transibit

103 3158 136 3208 ad
149 3157 268 3220 Judaeos3
294 3169 325 3209 ut
337 3168 480 3225 postquam
495 3158 635 3224 plenitudo

105 3229 233 3280 Gentium
258 3228 412 3290 intraverit,
437 3228 527 3279 omnis
554 3229 635 3280 lsrael

103 3304 192 3354 salvus
213 3301 267 3352 frat.
292 3302 350 3352 Hoc
372 3301 530 3368 mysterium
554 3301 634 3352 etiam

103 3385 210 3425 notatur
220 3373 247 3422 in
257 3371 392 3423 delatione
401 3371 518 3422 missalis
526 3386 541 3421 a
550 3388 634 3422 cornu

103 3447 136 3496 ad
163 3462 248 3496 cornu
272 3443 372 3494 altaris.
396 3443 463 3504 Vel,
488 3443 634 3493 secundum

106 3517 241 3579 Glossam,
269 3530 325 3564 non
353 3514 386 3564 ad
409 3513 525 3564 litteram
555 3528 635 3579 super

107 3595 254 3651 utrumque
267 3584 294 3633 in
303 3594 358 3634 tam
373 3582 446 3635 brevi
455 3581 543 3648 spatio
556 3582 634 3647 sedit,

107 3660 152 3710 sed
168 3658 344 3725 spiritualiter
363 3655 571 3722 intelligendum
586 3667 634 3717 est,

104 3732 168 3797 quia
182 3733 208 3782 in
224 3731 379 3800 praecordiis
390 3730 532 3796 utriusque
542 3729 635 3795 populi

104 3801 186 3853 sedet.
200 3803 274 3854 Unde
289 3803 519 3870 chrysostomus.-
533 3799 635 3850 «Sedet

106 3889 186 3940 super
196 3875 299 3927 asinam
316 3886 342 3927 et
359 3876 466 3941 pullum
480 3874 546 3940 ejus,
567 3882 635 3924 utet

350 260 523 314 SECUNDAE
541 256 665 308 PARTIS
690 255 808 307 CAPUT
823 256 916 308 XXVI.

681 373 710 423 in
724 371 825 424 Judaeis
839 372 951 432 sederet,
967 380 994 422 et
1006 370 1034 420 in
1046 369 1212 422 Gentibus.»

680 445 777 496 Sedere
794 453 884 495 autem
898 459 979 510 super
993 443 1113 509 jumenta
1132 443 1212 495 estin

683 515 839 584 praecordiis
852 530 948 566 corum
971 513 1102 574 habitare,
1122 523 1155 564 ut
1168 513 1214 564 di-

681 599 722 640 cat
744 589 799 640 illis
822 588 972 640 Christus:
994 588 1095 639 Tollite
1111 588 1213 654 jugum

682 677 766 713 meum
781 676 861 729 super
882 676 944 723 vos,·
970 666 998 711 et
1020 660 1126 724 discite,
1149 659 1213 726 quia

682 735 756 785 mitis
766 749 824 785 sum
836 741 862 786 et
880 733 988 785 humilis
999 733 1089 783 corde.
1100 731 1162 783 Non
1174 741 1215 783 est

682 814 771 855 autem
792 803 967 855 contrarietas
985 804 1058 869 quod
1072 801 1216 853 Matthaeus

682 876 748 927 dicit
760 877 866 928 asinam
880 887 906 929 et
930 877 1044 943 pullum,
1068 875 1149 926 ceteri
1162 890 1215 926 au·

682 958 736 998 tem
761 957 867 999 tantum
894 947 987 998 dicunt
1009 946 1123 1012 pullum,
1150 946 1216 1012 quia

682 1036 755 1071 unus
778 1021 941 1086 quandoque
962 1019 1027 1069 dicit
1050 1018 1124 1084 quod
1145 1016 1217 1069 alius

683 1104 749 1144 tacet
759 1104 786 1144 et
798 1093 987 1160 praetermittit.
1001 1092 1145 1143 Matthaeus
1157 1091 1218 1158 qui·

681 1168 743 1217 dem
758 1166 880 1217 scribens
892 1166 1023 1226 Hebraeis,
1036 1165 1216 1215 Hebraeorum

683 1237 791 1304 eloquio
808 1246 877 1287 recte
888 1236 992 1287 asinam
1011 1245 1038 1287 et
1054 1234 1160 1301 pullum
1178 1249 1218 1285 re·

682 1307 734 1358 fert
759 1307 842 1358 simul
859 1306 976 1356 Domino
993 1305 1132 1364 adductos,
1146 1302 1219 1354 scie-

683 1379 728 1430 bat
754 1377 827 1428 enim
856 1375 980 1427 notitiam
1002 1375 1050 1425 Dei
1073 1383 1217 1424 venturam

682 1453 714 1501 ad
740 1451 846 1502 Judaeos
870 1458 897 1500 et
919 1451 1033 1512 Gentes;
1059 1448 1106 1499 sed
1136 1445 1216 1498 ceteri

684 1520 862 1588 Evangelistae
900 1519 1046 1570 scribentes
1087 1516 1217 1568 Ecclesiae

683 1595 822 1658 Gentium,
844 1594 939 1646 Graeco
961 1607 1094 1651 sermone,
1117 1591 1218 1641 solum·

683 1667 764 1717 modo
774 1665 941 1717 mentionem
951 1665 1018 1731 pulli
1028 1663 1140 1726 faciunt,
1152 1661 1217 1728 quia

683 1738 756 1803 quod
781 1735 910 1788 Gentium
933 1736 1047 1786 salutem
1064 1732 1217 1799 specialiter

685 1808 804 1875 respicit,
815 1808 964 1859 attendunt.

716 1896 733 1947 9
745 1880 915 1940 Monnarraa,
930 1894 998 1928 catto
1007 1891 1173 1946 rannsmntt,
1185 1888 1219 1926 aa

684 1967 733 2000 aaa
745 1964 855 1999 tumuit
880 1962 1007 1998 canutus
1026 1960 1164 1996 nasacrus
1181 1959 1221 1995 st-

685 2036 833 2072 omatcnrn.
845 2048 877 2058 —
891 2017 1035 2076 Moraliter,
1051 2032 1099 2083 per
1112 2015 1219 2067 asinam

686 2102 772 2159 potest
796 2091 912 2158 intelligi
933 2106 993 2142 caro
1017 2099 1111 2140 nostra
1132 2087 1219 2154 pigra,

687 2163 793 2224 stolida,
806 2163 912 2224 lasciva,
927 2162 961 2213 ab
975 2160 1101 2212 anteriori
1111 2158 1220 2221 debilis,

686 2235 712 2284 id
727 2244 769 2285 est
790 2233 823 2283 ad
848 2231 1007 2299 spiritualia,
1035 2247 1050 2282 a
1078 2228 1221 2297 posteriori

686 2305 772 2368 fortis,
797 2304 824 2354 id
855 2314 895 2355 est
918 2305 951 2356 ad
973 2303 1147 2370 temporalia;
1174 2315 1221 2368 pet

687 2379 792 2445 pullum
805 2377 921 2429 carnalis
938 2376 1055 2436 affectus,
1077 2386 1104 2426 et
1118 2389 1219 2426 vanum

686 2449 853 2501 desiderium
870 2458 1004 2509 nostrum,
1018 2462 1079 2514 quae
1092 2448 1220 2513 ligantur,

686 2521 713 2572 id
738 2529 779 2571 est
800 2521 969 2585 voluptatum
995 2517 1130 2569 illecebris
1153 2517 1222 2569 irre·

686 2591 801 2651 tiuntur,
819 2590 866 2640 sed
881 2604 912 2640 ea
924 2588 1027 2639 solvere
1047 2597 1074 2638 et
1089 2587 1222 2652 subjicere

686 2662 827 2721 debemus,
837 2669 867 2710 ut
877 2661 950 2710 Deus
962 2659 1000 2709 ibi
1016 2659 1116 2719 sedeat,
1127 2657 1222 2724 illique

686 2733 807 2782 dicamus
823 2747 830 2781 :
853 2731 889 2781 Ut
895 2730 1044 2797 jumentum
1050 2729 1151 2794 sactus
1163 2742 1221 2779 sum

687 2804 760 2869 apud
775 2810 809 2866 te,
825 2817 896 2852 onus
910 2812 978 2863 taxa,
992 2810 1018 2851 et
1033 2799 1219 2866 portabimus;

687 2884 713 2923 et
734 2888 749 2924 e
772 2888 900 2924 converso
927 2872 1069 2924 audiamus
1094 2887 1101 2922 t
1129 2870 1223 2936 Empti

686 2944 753 2995 estis
768 2945 858 3010 pretio
877 2958 986 3009 magno,
1002 2948 1113 3009 portate
1137 2942 1222 2993 Deum

687 3019 714 3069 in
737 3031 851 3084 corpore
873 3023 972 3069 vestro.
998 3017 1048 3066 Per
1074 3015 1136 3066 illos
1160 3029 1222 3066 vero

686 3089 734 3155 qui
751 3089 856 3139 asinam
871 3098 897 3138 et
913 3087 1019 3153 pullum
1032 3086 1066 3136 ad
1080 3085 1222 3137 Christum

687 3163 869 3222 deducebant,
894 3159 1053 3226 poenitentes
1076 3156 1222 3225 significari

687 3244 821 3300 possunt,
845 3232 894 3299 qui
920 3246 1026 3282 carnem
1052 3245 1131 3296 suam
1160 3230 1223 3280 dant

687 3305 753 3367 Deo,
769 3319 815 3370 per
838 3300 1092 3364 mortificationem
1120 3309 1148 3351 et
1162 3297 1224 3350 ani·

688 3392 771 3436 mam,
786 3391 833 3441 per
844 3372 1032 3425 contritionem
1045 3389 1052 3422 ε
1067 3371 1223 3422 sicutenim

687 3463 735 3513 per
743 3445 847 3497 asinam
859 3460 929 3504 caro,
943 3442 981 3493 sic
994 3457 1041 3508 pet
1053 3442 1161 3508 pullum
1167 3441 1225 3492 ani-

688 3533 750 3568 mus
765 3516 932 3582 designatur.

723 3605 754 3639 ro
781 3590 931 3639 Humtrrts
965 3601 1066 3637 samaa
1091 3601 1177 3636 aaran
1199 3599 1225 3635 ut

689 3674 882 3711 exraarottmus
894 3662 1024 3709 situatum.
1037 3684 1069 3694 -
1080 3657 1122 3706 Ad
1138 3665 1227 3708 osten·

688 3731 803 3782 dendam
818 3745 881 3795 ergo
901 3745 980 3780 suam
1001 3727 1188 3779 humilitatem
1201 3738 1227 3778 et

688 3801 933 3860 mansuetudinem,
949 3799 1084 3849 Dominus
1103 3814 1161 3850 non
1176 3813 1225 3850 su·

690 3888 737 3938 per
751 3872 899 3938 superbum
914 3880 939 3921 et
954 3869 1100 3931 fervidum,
1115 3869 1227 3921 sedita-
