2632 4320
149 276 197 326 17²
421 258 598 309 SECUNDAE
620 257 744 308 Pituuts
759 257 877 309 capnt
892 259 973 308 xxn.

147 401 185 451 mi
197 416 203 449 :
215 399 408 450 Miserationes
420 399 478 464 ejus
496 413 577 463 super
592 398 682 450 omnia

145 485 228 539 opera
248 471 315 536 ejus.
335 470 414 520 Unde
434 470 559 536 Cyrinus
577 487 585 519 ε
602 487 615 515 u
630 470 681 519 lste

146 559 241 603 caecus,
263 544 292 593 in
310 542 449 592 Judaismo
473 542 600 601 nutritus,
625 558 680 591 non

146 612 279 679 ignoravit
306 613 378 679 quod
409 613 442 661 de
472 613 600 677 progenie
624 612 681 662 Da-

144 687 191 737 vid
202 688 276 737 Deus
295 686 443 736 secundum
459 700 566 734 carnem
585 699 681 735 nasce·

146 767 233 821 retur;
249 767 275 806 et
290 756 350 806 ideo
370 756 394 806 ei
415 768 445 805 ut
466 756 521 804 Deo
538 764 564 804 et
588 754 681 804 homi-

146 829 174 880 ni
189 829 319 895 loquitur.
335 848 350 876 n
366 829 402 878 Et
415 828 478 877 licet
499 827 680 892 increparetur

145 914 161 950 a
180 901 261 950 turba
281 909 466 966 praetereunte,
481 908 507 947 et
526 897 679 947 doctrinam

144 970 431 1032 Christiauscultante;
445 971 503 1035 ipse
513 978 604 1018 tamen
613 970 681 1018 mul·

145 1054 173 1094 to
188 1043 275 1110 magis
291 1044 432 1094 clamando
446 1042 552 1107 petebat
565 1041 617 1090 sibi
630 1040 681 1091 mi-

146 1115 238 1175 sereri,
261 1114 360 1164 timens
387 1129 421 1162 ne
443 1129 476 1162 ex
499 1110 680 1177 increpatione

147 1188 323 1254 impediretur
333 1187 438 1237 auditio
449 1197 475 1237 et
487 1185 623 1236 exauditio
637 1200 681 1250 pe

146 1258 253 1308 titionis
266 1272 331 1308 suae.

177 1346 193 1381 2
209 1333 412 1396 lurannocnrua
423 1348 441 1380 a
452 1331 580 1380 Cnnrsro.
590 1356 621 1367 -
632 1330 681 1379 Je-

147 1416 194 1451 sus
205 1407 293 1451 autem
304 1402 412 1451 tandem
427 1410 536 1466 propter
548 1415 624 1449 suam
637 1398 680 1448 be-

147 1471 307 1536 nignitatem
326 1477 409 1533 stans,
429 1471 493 1536 quia
511 1485 597 1520 caecus
616 1485 679 1518 eum

147 1541 225 1606 sequi
240 1557 294 1591 non
316 1541 412 1607 potuit,
428 1540 514 1606 jussit
530 1540 606 1590 illurn
628 1539 679 1588 ad-

147 1613 211 1664 duci
224 1615 262 1664 ad
277 1629 313 1677 se,
334 1629 368 1664 ne
382 1614 460 1663 turba
475 1613 639 1677 prohiberet,
654 1620 681 1661 et

148 1695 178 1734 ut
191 1685 361 1735 occasionem
374 1685 486 1734 sanandi
498 1685 616 1734 haberet.
627 1683 680 1733 Ma·

147 1771 207 1821 gnae
221 1756 327 1822 pietatis
338 1757 365 1806 in
375 1757 484 1807 Christo
497 1757 607 1822 signum
617 1754 679 1814 fuit,

147 1829 257 1893 quando
286 1829 375 1894 ipsum
401 1843 500 1877 caecum
527 1834 680 1891 exspectare

125 1892 241 1959 uoluit,
262 1909 287 1948 et
306 1899 338 1948 ad
360 1914 389 1948 se
402 1898 496 1947 adduci
514 1896 585 1946 fecit.
601 1896 679 1946 Unde

147 1968 220 2019 idem
234 1969 360 2034 Cyrillus
370 1986 378 2018 :
390 1986 403 2014 u
416 1969 492 2018 Sistit
501 1976 590 2017 autem
603 1965 680 2016 Chri-

145 2050 218 2091 stum
234 2057 295 2100 vox,
310 2049 337 2091 et
351 2040 506 2090 invocantes
521 2038 616 2088 infide
634 2053 679 2087 re-

147 2111 238 2176 spicit.
253 2112 286 2160 Et
301 2111 361 2160 ideo
378 2121 453 2159 vocat
467 2124 577 2166 caecum,
593 2117 619 2157 et
635 2123 679 2157 ac·

145 2181 239 2230 cedere
260 2181 348 2245 jussit,
362 2189 392 2229 ut
416 2179 518 2228 scilicet
539 2178 589 2244 qui
605 2177 679 2242 prius

147 2249 200 2299 fide
213 2265 275 2299 eum
290 2250 422 2316 tetigerat,
439 2249 638 2314 appropinquet
654 2256 680 2297 et

147 2327 297 2386 corpores
313 2321 356 2371 Sic
376 2321 504 2370 deberent
526 2320 610 2370 facere
627 2334 680 2368 no-

147 2393 196 2443 stri
215 2392 350 2458 principes
362 2407 493 2457 pauperes
507 2405 679 2456 conqueren-

146 2472 196 2522 tes,
214 2463 314 2514 scilicet
331 2481 338 2514 :
353 2473 431 2525 stare,
449 2472 475 2512 et
489 2461 574 2512 facere
591 2459 679 2511 vocari

146 2536 179 2585 ad
194 2551 231 2596 se,
246 2546 274 2586 ut
287 2536 410 2587 audirent
430 2551 523 2585 eorum
538 2533 679 2600 querimo-

147 2606 214 2667 nias,
236 2606 406 2673 facerentque
426 2606 466 2655 eis
486 2604 615 2671 iustitiam
631 2620 679 2654 ex-

146 2677 247 2742 pedire.
269 2678 309 2727 Et
328 2678 510 2742 interrogavit
531 2692 598 2739 eum,
612 2676 677 2742 quid

146 2747 242 2799 vellet?
253 2749 315 2798 Non
326 2748 399 2814 quod
410 2749 461 2798 hoc
474 2748 618 2814 ignoraret,
633 2748 679 2798 sed

147 2829 173 2869 et
186 2819 243 2883 ejus
254 2818 451 2869 confessionem
461 2819 633 2885 approbaret;
644 2827 679 2879 et,

146 2891 298 2941 secundum
323 2892 512 2955 Ambrosium,
539 2901 568 2941 ut
595 2891 679 2942 scire-

148 2977 210 3012 mus
221 2961 275 3011 uisi
286 2961 459 3014 confitentem
472 2979 527 3014 non
540 2977 618 3029 posse
632 2963 680 3012 sal·

146 3032 213 3091 rari,
234 3041 261 3082 et
278 3043 310 3084 ut
326 3048 371 3083 cor
397 3035 455 3099 ejus
475 3034 508 3085 ad
528 3031 678 3084 orationem

147 3103 280 3163 excitaret,
290 3114 316 3155 et
328 3106 420 3156 lumen
431 3107 505 3172 quod
518 3121 550 3157 ex
561 3121 610 3156 sua
627 3106 678 3156 bo-

147 3173 230 3224 nitate
243 3174 387 3240 largiturus
402 3176 426 3226 ei
446 3187 510 3236 erat,
525 3176 557 3226 ad
572 3176 615 3227 sui
630 3192 679 3242 pe·

145 3243 272 3294 titionem
287 3244 425 3305 tribueret,
442 3247 506 3313 quia
528 3262 583 3295 non
603 3256 679 3296 sanat

147 3316 256 3377 invitos,
269 3317 315 3367 sed
335 3319 510 3368 voluntarios.
529 3318 605 3368 Unde
615 3320 677 3368 Au-

145 3389 273 3453 gustinus
286 3407 295 3439 .-
310 3407 323 3434 ιι
338 3388 391 3449 Qui
409 3389 507 3439 creavit
527 3399 552 3438 te
567 3388 627 3438 sine
643 3397 677 3449 te,

147 3478 203 3512 non
221 3461 381 3528 justificabit
393 3473 420 3512 te
434 3463 493 3512 sine
511 3472 546 3511 te.
565 3461 679 3512 »Unde

147 3545 173 3586 et
184 3536 344 3587 Ambrosius
358 3553 366 3586 .·
382 3555 395 3583 u
415 3536 479 3586 Vult
491 3547 582 3586 omnes
592 3532 678 3584 nomi-

146 3619 193 3656 nes
206 3606 298 3656 salvos
306 3604 382 3671 fieri,
401 3606 448 3656 sed
461 3605 484 3655 si
502 3605 627 3654 accedant
644 3604 677 3656 ad

147 3693 222 3742 eum;
239 3680 379 3730 nonenim
394 3680 434 3730 sic
444 3680 501 3730 vult
515 3688 544 3728 ut
556 3678 678 3728 nolentes

145 3749 290 3811 salventur,
310 3752 356 3802 sed
379 3752 509 3811 volentes,
531 3765 584 3798 non
605 3749 678 3799 enim

148 3834 209 3871 vera
216 3821 289 3872 salus
299 3834 349 3886 est,
359 3823 382 3873 si
394 3822 495 3873 nolenti
509 3820 653 3871 tribuatur.
665 3841 678 3868 n

148 3891 224 3951 ltem,
242 3894 392 3944 secundum
419 3892 567 3960 cyrillum,
592 3892 679 3943 inter·

733 397 847 464 rogavit,
872 407 903 447 ut
929 397 1031 447 scirent
1053 406 1172 448 astantes
1197 398 1271 465 quod

735 486 788 520 non
806 469 960 536 pecuniam,
976 471 1022 519 sed
1044 469 1164 520 divinam
1180 468 1271 520 effica-

733 539 803 589 ciam
817 555 832 590 a
844 540 899 589 Deo
911 540 1027 603 petebat.
1040 540 1109 590 Vide
1120 539 1201 590 ethic
1212 540 1272 591 Do-

734 609 801 660 mini
822 610 1003 669 clementiam,
1025 611 1089 677 quia
1114 626 1171 660 non
1193 606 1285 662 dedi!

732 691 829 747 gnatus
847 691 888 731 est
902 697 956 731 non
974 683 1064 732 solum
1084 692 1164 742 stare,
1179 681 1225 732 sed
1242 692 1268 732 et

732 753 834 819 alloqui
857 769 999 819 personam
1015 755 1098 804 vilem
1119 765 1146 805 et
1167 769 1270 819 paupe·

732 838 800 874 rem.
811 826 849 876 At
864 824 909 876 ille
923 825 1098 891 respondens,
1108 824 1186 877 uixit
1196 842 1206 875 .·
1217 824 1271 876 De

731 895 809 956 nune,
833 901 861 945 ut
881 895 994 959 uideam,
1017 896 1064 946 ubi
1086 896 1227 946 miseriam
1242 904 1270 946 et

732 966 920 1016 necessitatem
937 982 1012 1016 suam
1031 966 1164 1027 insinuat,
1178 982 1210 1018 ac
1223 982 1270 1017 re-

732 1037 1270 1104 mediumetrevelationem3necaliquid

731 1107 804 1159 aliud
817 1118 913 1174 praeter
922 1109 975 1159 hoc
987 1110 1113 1174 postulat.
1124 1109 1221 1160 Voluit
1230 1124 1272 1161 er·

732 1179 1271 1247 goDominusaudireconfessionem,qui

732 1261 822 1301 tamen
835 1267 890 1301 non
901 1251 1008 1318 ignorat
1022 1252 1123 1303 mentis
1138 1251 1271 1302 intentio·

733 1337 805 1386 nem,
816 1333 847 1372 ut
856 1338 1053 1388 cognoscamus
1065 1339 1121 1373 non
1132 1322 1185 1372 nisi
1191 1322 1271 1373 centi-

731 1404 832 1444 tentem
853 1409 933 1459 posse
951 1395 1039 1445 sanari
1066 1395 1100 1444 ab
1114 1393 1272 1445 infirmitate

732 1467 852 1533 spiritus.
870 1468 948 1518 Unde
964 1470 1038 1518 hunc
1050 1483 1153 1518 caecum
1168 1467 1271 1518 salvare

732 1539 819 1588 noluit
832 1539 953 1605 quandiu
975 1539 1102 1589 clamavit
1118 1539 1146 1588 in
1163 1552 1271 1605 genera·

732 1611 751 1660 li
760 1611 908 1663 :Miserere
919 1613 970 1662 mei
974 1631 984 1675 ‚·
997 1613 1043 1663 sed
1054 1622 1202 1679 postquam
1213 1626 1270 1677 spe-

732 1684 833 1734 cialiter
857 1685 1004 1736 insinuavit
1028 1686 1175 1747 miseriam,
1197 1686 1271 1750 cujus

732 1753 919 1804 revelationem
933 1755 983 1805 sibi
1000 1754 1210 1805 misericorditer
1223 1753 1271 1804 fie-

732 1826 755 1876 ri
768 1827 920 1891 postulavit,
935 1837 999 1877 tunc
1014 1842 1076 1876 eum
1093 1827 1208 1878 sanavit.

764 1897 980 1948 ilauuurnnrun
1004 1913 1139 1956 ruoasQus
1165 1913 1272 1948 saunari

731 1985 783 2019 onr
797 1970 864 2020 Duo.
880 1999 911 2006 -
927 1969 1006 2020 Periit
1023 1970 1096 2019 enim
1112 1979 1142 2019 ut
1157 1969 1269 2029 videret,

731 2047 757 2090 et
771 2042 862 2104 Jesus,
884 2042 965 2091 verbo
986 2041 1188 2107 potentissimo,
1215 2056 1269 2107 quo

731 2111 799 2162 dixit
820 2129 827 2162 ι
848 2112 921 2174 Fiat,
946 2118 972 2162 et
993 2112 1095 2170 factum
1111 2118 1204 2174 est‚....
1223 2112 1267 2163 di-

730 2183 776 2233 xit
805 2183 846 2233 iili
859 2202 868 2234 .-
883 2184 1005 2250 Respice.
1036 2184 1120 2234 Breve
1143 2184 1267 2244 verbum,

731 2253 777 2302 sed
802 2253 830 2303 in
857 2254 1012 2319 operatione
1042 2253 1270 2314 efficacissimum,

731 2333 757 2374 et
770 2323 834 2389 quia
848 2323 876 2373 in
893 2323 945 2374 fide
967 2323 1134 2374 credentium
1153 2324 1268 2374 verbum

731 2396 842 2446 Domini
867 2407 1004 2463 operatur,
1034 2397 1094 2446 ideo
1123 2396 1270 2463 subjungi-

732 2477 796 2519 tur:
811 2470 895 2520 Fides
910 2477 956 2521 tua
977 2470 1082 2520 salvum
1099 2476 1124 2521 te
1132 2470 1214 2536 fecit.
1232 2470 1271 2520 Ex

731 2542 783 2593 fide
800 2543 874 2593 enim
896 2543 1055 2609 impetratur
1075 2544 1149 2593 salus
1171 2559 1270 2610 corpo-

731 2615 804 2676 ralis,
818 2626 844 2666 et
864 2615 1025 2682 spiritualis,
1041 2627 1068 2666 et
1079 2616 1229 2675 aeternalis;
1241 2622 1271 2667 et

731 2688 871 2756 confestim
886 2686 961 2748 vidit,
974 2694 1001 2737 et
1013 2687 1177 2752 sequebatur
1192 2686 1269 2737 illum

731 2758 912 2825 magnificans
932 2758 1027 2821 Deum,
1044 2758 1070 2807 id
1084 2768 1125 2807 est
1138 2772 1268 2824 magnum

731 2829 822 2879 dicens
837 2827 925 2890 illum,
940 2843 995 2877 non
1011 2826 1201 2892 magnitudine
1213 2841 1270 2877 mo-

731 2899 775 2960 lis,
791 2899 837 2949 sed
850 2897 967 2948 virtutis.
982 2898 1044 2947 Non
1057 2895 1159 2947 sufficit
1173 2897 1268 2947 lumea

730 2968 871 3035 recepisse,
895 2967 947 3017 nisi
964 2966 1045 3017 etiarn
1060 2969 1155 3017 lumen
1169 2982 1269 3033 sequa·

730 3049 784 3100 tur,
808 3054 842 3090 ne
861 3039 983 3088 ambulet
1001 3037 1031 3087 in
1053 3036 1182 3088 tenebris.
1201 3037 1268 3089 Ecce

730 3125 794 3176 ergo
826 3109 937 3175 signum
965 3106 1177 3159 illuminationis
1203 3122 1267 3174 per-

730 3181 812 3242 fectae,
836 3190 862 3231 et
885 3179 915 3230 iu
938 3179 1030 3230 anima
1048 3189 1074 3229 et
1100 3178 1267 3244 incorpore.

731 3254 817 3313 Unde,
842 3251 991 3302 secundum
1013 3249 1169 3318 cyrillum,
1198 3258 1268 3317 patet

729 3325 802 3389 quod
822 3323 872 3373 iste
886 3337 974 3372 caecus
989 3337 1005 3372 a
1022 3320 1126 3387 duplici
1151 3320 1267 3372 caecitate

729 3396 901 3455 liberabatur,
924 3394 1054 3445 scilicet:
1079 3391 1222 3459 corporali,
1243 3400 1269 3442 et

730 3465 913 3525 intellectuali,
937 3480 1025 3532 neque
1050 3464 1124 3515 enim
1150 3479 1214 3514 eum
1237 3470 1268 3512 ut

729 3538 817 3587 Deum
834 3534 1019 3603 glorificasset,
1035 3535 1089 3586 nisi
1104 3549 1167 3585 vere
1182 3532 1269 3585 vidis·

730 3616 779 3659 set.
802 3607 854 3658 Ubi
880 3617 905 3657 et
933 3605 1098 3672 Theophilus
1121 3621 1165 3655 :u
1186 3604 1268 3655 Grata

729 3680 803 3731 enim
825 3690 879 3731 erat
892 3681 984 3731 anima
1006 3679 1079 3739 curci,
1095 3679 1124 3729 iu
1140 3693 1173 3729 eo
1191 3676 1268 3744 quod

729 3768 811 3804 sanus
829 3754 939 3804 effeetus
955 3753 1048 3804 lesum
1066 3767 1124 3801 non
1139 3748 1266 3819 reliqum

729 3824 776 3874 sed
796 3834 904 3874 secutus
918 3833 958 3874 est
969 3839 1041 3873 eum.
1056 3823 1090 3872 Et
1103 3837 1162 3872 non
1175 3820 1267 3872 solum

730 3893 781 3944 suit
794 3893 964 3945 illuminatus
977 3907 1080 3956 caecus3
1096 3892 1144 3943 sed
1158 3902 1185 3942 et
1205 3890 1267 3943 altis
