2632 4320
143 273 193 325 194
424 253 598 304 SECUNDAE
615 251 739 302 PARTIS
754 250 873 302 CAPUT
887 250 969 301 XXV.

141 387 202 424 rum
218 371 274 422 illis
284 369 459 421 committunt
473 369 505 418 ad
516 369 671 434 regendum,

140 443 241 509 quibus
253 442 350 491 bovem
359 439 402 490 vel
413 438 521 489 asinum
533 455 588 489 non
603 453 674 489 com·

141 514 276 565 mitterent
289 511 322 561 ad
341 510 523 561 vendendum.
539 511 578 561 Ex
600 525 673 575 prae-

142 585 234 636 missis
254 600 317 649 ergo
344 592 424 649 patet,
449 583 521 648 quod
547 582 673 631 Christus

142 668 168 706 et
181 654 306 720 discipuli
322 655 380 718 ejus
400 653 433 702 de
456 652 635 718 eleemosynis
649 661 675 702 et

142 727 325 778 oblationibus
335 725 455 776 fidelium
469 735 598 791 tanquam
614 739 676 790 pau-

144 814 219 864 peres
227 798 361 849 vivebant.

175 868 329 934 {ildinus
355 868 473 918 Cunrsro
498 881 675 916 omauurrua.

146 970 176 978 -
190 939 242 990 Sed
255 939 388 989 Dominus
401 953 450 1003 pro
464 937 548 986 Maria
561 952 677 1002 respon-

147 1009 195 1069 dit,
213 1017 239 1058 et
259 1023 318 1058 eam
342 1022 418 1056 more
444 1005 524 1056 solito
548 1004 677 1063 defendit,

147 1084 239 1133 dioens
264 1099 271 1132 :
299 1080 370 1141 Quid
395 1079 499 1130 molesti
521 1079 590 1129 estis
619 1076 680 1128 huic

147 1154 280 1206 mulieri?
294 1152 377 1212 Quasi
391 1152 490 1201 diceret
504 1168 513 1216 ².
527 1151 591 1201 Sine
602 1164 681 1201 causa

148 1223 324 1276 murmuratis
352 1239 359 1272 ε
385 1223 462 1287 Opus
491 1222 561 1271 enim
586 1221 681 1271 bonum

148 1303 262 1363 operata
275 1301 316 1345 est
329 1294 357 1343 in
368 1309 409 1344 me
435 1303 462 1342 et
482 1309 545 1359 ergo
564 1308 620 1343 non
632 1292 681 1340 de-

150 1368 218 1418 betis
243 1380 302 1415 eam
327 1332 536 1430 reprebendere,
557 1363 617 1412 Non
642 1371 683 1412 est

149 1436 264 1503 perditio
288 1435 430 1500 unguenti,
456 1445 488 1484 ut
512 1449 560 1484 vos
582 1432 681 1493 dicitis,

148 1508 195 1559 sed
218 1521 286 1572 opus
303 1506 413 1565 bonum,
435 1505 463 1555 id
479 1515 519 1555 est
539 1503 645 1569 pietatis
657 1513 683 1552 et

149 1578 303 1631 devotionis
313 1578 474 1644 obsequium
484 1593 491 1641 ;
503 1578 575 1627 unde
588 1577 621 1626 de
631 1578 683 1626 bo·

150 1668 186 1703 no
199 1666 280 1716 opere
294 1649 418 1717 lapidatis
434 1665 502 1710 eam,
521 1657 616 1699 contra
638 1662 683 1697 ra-

150 1723 251 1773 tionem
277 1730 303 1770 et
328 1720 469 1785 justitiam.
499 1714 587 1770 Sinite
608 1718 684 1769 illam

151 1811 223 1846 nunc
236 1795 269 1844 de
289 1794 339 1844 hoc
353 1803 492 1859 unguento
506 1792 591 1842 facere
611 1791 684 1858 quod

151 1866 259 1932 poterit,
276 1865 347 1915 utin
371 1865 441 1915 diem
455 1863 600 1930 sepultura
620 1876 685 1912 meae

151 1944 241 1990 servet
255 1937 330 1999 illud,
349 1937 448 1986 scilicet
468 1936 541 2001 quod
558 1945 623 1984 tunc
636 1949 685 2000 pro

152 2010 212 2076 ipsa
226 2007 396 2074 praeparabit;
418 2007 486 2056 illud
501 2006 575 2056 enim
597 2020 686 2055 reser-

150 2081 234 2141 vabit,
257 2079 321 2146 quia
342 2094 397 2128 non
415 2078 503 2144 potuit
526 2077 685 2143 expendere,

154 2162 288 2218 praeventa
308 2151 497 2201 acceleratione
510 2149 686 2199 resurrectio-

154 2227 200 2275 nis
212 2240 287 2275 meae.
302 2224 380 2274 Unde
391 2224 551 2273 dimittenda
564 2232 605 2273 est
615 2238 686 2272 nunc

152 2296 237 2345 facere
259 2295 332 2360 quod
353 2303 418 2343 tunc
441 2309 496 2343 non
525 2294 635 2359 poterit;
660 2309 687 2344 et

153 2368 218 2417 illud
247 2375 418 2432 unguentum
455 2365 485 2415 in
522 2365 582 2415 loco
607 2365 687 2416 istius

153 2453 226 2487 nunc
240 2437 266 2487 in
287 2452 331 2486 me
345 2435 455 2501 expensi
471 2444 535 2485 tunc
553 2436 684 2499 servabit3

151 2510 194 2559 vel
208 2508 334 2574 praecepit
343 2517 446 2573 partem
463 2506 542 2557 istius
558 2507 686 2573 unguenti

151 2580 184 2630 ad
199 2580 365 2645 sepulturam
381 2593 458 2629 suam
472 2577 610 2628 reservari.
628 2578 687 2628 Un-

152 2652 185 2700 tle
207 2650 368 2699 credendum
393 2660 441 2709 est,
457 2649 530 2715 quod
554 2649 613 2714 ipsa
637 2648 688 2697 hoc

154 2721 216 2771 fecit
234 2720 326 2770 edocta
340 2735 355 2768 a
369 2720 472 2785 Spiritu
487 2722 584 2768 Sancto
601 2737 608 2768 ε
624 2719 689 2785 quia

153 2791 226 2842 enim
250 2799 408 2856 cognoverat
431 2806 493 2840 eum
513 2790 541 2839 in
565 2791 689 2855 proximo

154 2862 326 2922 moriturum,
341 2862 401 2927 ipso
424 2861 476 2910 hoc
497 2860 612 2920 dicente,
628 2861 688 2910 ideo

154 2944 325 3000 unguentum
350 2944 501 3000 paraverat,
527 2934 603 2999 cujus
626 2946 689 2999 par-

156 3016 210 3054 tem
245 3019 319 3053 nunc
357 3004 502 3068 expendit,
528 3014 554 3055 et
586 3013 688 3069 partem

155 3075 188 3124 nd
217 3074 337 3124 officium
366 3075 511 3140 sepulturte
538 3075 689 3126 reservavit.

157 3148 297 3211 Pauperes
328 3145 397 3194 enim
425 3159 530 3212 semper
557 3146 690 3197 vobiscum

157 3219 269 3281 habetis,
279 3216 381 3284 quibus
397 3217 551 3268 benefacere
567 3218 690 3284 potestis,

157 3304 182 3344 et
209 3305 363 3357 recuperare
389 3291 462 3355 quod
490 3292 572 3341 modo
598 3292 691 3358 negle-

156 3375 229 3414 ctum
244 3361 333 3412 dicitis
343 3377 350 3425 ;
362 3375 403 3411 me
418 3367 506 3411 autem
527 3378 578 3413 non
587 3377 691 3427 semper

157 3436 269 3497 linietis,
285 3433 386 3483 scilicet
407 3434 549 3497 praesentia
565 3449 691 3499 corpora-

158 3506 186 3564 li,
211 3505 245 3555 ad
279 3503 458 3555 habitandum
490 3503 630 3554 vobiscum
662 3505 690 3554 in

158 3590 237 3625 carne
253 3573 384 3641 passibili,
400 3589 461 3638 quae
471 3572 573 3639 indiget
586 3574 691 3624 unctio-
721 3584 724 3589 '

158 3646 265 3697 natali.
290 3645 373 3705 Quasi
390 3644 511 3693 diceret:
529 3645 631 3695 Poterit
655 3661 693 3696 re-

158 3732 285 3781 cuperare
299 3718 331 3768 ad
344 3714 566 3767 benefaciendum
589 3732 691 3782 paupe-

159 3785 244 3848 ribus,
256 3789 302 3839 sed
316 3804 372 3838 non
382 3787 414 3837 ad
423 3787 582 3851 ungendum
593 3802 693 3852 corpus

159 3873 259 3910 meum.
286 3860 371 3911 Bonis
402 3868 428 3911 et
457 3858 537 3910 malis
571 3858 693 3925 loquitur

732 367 766 417 de
796 365 937 431 presentia
965 365 1086 431 corporis
1107 363 1166 427 sui;
1192 364 1268 415 sedet

732 439 806 490 enim
826 440 864 489 ad
882 439 1025 489 dexteram
1054 438 1162 499 Putris,
1189 447 1268 503 poet-

732 525 815 576 quam
829 510 859 560 in
877 509 975 561 coelum
989 508 1116 569 ascendit,
1134 516 1162 558 et
1172 522 1268 559 secun·

732 584 798 633 dum
814 599 913 649 corpus
927 599 983 633 non
999 593 1041 632 est
1059 581 1114 643 hic,
1129 581 1178 647 qui
1203 596 1269 647 prae·

734 654 819 704 sentia
833 653 978 718 majestatis
991 668 1097 719 semper
1112 662 1154 702 est
1169 652 1226 703 hic.
1239 652 1267 703 Si

734 736 823 776 tamen
843 725 876 775 ad
894 725 981 775 bonos
1005 724 1135 790 pertines,
1162 737 1269 790 semper

736 797 820 847 habes
847 796 987 847 Christum
1010 796 1040 845 in
1065 794 1193 861 praesenti
1223 809 1270 861 per

736 868 827 929 fidem,
846 884 894 935 per
912 869 1032 934 signum,
1051 883 1099 934 per
1115 867 1270 934 Baptismu-

737 942 772 991 tis
785 950 993 1000 sacramentum,
1011 955 1058 1006 per
1069 939 1161 989 altaris
1178 939 1270 989 cibum

738 1021 764 1065 et
789 1020 894 1077 potum.
923 1011 1003 1063 Unde
1026 1009 1090 1060 alibi
1116 1009 1182 1059 dicit
1207 1009 1270 1060 eis:

738 1084 811 1135 Ecce
831 1097 884 1149 ego
902 1083 1035 1134 vobiscum
1058 1096 1116 1131 sum
1139 1095 1224 1147 usque
1236 1079 1273 1130 ad

739 1153 989 1204 consummationem
1006 1151 1098 1213 seculi,
1131 1151 1197 1217 quia
1222 1149 1273 1202 erit

739 1239 801 1274 cum
810 1223 936 1273 fidelibus
947 1221 1090 1288 praesentia
1105 1221 1274 1287 spiritualier

740 1295 933 1347 sacramentali.
960 1294 1039 1354 Quod
1062 1293 1163 1356 habuit,
1178 1292 1208 1343 id
1234 1300 1274 1343 est

741 1367 815 1436 quod
842 1367 939 1432 potuit,
959 1366 1009 1416 hoc
1025 1365 1112 1431 fecit;
1138 1366 1181 1415 vel
1204 1364 1274 1430 qued

741 1438 835 1491 habuit
858 1439 943 1490 facere
971 1453 1003 1488 ex
1033 1437 1122 1487 officio
1152 1435 1273 1502 pietatis,

742 1512 792 1562 hoc
813 1510 892 1576 jecit,
909 1510 938 1559 in
958 1524 1039 1574 opere
1058 1507 1183 1570 deitatis;
1197 1518 1274 1572 pro-

742 1583 812 1635 venit
836 1581 910 1632 enim
939 1595 1041 1646 ungere
1062 1593 1273 1646 turpatum,

742 1656 769 1705 in
780 1652 949 1719 sepulturam
967 1666 1052 1702 nzeam
1065 1649 1185 1700 futuram
1200 1649 1275 1701 desi·

743 1723 886 1791 gnandam,
902 1721 966 1787 quia
979 1722 1009 1770 in
1026 1721 1077 1770 hoc
1096 1719 1167 1770 iacto
1185 1718 1275 1786 praeii-

743 1793 847 1860 guravit
858 1808 917 1842 eam
931 1792 965 1841 de
976 1791 1133 1857 propinquo
1147 1790 1276 1842 futuram.

744 1866 827 1928 Quasi
837 1865 937 1915 diceret
952 1881 960 1914 ι
976 1863 1063 1914 Sinite
1073 1873 1103 1913 ut
1114 1862 1195 1914 faciat
1205 1863 1277 1923 vivo,

743 1941 809 1990 durn
822 1947 919 2005 potest,
931 1936 1004 2002 quod
1020 1937 1091 1986 volet
1104 1933 1192 1987 facere
1209 1950 1279 1987 mor·

744 2022 802 2073 tuo,
825 2010 872 2060 sed
887 2024 941 2059 non
956 2008 1062 2073 poterit.
1087 2008 1167 2058 Unde
1180 2007 1279 2061 Aletri-

744 2096 794 2132 nus
814 2096 823 2128 .·
841 2077 1006 2144 «Significat
1033 2092 1062 2127 se
1086 2087 1230 2128 mortuum
1254 2088 1280 2129 et

744 2153 777 2203 ad
806 2150 991 2216 sepeliendum
1028 2149 1197 2200 aromatibus
1222 2164 1280 2201 esse

745 2225 911 2291 ungendum.
927 2224 990 2272 ldeo
1009 2222 1110 2282 Mariae,
1125 2224 1169 2274 cui
1184 2225 1220 2275 ad
1232 2240 1280 2275 un·

744 2297 860 2348 ctionem
882 2294 983 2343 mortui
1001 2293 1120 2358 corporis
1141 2294 1281 2360 pervenire

746 2382 800 2417 non
825 2366 933 2428 liceret,
961 2365 1091 2414 donatum
1119 2374 1160 2415 est
1177 2364 1280 2417 viventi

745 2438 833 2489 adhuc
846 2436 1001 2501 impendere
1020 2435 1195 2501 obsequium,
1208 2437 1281 2503 quod

747 2518 808 2575 post
833 2517 949 2557 mortem
982 2505 1060 2556 celeri
1084 2507 1283 2557 resurrectione

746 2590 894 2647 praeventa,
923 2578 1082 2645 nequiverit.
1108 2597 1123 2627 n
1152 2579 1233 2630 Unde
1257 2588 1283 2630 et

753 2651 939 2716 Theophilus:
954 2668 968 2696 a
979 2649 1119 2700 Praevmit
1131 2664 1161 2699 ea
1175 2648 1254 2716 quasi
1267 2663 1283 2699 a

748 2726 804 2776 Deo
821 2725 900 2774 ducta
915 2736 1017 2788 ungere
1032 2737 1132 2787 corpus
1147 2736 1244 2786 meum,
1255 2722 1283 2773 in

748 2797 856 2862 signum
888 2795 1033 2860 sepulturae
1056 2793 1164 2853 futurte,
1183 2794 1283 2860 inquo

749 2869 916 2936 proditorem
927 2866 1075 2917 confundit.
1088 2868 1128 2917 Ac
1141 2867 1165 2917 si
1178 2867 1204 2918 ei
1218 2866 1285 2917 dice·

748 2950 789 2990 ret
803 2957 810 2990 :
826 2940 886 2999 Qua
897 2938 1061 2989 conscientia
1068 2939 1214 2989 mulierem
1223 2953 1285 2989 cun-

748 3010 850 3071 fundis,
865 3025 925 3076 quae
945 3010 973 3059 in
994 3009 1161 3074 sepulturam
1187 3022 1284 3075 corpus

749 3097 841 3132 meum
855 3080 943 3146 ungit,
959 3089 986 3130 et
1004 3079 1122 3144 teipsum
1146 3094 1204 3129 non
1218 3094 1285 3130 con·

749 3151 851 3211 fundis,
863 3152 910 3218 qui
931 3161 956 3201 te
970 3150 998 3200 in
1019 3159 1134 3200 mortem
1146 3150 1238 3200 trades
1247 3149 1258 3199 i
1268 3168 1283 3195 n

748 3223 862 3272 Mittens
886 3221 954 3271 enim
974 3221 1032 3271 ltaec
1058 3228 1224 3286 uirguentum
1237 3220 1285 3271 ltoc

749 3295 775 3344 in
804 3307 901 3359 corpus
926 3307 1019 3354 meum,
1041 3292 1079 3342 ad
1106 3291 1285 3357 sepeliendus

749 3378 789 3414 me
807 3364 886 3430 fecit,
903 3373 929 3413 et
947 3378 994 3428 per
1015 3363 1075 3422 hoc,
1094 3377 1187 3413 meam
1200 3361 1286 3428 sepul·

749 3447 837 3487 turam
859 3435 1048 3502 praefiguravit.
1067 3435 1147 3495 Quod
1169 3450 1220 3486 vos
1235 3448 1285 3501 pu-

749 3508 811 3558 tatis
844 3507 1023 3572 perditionem
1052 3521 1111 3556 esse
1137 3503 1287 3573 unguenti,

750 3577 872 3628 officium
899 3587 947 3636 est,
968 3587 995 3626 et
1014 3575 1178 3642 significatio
1194 3574 1285 3641 sepul·

750 3658 827 3700 turae.
854 3649 1014 3716 Mysterium
1031 3658 1072 3699 est
1090 3649 1166 3715 quod
1190 3649 1286 3715 agitur,

751 3721 780 3771 in
798 3739 854 3789 quo
869 3738 943 3773 mors
965 3732 992 3772 et
1018 3721 1157 3786 sepultura
1177 3736 1239 3773 mea
1254 3718 1287 3770 ci·

750 3806 778 3845 to
812 3794 869 3846 fieri
906 3795 1079 3861 significatur.
1104 3796 1135 3845 ln
1163 3793 1287 3862 proximo

751 3867 824 3918 enim
852 3883 980 3933 passurus
994 3882 1065 3931 sum,
1084 3866 1203 3935 ideoque
1219 3863 1286 3919 mihi
