2632 4320
309 185 312 190 Ι
330 98 332 102 ’
361 114 408 165 or
424 107 730 164 resuscitationi:
747 106 881 158 ιιιιιιι.
1142 118 1188 170 141

61 244 120 286 rent
143 247 207 283 eum
230 230 332 281 Filium
355 229 413 280 Dei.
429 229 507 280 Unde
520 227 598 277 Htla

61 308 158 358 rius:
182 322 196 349 a
220 303 281 353 Non
301 317 377 368 prece
404 302 492 368 eguit;
519 299 598 350 nobis

61 376 157 436 oravit,
180 389 215 424 ne
231 373 341 423 Filius
335 383 512 439 ignoraretur
528 372 598 421 Cum

61 448 136 499 enim
149 445 203 497 sibi
219 461 274 494 non
290 444 428 510 proficeret
439 442 599 509 deprecatio-

63 518 107 569 nis
117 532 219 576 sermo,
235 516 268 566 ad
281 516 430 581 profectum
445 525 536 565 tamen
546 529 597 563 no-

61 599 123 640 strae
146 585 209 637 fidei
238 586 406 652 loquebatur
433 584 524 634 Non
518 599 597 648 inops

61 674 127 725 ergo
147 657 252 720 auxilii,
267 657 313 707 sed
330 672 379 706 nos
394 671 490 706 sumus
504 655 597 720 inopes

61 729 200 780 doctrinae.
215 747 229 776 ι)
247 727 309 777 ldeo
323 727 402 777 etiam
420 724 513 785 oravit,
526 736 556 776 ut
568 725 596 774 in

60 799 266 851 necessitatibus
292 799 324 849 ad
347 797 476 848 orationis
498 796 596 847 suffra-

60 872 139 939 gium
160 885 219 921 esse
239 870 430 920 recurrendum
451 884 501 919 nos
515 870 596 919 doce-

61 952 112 994 ret.
125 942 164 993 Et
182 942 333 992 notandum
354 941 427 1007 quod
448 956 524 992 orare
543 942 595 991 Pa-

62 1024 143 1075 trem,
162 1023 189 1065 et
204 1012 334 1072 exaudiri,
348 1012 474 1063 convenit
486 1012 596 1063 Christo

61 1085 167 1135 ratione
181 1083 368 1144 humanitatis,
382 1083 410 1132 in
426 1098 479 1149 qua
494 1093 534 1133 est
547 1083 597 1132 mi·

60 1172 111 1206 nor
120 1156 215 1222 Patre3
226 1171 279 1205 non
292 1165 380 1205 autem
389 1155 492 1205 ratione
501 1153 598 1204 divini·

60 1227 135 1287 tatis,
155 1226 184 1277 in
201 1237 309 1294 quaest
326 1226 350 1276 ei
368 1226 490 1292 aequalis.
503 1225 597 1276 Oratu-

61 1314 107 1350 rus
128 1313 195 1349 vero
225 1298 323 1364 gratias
349 1313 398 1364 pro
426 1296 597 1347 exauditione

61 1370 126 1437 egit,
139 1370 205 1437 quia
214 1370 268 1435 jam
282 1384 311 1420 se
326 1370 449 1420 auditum
461 1368 595 1433 cognovit.

62 1441 143 1492 Unde
158 1440 294 1507 Origenes
309 1459 317 1492 .-
333 1458 347 1488 ιι
363 1441 426 1490 Erat
443 1439 518 1489 enim
533 1454 596 1489 ora-

63 1523 141 1564 turus
155 1528 206 1580 pro
220 1512 416 1564 resurrectione
429 1511 530 1571 Lazari,
549 1512 598 1563 sed'

56 1582 233 1652 'praeveniens
257 1584 332 1635 illiue
360 1584 519 1645 orationem,
549 1584 596 1650 qui

62 1659 141 1710 solus
149 1659 240 1709 bonus
250 1658 328 1709 Pater
342 1666 395 1718 est,
404 1657 539 1708 exaudivit
551 1658 596 1708 di-

62 1729 157 1782 cenda.
174 1729 224 1780 Pro
239 1727 397 1794 impletione
416 1744 480 1794 ergo
494 1729 596 1780 oratio-

61 1800 117 1860 nis,
132 1799 226 1850 subdit
237 1799 384 1865 gratiarum
403 1798 529 1859 actiones,
551 1800 596 1849 di-

61 1886 125 1923 cens
153 1887 161 1920 ι
191 1871 286 1932 Pater,
308 1870 419 1937 gratias
446 1870 494 1920 tibi
521 1885 594 1937 ago,

60 1944 189 2012 quoniam
203 1942 343 1994 mandisti
354 1958 395 1994 me
410 1960 419 1993 .·
433 1962 444 1988 ι
461 1942 518 1993 haec
530 1944 597 1995 Ori-

61 2031 155 2084 genes.
173 2016 223 2066 Per
246 2015 298 2066 hoc
321 2015 393 2082 quod
413 2017 490 2067 lesus
504 2016 597 2068 oculos

62 2088 148 2138 elevat
174 2085 205 2136 in
233 2086 344 2146 coelum,
372 2086 490 2137 ostendit
517 2087 597 2138 nobis

62 2156 179 2209 formam
194 2156 297 2219 orandi,
310 2171 371 2223 quae
389 2165 429 2206 est
444 2172 491 2222 per
508 2159 596 2208 eleva-

63 2226 166 2279 tionem
181 2226 283 2278 mentis
303 2227 331 2277 in
346 2227 442 2278 Deum.
455 2228 533 2279 Unde
551 2229 597 2278 in-

63 2298 207 2359 struimur,
233 2306 264 2349 ut
286 2296 314 2347 in
338 2298 458 2349 oratione
478 2300 597 2350 levemus

64 2384 174 2421 sursum
202 2369 234 2419 ad
267 2369 354 2420 Deum
379 2370 472 2420 oculos
499 2371 598 2421 mentis

64 2449 175 2501 nostrae,
185 2438 314 2505 erigendo
323 2448 349 2489 et
362 2441 525 2491 removendo
536 2441 598 2491 illos

64 2524 80 2561 a
103 2508 285 2575 presentibus
313 2509 416 2570 rebus,
446 2511 596 2573 memoria,

65 2579 228 2661 cogitatione
255 2590 281 2630 et
312 2579 469 2631 intentione.
496 2582 603 2646 Oculos·

66 2650 145 2701 etiam
168 2650 203 2701 ad
229 2651 316 2700 Deum
335 2651 464 2712 levamus,
490 2655 596 2738 quando

10 2766 12 2777 ,
66 2737 119 2772 non
141 2721 307 2774 confidentes
319 2723 352 2773 de
364 2724 468 2774 meritis
487 2727 595 2792 nostris,

67 2791 98 2843 de
108 2793 165 2844 sola
186 2792 371 2843 misericordia
384 2793 434 2844 Dei
449 2810 595 2878 speramus.

69 2860 113 2912 Per
136 2862 191 2914 hoc
212 2872 302 2914 autern
321 2865 424 2948 quod
418 2881 445 2914 ιιι
461 2866 596 2932 principio

43 2990 48 2996 ,
70 2934 196 2987 emtionis
218 2936 317 3003 gratias
339 2936 402 3002 agit,
426 2938 504 2988 datur
518 2939 597 2991 nobis

72 3006 219 3073 exemplum
243 3017 274 3058 ut
287 3023 350 3058 cum
372 3022 447 3058 orare
460 3010 596 3071 volumus,

73 3088 207 3161 antequam
230 3079 321 3131 futura
342 3091 473 3147 petamus,
492 3099 540 3148 pro
555 3100 597 3135 re-

75 3149 150 3215 epeia
175 3149 316 3202 beneficiis
343 3152 399 3202 Deo
418 3153 515 3218 gratias
528 3154 598 3205 refe·

75 3232 165 3272 umus.
189 3222 262 3272 Deus
292 3221 366 3272 enim
395 3238 427 3273 ex
451 3224 597 3290 gratiarum

77 3288 169 3342 mione
179 3291 213 3342 de
226 3291 378 3357 praeteritis,
395 3304 551 3375 provocatur
565 3295 597 3346 ad

78 3360 216 3476 prestanda
231 3360 362 3413 beneficia
375 3364 515 3428 sequentia
532 3363 599 3415 faci-

88 3442 131 3483 tua.

56 3515 118 3585 7
136 3503 261 3557 Lazarus
286 3520 364 3555 vivus
385 3521 446 3555 ιιιιιι
471 3523 489 3555 x
510 3523 599 3557 ιιοιιιι-

177 3577 330 3628 -Deinde
345 3592 408 3629 voce
419 3593 529 3645 magna,
549 3596 599 3646 po-

10 3676 15 3683 ·
80 3640 123 3703 filit
136 3614 246 3715 virtute,
268 3665 351 3716 quam
369 3651 514 3702 clamoris
508 3662 600 3704 inten-

81 3711 309 3783 brenamir.-
316 3720 598 3788 Lazaresteniforas,

660 219 760 270 scilicet
773 230 904 287 quantum
926 220 959 272 ad
981 233 1077 284 corpus
1094 218 1127 268 de
1147 232 1192 268 se-

660 294 785 360 pulchro,
814 303 840 344 et
860 304 993 378 quantum
1019 293 1051 343 ad
1071 293 1192 342 animam

658 368 692 418 de
717 367 836 431 infern03
860 377 885 418 et
911 368 949 419 sic
973 368 1102 417 Lazarum
1115 364 1189 416 vocis

657 456 713 492 suae
728 441 825 493 virtute
848 441 994 492 suscitavit.
1016 441 1078 501 Ubi,
1092 455 1188 491 secun·
1236 489 1238 496 ,

656 513 722 563 dum
731 513 885 579 Origenem,
903 523 943 562 est
952 512 1186 571 considerandum,

657 586 729 650 quod
753 600 828 635 mora
847 583 959 635 tollendi
979 583 1094 649 lapidem
1113 583 1187 648 adja-

656 666 758 708 centem
781 673 813 708 ex
835 672 925 708 sorore
944 655 1062 706 defuncti
1081 666 1186 706 causata

656 740 706 790 est,
722 740 747 780 et
767 730 827 780 ideo
838 730 933 780 tandiu
949 727 1115 779 resuscitatio
1130 728 1186 779 fra-

655 801 704 850 tris
728 800 810 851 dilata
828 811 877 860 est,
901 798 1020 866 quandiu
1046 797 1185 849 Christum

655 887 702 937 per
715 871 796 922 verba
810 870 939 933 detinuit;
957 870 1002 920 sed
1017 869 1107 919 statim
1124 885 1185 919 curn

656 941 758 993 Christi
782 943 939 992 mandatum
960 940 1111 991 obediendo
1137 955 1186 989 ex-

655 1012 786 1079 sequitur,
802 1013 882 1063 frater
901 1011 1080 1072 resuscitatur,
1099 1019 1129 1060 ut
1140 1026 1186 1075 per

655 1084 707 1133 hoc
721 1082 856 1134 discamus
873 1082 943 1133 nihil
959 1082 1127 1147 interponere
1139 1080 1185 1130 in-

654 1165 695 1205 ter
719 1153 791 1219 jussa
816 1153 917 1205 Christi
938 1163 964 1203 et
989 1153 1184 1203 exsecutionem

655 1225 786 1292 ipsorum,
810 1225 833 1275 si
852 1223 978 1290 cupimus
1000 1225 1074 1290 quod
1095 1222 1185 1273 statim

654 1306 783 1362 sequatur
802 1294 894 1346 salutis
907 1293 1024 1353 effectus,
1038 1293 1185 1344 secundum

656 1366 723 1416 illud
748 1365 968 1417 Psalmistae21n
991 1363 1086 1414 auditu
1108 1364 1187 1414 auris

655 1436 772 1487 obedivit
792 1436 865 1486 mihi.
891 1435 923 1486 Et
954 1444 1017 1484 nota
1037 1434 1110 1500 quod
1133 1449 1186 1484 vox

655 1509 757 1560 Christi
769 1524 867 1575 magna
883 1508 990 1568 dieitur,
1008 1517 1116 1573 propter
1129 1507 1186 1557 vir-

657 1581 725 1631 tutis
753 1579 992 1645 magnitudinem
1025 1594 1087 1628 nam
1115 1588 1187 1628 tanta

654 1651 741 1701 virtus
769 1651 827 1716 ejus
855 1647 905 1699 fuit
938 1648 1010 1715 quod
1047 1647 1186 1698 suscitavit

655 1721 785 1772 Lazarum
806 1729 931 1779 amorte,
955 1718 1185 1784 quemadmodum

656 1791 801 1842 suscitatur
815 1790 955 1841 dormiens
971 1805 987 1840 a
1001 1805 1098 1839 somno
1115 1790 1157 1839 vel
1171 1803 1187 1839 a

655 1877 760 1927 sopore.
774 1863 833 1913 Vox
847 1861 927 1912 etiam
953 1860 1004 1911 ista
1023 1875 1121 1926 magna
1141 1875 1186 1910 re-

656 1935 839 2002 praesentativa
848 1944 888 1986 est
898 1934 973 1985 illius
985 1934 1058 1984 vocis
1073 1947 1186 1999 magnae,

655 2023 716 2075 quae
726 2008 777 2059 erit
791 2009 820 2059 in
829 2007 969 2059 communi
982 2006 1185 2070 resurrectione,

656 2097 702 2148 per
724 2097 806 2148 quam
829 2097 924 2133 omnes
946 2083 979 2132 de
1002 2079 1187 2130 monumentis

655 2155 896 2207 resuscitabuntur.
922 2155 1010 2206 Tanta
1037 2152 1111 2204 enim
1132 2160 1188 2202 erat

655 2227 829 2292 virtushujus
838 2227 913 2278 vocis
923 2225 1034 2291 Christi,
1047 2225 1186 2291 utabsque

655 2298 785 2364 temporis
801 2297 929 2348 dilatione
948 2296 1030 2347 vitam
1045 2293 1186 2354 conferret,

655 2374 724 2424 sicut
735 2372 785 2422 erit
798 2371 826 2421 in
838 2369 1029 2420 resurrectione
1039 2367 1186 2432 communi,

656 2445 765 2513 quando
791 2445 818 2494 in
845 2445 897 2495 ictu
920 2442 1000 2505 oculi,
1018 2440 1118 2491 mortui
1137 2456 1187 2490 au·

656 2519 762 2570 dientes
777 2517 870 2568 tubam
881 2524 1030 2581 resurgent.
1042 2513 1187 2578 Clamavit,

657 2590 788 2656 inquam:
799 2587 915 2656 Lagare,
931 2585 1083 2650 venisoras,
1094 2599 1186 2650 quem,

656 2660 805 2711 secundum
836 2656 1035 2724 Augustinum,
1066 2654 1126 2704 ideo
1155 2669 1188 2704 ex

657 2731 765 2798 proprio
796 2729 906 2780 nomine
930 2736 1016 2787 vocat,
1035 2725 1099 2792 quia
1115 2735 1188 2777 tanta

656 2811 712 2852 erat
726 2800 813 2851 virtus
825 2797 899 2850 vocis
919 2797 986 2863 ejus,
1005 2796 1079 2862 quod
1090 2795 1188 2862 pariter

656 2885 752 2922 omnes
779 2868 878 2920 mortui
900 2876 1080 2950 ’cogerentur
1096 2865 1187 2949 exire,

658 2943 710 2994 nisi
728 2956 775 3008 per
790 2938 991 3006 expressionem
1006 2954 1128 2989 nominis
1137 2954 1189 2989 vir·

656 3024 742 3065 tutem
756 3026 832 3062 suam
846 3010 878 3061 ad
900 3026 986 3061 unum
1006 3009 1188 3060 determinas·

656 3093 704 3135 set.
731 3083 764 3133 Et
789 3096 845 3131 non
866 3081 955 3131 solum
978 3078 1124 3130 suscitatus
1148 3087 1189 3128 est

657 3156 782 3211 Lazarus,
795 3152 841 3201 sed
855 3150 956 3216 prodiit
978 3160 1005 3201 et
1025 3149 1114 3208 exivit,
1127 3148 1188 3199 licet

657 3233 726 3276 esset
739 3223 843 3288 ligatus
851 3221 936 3288 pedes
953 3227 980 3271 et
997 3235 1092 3270 manus
1109 3217 1189 3269 insti-

658 3297 701 3360 tis,
724 3295 751 3344 id
772 3304 813 3344 est
839 3292 943 3352 fasciis,
965 3291 1065 3357 quibus
1082 3288 1187 3353 antiqui

657 3378 779 3420 mortuos
789 3364 972 3427 involvebant,
983 3370 1009 3414 et
1013 3363 1104 3430 factes
1114 3361 1156 3412 tllt
1158 3375 1189 3411 ur

658 3439 770 3491 sudario
783 3438 872 3503 ligata
882 3450 912 3486 er
912 3440 950 3497 at,
967 3449 1000 3484 ne
1009 3432 1109 3483 scilicet
1120 3431 1189 3481 hor-

659 3525 747 3560 rorem
761 3508 866 3559 faceret
882 3506 911 3555 ln
926 3519 981 3570 quo
995 3503 1081 3552 virtus
1097 3502 1188 3552 divina

633 3614 637 3619 -
659 3589 684 3631 et
714 3577 838 3630 miraculi
861 3574 993 3626 certitudo
1024 3573 1189 3632 declaratur,

659 3653 719 3704 ideo
731 3650 805 3702 enim
819 3649 930 3714 ligatum
944 3656 970 3696 et
979 3654 1133 3710 coopertum
1144 3661 1189 3696 re-

660 3736 770 3789 surgere
786 3719 875 3786 jussit,
888 3726 919 3767 ut
928 3715 1088 3766 miraculum
1102 3716 1189 3782 magis
