2632 4320
97 313 132 364 40
395 292 569 345 SECUNDAE
585 289 710 340 PARTIS
726 289 843 340 CAPUT
856 289 889 340 V.

96 422 156 471 tur,
187 411 234 479 qui
269 409 294 460 ei
331 409 520 459 conformatur.
550 405 628 456 Unde

96 480 256 533 Ambrosius
281 493 290 526 τ
318 496 332 525 u
357 477 410 538 Qui
438 476 510 528 enim
538 475 628 525 imita-

96 561 183 602 torem
210 548 312 602 Christi
341 548 455 614 recipit,
488 546 627 597 Christum

97 621 209 688 recipit3
225 631 251 671 et
268 619 315 686 qui
331 620 477 685 imaginem
494 618 542 668 Dei
557 617 629 668 reci·

97 694 145 760 pit,
162 694 248 742 Deum
266 691 360 758 recipit
379 708 386 742 ς
403 711 416 738 n
434 692 491 742 haec
513 689 629 741 Ambro-

96 767 163 817 sius.
186 765 249 829 Qui,
274 765 395 831 inquam,
416 764 495 814 talem
515 761 629 826 suscipit

96 837 191 888 affectu
202 837 236 886 ad
253 835 480 902 compatiendum,
500 833 581 884 affatu
594 832 627 882 ad

96 907 301 967 consolandum,
328 907 423 958 effectu
448 905 480 956 ad
508 904 628 955 servien-

95 978 171 1037 dum,
187 978 316 1043 patientia
329 977 361 1027 ad
375 975 567 1038 sufferendum,
588 988 628 1023 me

96 1048 217 1114 suscipit.
240 1050 337 1114 Magno
353 1062 416 1113 ergo
428 1046 532 1096 honore
546 1044 629 1095 susci-

97 1121 189 1187 piendi
216 1131 279 1172 sunt
298 1135 427 1187 pauperes
451 1129 477 1170 et
499 1117 627 1178 humiles,

95 1192 230 1258 siquidem
252 1192 280 1241 in
304 1191 371 1256 ipsis
384 1191 455 1240 Deus
468 1188 624 1254 suscipitur.

96 1263 175 1313 Unde
204 1261 366 1328 Theophilus
392 1278 400 1311 .·
428 1260 525 1309 «Vide
543 1274 628 1325 quan-

95 1341 154 1382 tum
163 1334 232 1382 valet
244 1330 398 1394 humilitas;
416 1329 501 1380 Patris
511 1343 628 1395 namque

95 1416 123 1456 et
136 1405 201 1456 Filii
219 1404 444 1455 inhabitationem
464 1413 588 1461 meretur,
602 1411 629 1451 et

95 1477 174 1527 etiam
191 1477 308 1542 Spiritus
324 1477 450 1527 Sancti.»
464 1475 547 1536 Quasi
558 1473 628 1523 dicat

95 1547 243 1608 Dominus,
274 1549 423 1598 secundum
460 1547 628 1611 Chrysosto·

96 1634 166 1670 mum
181 1636 190 1669 .·
203 1620 264 1669 Non
279 1621 367 1669 solum
382 1619 405 1669 si
422 1620 487 1669 tales
496 1615 628 1668 efficiami-

96 1689 135 1752 ni,
157 1691 307 1740 mercedem
332 1705 455 1755 magnam
475 1687 626 1754 accipietis,

96 1762 181 1812 sedet
196 1762 219 1813 si
236 1762 303 1812 alios
321 1763 387 1812 tales
400 1772 508 1827 propter
522 1775 564 1810 me
576 1759 628 1808 ho-

96 1835 266 1897 nutaveritis3
287 1834 336 1885 ista
354 1833 423 1884 mihi
445 1832 585 1883 humilitas
602 1840 628 1880 et

96 1904 255 1970 simplicitas
279 1905 354 1955 valde
377 1914 418 1954 est
450 1900 626 1952 honorabilis.

95 1975 154 2037 Vel,
181 1975 327 2025 secundum
357 1970 563 2038 Hieronymum,
594 1985 627 2020 ne

95 2061 158 2096 cum
185 2047 303 2096 delatum
328 2045 409 2096 fuerit
430 2044 577 2109 Apostolis,
599 2058 627 2092 se

97 2129 192 2184 putent
206 2119 362 2179 honoratos,
381 2117 549 2182 adjecitnon
566 2117 628 2166 illos

96 2190 138 2239 sui
164 2190 275 2249 merito,
307 2190 353 2239 sed
377 2187 498 2253 Magistri
526 2186 628 2237 honore

95 2262 296 2327 suscipiendos;
313 2261 375 2327 quia
400 2258 574 2325 principalius
588 2258 627 2309 illi

95 2329 134 2391 fit,
150 2332 226 2395 cujus
238 2331 321 2397 gratia
333 2340 359 2381 et
374 2331 477 2380 honore
491 2328 529 2379 fit.

120 2418 160 2452 -11
189 2403 325 2460 Nunouau
353 2416 536 2451 raonraauous
565 2416 627 2458 our-

97 2489 203 2532 cuuoua
229 2490 295 2525 orus
320 2489 410 2524 souuu
425 2487 575 2522 orannrun.
596 2500 628 2508 -

96 2548 131 2599 Et
147 2549 212 2615 quia
224 2550 326 2599 dixerat
337 2548 471 2598 Dominus
486 2562 493 2596 ι
509 2547 563 2608 Qui
572 2561 629 2596 sus-

95 2619 195 2683 ceperit
218 2634 296 2670 unum
317 2617 464 2684 parvulum
487 2616 567 2666 talem
600 2616 626 2666 in

96 2690 200 2740 nomine
208 2705 273 2752 meo,
285 2704 326 2739 me
340 2689 460 2755 suscipit,
474 2687 627 2753 significans

96 2759 169 2824 quod
191 2759 309 2809 humiles
337 2757 500 2823 suscipiendi
526 2768 626 2818 essent,

97 2830 229 2882 intellexit
240 2832 359 2882 Joannes
375 2830 448 2896 quod
463 2845 508 2880 eos
527 2846 581 2879 non
598 2831 627 2880 in

99 2901 211 2953 nomine
225 2903 282 2967 ejus
296 2901 434 2967 recipiant,
445 2901 492 2966 qui
503 2917 558 2950 non
569 2899 627 2951 sin-

97 2973 319 3034 cereambulant;
337 2972 409 3021 unde
422 2969 490 3020 dixit
503 2970 527 3021 ei
542 2987 549 3020 :
565 2971 628 3021 Ma-

96 3045 194 3111 gister,
209 3045 324 3095 vidimus
334 3044 472 3109 quemdam
483 3043 509 3093 in
524 3044 627 3094 nomine

97 3122 152 3178 tuo,
168 3115 195 3165 id
210 3127 250 3165 est
263 3115 431 3165 invocatione
446 3114 625 3174 noministui,

96 3187 240 3254 ejicientem
255 3186 394 3247 demonia,
410 3191 436 3236 et
441 3185 627 3251 prohibuimus

95 3273 165 3323 eum,
179 3275 213 3310 ne
227 3259 328 3309 scilicet
345 3257 401 3308 haec
415 3257 442 3306 in
457 3256 568 3306 nomine
579 3266 626 3306 tuo

95 3339 192 3396 ageret,
207 3330 270 3397 quia
290 3339 316 3379 te
333 3343 384 3379 non
399 3328 518 3393 sequitur
536 3327 626 3377 nobis-

95 3416 162 3466 cum,
179 3403 206 3453 id
221 3413 261 3454 est
271 3402 340 3452 sicut
349 3416 408 3461 nos,
421 3400 522 3450 scilicet
536 3410 625 3450 mente

95 3482 122 3523 et
145 3490 263 3540 corpore,
292 3483 318 3523 et
340 3488 394 3521 non
420 3470 577 3536 obsequitur
597 3469 624 3519 in

93 3543 157 3607 vita,
187 3561 235 3596 nec
261 3543 392 3609 relinquit
416 3542 517 3592 omnia.
542 3541 624 3601 Quasi

93 3614 193 3665 diceret
207 3633 213 3665 τ
229 3617 280 3667 Hic
298 3616 326 3667 in
346 3613 456 3664 nomine
479 3624 525 3663 tuo
542 3613 623 3678 recipi

94 3700 150 3736 non
162 3686 250 3738 debet.
262 3689 343 3739 Jesus
358 3692 446 3737 autem
463 3685 602 3751 respondit
615 3702 623 3735 :

94 3755 187 3808 Nolite
200 3759 342 3822 prohibere
357 3757 445 3807 illum.
456 3754 538 3814 Quasi
551 3753 624 3803 dice·

94 3837 155 3878 ret:
171 3827 232 3877 Non
248 3829 352 3880 debetis
375 3829 456 3886 bona,
481 3827 522 3876 vel
548 3825 624 3891 signa

93 3899 232 3952 facientem
255 3901 407 3966 prohibere,
432 3898 497 3965 quia
517 3913 622 3949 mecum

680 414 728 455 est.
742 405 829 455 Nemo
843 411 884 456 est
894 403 968 454 enim
985 404 1031 470 qui
1043 404 1136 467 faciat
1153 404 1210 454 vir·

679 483 761 527 tutem
776 477 802 527 iu
817 477 920 528 nomine
933 490 1000 539 meo,
1013 482 1039 526 et
1045 476 1135 543 possit
1148 475 1210 537 cito,

680 547 713 598 de
726 547 796 598 facili
813 548 883 597 male
898 548 970 612 loqui
983 547 1079 608 deme,
1095 545 1213 597 existens

679 618 801 685 ingratus
825 620 893 670 mihi
908 620 942 669 de
966 618 1046 669 tantis
1065 617 1211 668 beneficiis.

681 691 733 752 Qui
748 691 817 741 enim
840 705 891 740 non
917 695 958 740 est
984 690 1128 740 adversum
1148 702 1210 751 nos,

681 777 790 827 prorsus
804 772 830 812 et
846 761 993 819 manifeste,
1005 776 1058 826 pro
1080 761 1157 812 nobis
1173 767 1213 811 est

680 833 881 898 quodammodo
903 848 935 882 ex
963 842 1045 897 parte,
1070 831 1212 882 scilicetin

679 916 812 972 quantum
833 907 960 957 adversus
975 922 1025 955 nos
1039 921 1095 956 non
1115 915 1165 966 est,
1187 915 1213 956 et

680 977 812 1028 contraria
826 977 952 1028 doctrinae
967 987 1065 1027 nostrae
1085 992 1141 1026 non
1160 977 1213 1027 do·

680 1058 729 1107 cet,
747 1048 871 1114 quamvis
894 1059 983 1098 tamen
1007 1063 1039 1098 ex
1054 1047 1134 1098 nobis
1157 1063 1211 1098 nou

679 1118 724 1169 sit.
740 1120 808 1169 Nam
819 1120 880 1170 licet
894 1121 972 1186 signa
988 1118 1117 1169 facientes
1129 1133 1212 1186 quan·

680 1189 769 1256 doque
797 1190 988 1255 despiciantur,
1012 1190 1084 1240 Deus
1113 1198 1211 1252 tamen,

679 1260 754 1324 cujus
766 1260 898 1311 invocatio
909 1260 965 1310 haec
972 1260 1043 1322 facit,
1054 1260 1211 1312 honoratur.

678 1331 832 1381 Secundum
866 1331 1053 1397 Theophilum,
1086 1332 1211 1397 discipuli

680 1405 879 1470 prohibuerunt
908 1422 991 1467 eum,
1021 1423 1075 1457 non
1100 1408 1211 1474 quidem

680 1475 839 1537 invidentes,
861 1477 907 1527 sed
927 1477 1110 1542 operationem
1125 1478 1212 1529 mira-

679 1548 801 1597 culorum
831 1548 1023 1613 dijudicantes;
1053 1565 1107 1599 non
1136 1551 1210 1601 enim

679 1633 740 1667 cum
770 1618 810 1668 eis
830 1619 1021 1670 miraculorum
1050 1630 1211 1686 potestatem

680 1700 828 1755 acceperat,
858 1708 946 1758 neque
969 1693 1043 1744 enim
1074 1694 1212 1746 Dominus

679 1775 740 1809 eum
763 1761 873 1812 miserat
895 1763 965 1813 sicut
979 1764 1048 1824 illos,
1061 1780 1147 1830 neque
1165 1767 1212 1816 Je-

679 1847 740 1883 sum
754 1833 782 1883 in
803 1835 931 1885 omnibus
956 1837 1126 1902 sequebatur.
1149 1838 1212 1897 Sed,

679 1913 708 1953 ut
733 1905 798 1956 dicit
829 1907 955 1974 Cyrillus
980 1925 988 1957 .·
1020 1926 1034 1955 «
1065 1909 1213 1974 Oportebat

680 1975 767 2041 magis
792 1991 911 2041 pensare,
940 1993 993 2028 non
1021 1978 1094 2028 hunc
1120 1978 1211 2044 ipsum

680 2061 739 2095 esse
767 2047 959 2097 miraculorum
989 2059 1141 2113 auctorem;
1165 2052 1212 2101 sed

679 2116 791 2181 gratiam
813 2132 873 2182 quae
889 2128 928 2168 est
949 2118 976 2168 in
992 2135 1033 2178 eo,
1048 2121 1096 2186 qui
1112 2121 1140 2170 in
1152 2121 1212 2172 vir-

680 2196 736 2236 tute
750 2186 850 2237 Christi
864 2188 991 2248 miracula
1010 2190 1121 2256 perlicit.
1139 2193 1212 2243 Mul-

680 2266 713 2306 tae
724 2266 786 2306 sunt
805 2257 960 2309 differentiae
973 2261 1107 2311 donorum
1128 2261 1212 2312 Chri-

628 2390 631 2397 ,
679 2330 730 2393 sti;
759 2331 805 2380 sed
831 2331 894 2397 quia
919 2333 1064 2384 tradiderat
1091 2335 1211 2386 Salvator

680 2409 837 2464 potestatem
851 2422 854 2429 ¹
869 2403 1008 2466 Apostolis
1039 2416 1068 2454 ut
1096 2404 1211 2470 spiritus

680 2471 836 2522 immundos
869 2472 1015 2537 ejicerent,
1051 2485 1211 2540 putaverunt

680 2543 748 2594 nulli
762 2543 885 2604 aliorum,
908 2546 954 2595 sed
973 2545 1024 2595 sibi
1047 2546 1111 2596 solis
1129 2547 1211 2598 licere

679 2629 833 2665 concessam
863 2630 954 2681 gerere
979 2615 1154 2680 dignitatem;
1185 2629 1212 2669 et

680 2683 740 2734 ideo
758 2687 887 2735 accedunt
901 2686 1062 2746 siscitantes,
1082 2688 1104 2737 si
1132 2689 1212 2740 liceat

676 2765 705 2825 et
718 2757 778 2806 aliis
795 2756 931 2821 hocagere
947 2774 953 2806 :
973 2777 986 2804 u
1001 2758 1058 2809 haec
1073 2760 1225 2830 Cyrillus.'

679 2829 730 2877 Sed
747 2828 832 2878 voluit
861 2828 995 2879 Dominus
1016 2831 1093 2880 illum
1119 2833 1211 2898 quise

680 2916 734 2950 non
753 2901 914 2966 sequebatur
927 2903 961 2951 ab
977 2904 1132 2968 operatione
1154 2908 1211 2956 mi-

678 2973 831 3022 raculorum
846 2989 900 3022 non
923 2976 1069 3040 prohiberi,
1084 2987 1115 3026 ut
1128 2977 1212 3028 disci-

679 3046 757 3111 pulos
769 3056 882 3095 servaret
896 3045 923 3095 in
935 3048 1096 3108 humilitate,
1105 3065 1138 3100 ue
1148 3052 1211 3116 glo·

677 3118 818 3179 riarentur,
829 3134 862 3168 ne
875 3122 1056 3185 superbiendo
1065 3124 1211 3188 gauderent

678 3189 707 3238 in
721 3189 910 3240 miraculorum
921 3193 1084 3257 operatione,
1094 3210 1142 3244 nec
1155 3211 1211 3247 suae

677 3260 768 3310 virtuti
782 3261 954 3320 ascriberent,
963 3265 1009 3313 sed
1020 3264 1132 3325 Christi,
1142 3267 1209 3316 dum

676 3329 798 3380 viderent
822 3346 884 3381 eum
910 3333 957 3398 qui
988 3333 1127 3384 Christum
1152 3352 1208 3386 non

677 3402 838 3468 sequebatur
865 3402 957 3467 ejicere
984 3405 1141 3469 daemonia;
1179 3418 1210 3458 ut

677 3488 745 3538 quos
754 3471 899 3522 humiliare
912 3486 1021 3525 conatus
1032 3486 1072 3525 est
1084 3479 1209 3542 exemplo

677 3543 762 3608 pueri,
778 3558 825 3594 eos
846 3544 926 3593 etiam
942 3546 1069 3597 humiliet
1084 3550 1208 3614 exemplo

676 3617 749 3667 illius
770 3617 817 3682 qui
835 3617 974 3668 Christum
999 3637 1054 3670 non
1073 3622 1208 3687 sequeba-

675 3698 727 3738 tur.
756 3688 789 3738 Et
814 3688 939 3754 quamvis
961 3705 1016 3740 non
1039 3702 1108 3741 esset
1126 3702 1208 3744 tantae

675 3758 854 3825 perfectionis,
876 3758 954 3809 utin
978 3761 1106 3811 omnibus
1123 3763 1208 3814 Chri-

676 3839 748 3879 stum
763 3838 919 3895 sequeretur
933 3840 964 3879 ut
985 3832 1117 3896 Apostoli,
1137 3833 1208 3885 sicut

675 3917 724 3952 nec
736 3903 817 3952 modo
838 3916 932 3952 omnes
948 3902 1039 3955 fideles
1054 3916 1207 3970 sequuntur
