2632 4320
403 284 450 333 DE
464 283 592 334 TRIBUS
608 284 813 344 Pantaenis,
827 283 904 335 ETC.
1179 284 1211 335 55

93 413 134 448 nra
147 398 279 463 perditur,
296 400 339 449 vel
356 398 384 448 in
399 399 508 464 pulvere
521 398 626 449 divitia-

96 486 160 529 rum,
186 471 230 520 vel
255 469 283 518 in
304 471 361 520 luto
385 471 507 524 luxuria.
534 471 576 520 vel
595 471 625 519 in

95 540 250 590 diverticulo
264 542 362 591 erroris
376 543 568 606 cujuscunque.

120 612 138 660 8
173 613 338 661 Monaarran
382 628 416 661 ua
461 627 627 669 Qrtesrrrone

96 700 220 734 nisenus
234 701 275 743 ar,
283 701 317 734 ea
325 700 455 745 natanta,
463 700 498 733 nr
508 686 628 734 Ancaeo-

96 771 263 815 nuuoaunro,
275 771 394 812 cranous
404 771 440 804 na
452 770 588 804 enatato.
597 783 626 792 -

95 829 222 878 Accendit
246 838 336 877 autem
355 827 452 877 mulier
475 827 626 890 lucernam

97 898 155 963 quia
170 898 219 947 Dei
232 899 370 963 Sapientia
387 913 517 963 apparens
528 898 557 947 in
573 913 628 948 car-

97 983 134 1027 ne,
151 969 244 1016 lumen
260 967 367 1017 deitatis
378 969 499 1018 accendit
513 968 541 1018 in
560 979 628 1018 testa

97 1048 189 1088 nostrae
204 1038 379 1090 mortalitatis
401 1040 434 1088 ad
449 1040 627 1105 quaerendum

97 1109 235 1159 hominem
250 1110 395 1175 perditum,
409 1121 435 1160 et
443 1111 628 1161 reducendum

97 1203 155 1237 uim
168 1189 202 1238 ad
225 1188 430 1238 beatitudinem.
447 1190 499 1238 Ista
510 1205 573 1238 vero
584 1191 628 1238 lu-

96 1275 172 1310 cerna
199 1278 312 1312 accensa
342 1263 447 1312 refulsit
473 1262 628 1321 miraculis,

97 1331 275 1383 inflammavit
320 1334 417 1398 dictis,
464 1334 630 1385 illuminavit

98 1405 238 1470 exemplis,
262 1407 407 1455 collocatus
420 1404 495 1455 enirn
510 1414 565 1454 erat
582 1404 630 1454 ho-

98 1491 140 1525 mo
160 1477 191 1525 in
215 1477 339 1527 obscuris
360 1487 385 1528 et
405 1476 503 1525 umbra
524 1476 628 1536 mortis,

98 1547 162 1596 unde
186 1547 268 1596 istam
291 1547 410 1612 oportuit
430 1548 570 1597 accendere
591 1548 630 1596 lu-

98 1631 210 1668 cernam.
236 1619 277 1668 Εἰ
300 1617 402 1668 everrit
430 1617 538 1667 doment
561 1633 629 1666 con-

99 1691 221 1753 scientiae,
243 1693 308 1759 quia
322 1708 386 1741 mox
400 1702 430 1741 ut
453 1691 510 1756 ejus
525 1691 628 1741 divini-

98 1773 136 1811 tas
159 1779 206 1829 per
228 1780 338 1813 carnem
364 1763 468 1823 claruit,
486 1763 577 1812 omnis
600 1778 628 1812 se

102 1844 185 1884 nostra
213 1833 378 1884 conscientia
408 1834 551 1884 concussit.
590 1835 629 1884 Et

102 1908 192 1970 quaerit
209 1908 365 1973 diligenter,
389 1907 532 1973 diiigenter
555 1907 627 1957 enim

103 1978 224 2042 queritur
239 1979 312 2045 quod
328 1978 424 2028 intime
438 1977 574 2043 diligitur3
591 1978 629 2027 sic

102 2065 159 2101 vero
184 2050 304 2102 ostendit
318 2051 444 2101 Christus
458 2051 628 2102 dilectionem

103 2135 173 2172 suam
190 2124 224 2172 ad
238 2138 297 2180 nos,
312 2132 342 2171 ut
356 2122 474 2172 animam
488 2138 565 2172 suam
581 2138 629 2188 pro

103 2206 186 2245 nostra
212 2195 397 2260 redemptione
420 2205 539 2260 poneret,
557 2196 630 2245 unde

103 2267 221 2317 subditur
248 2284 255 2316 ι
287 2267 380 2318 Donec
409 2268 541 2328 inveniat,
567 2267 631 2332 quia

104 2353 150 2388 non
167 2338 272 2389 destitit
287 2354 415 2403 quaerere,
424 2339 511 2389 donec
522 2338 631 2388 inveni-

104 2419 137 2458 ret
156 2427 163 2459 :
187 2409 313 2476 quaesivit
327 2425 375 2458 nos
388 2409 519 2474 usquead
533 2419 630 2458 contu-

105 2480 200 2539 melias,
216 2494 304 2544 usque
323 2479 355 2528 ad
376 2479 472 2538 minas,
497 2479 631 2545 usquead

106 2549 208 2618 flagella,
234 2568 323 2618 usque
342 2553 374 2602 ad
399 2563 523 2612 mortem,
544 2567 631 2619 usque

106 2624 176 2674 etiam
200 2626 233 2674 ad
264 2625 377 2674 inferna.
402 2625 456 2674 Nec
482 2626 584 2675 mirum
607 2624 630 2674 si

104 2710 153 2747 eam
175 2697 291 2760 invenit,
315 2713 397 2764 quam
414 2697 524 2764 ubique,
548 2698 629 2748 etiarn

106 2770 229 2836 usquead
250 2768 365 2833 inferna,
392 2785 455 2819 cum
478 2768 630 2819 divinitatis

106 2841 207 2893 lucerna
231 2843 335 2892 ardenti
368 2843 503 2909 quesivit.
533 2844 631 2894 Eversa

105 2927 158 2979 ergo
168 2915 259 2972 domo,
269 2912 406 2964 invenitur
413 2913 548 2973 drachma,
558 2914 631 2981 quia,

106 2999 160 3037 cum
174 2987 346 3053 perturbatur
360 2987 479 3037 hominis
496 2987 633 3037 conscien-

106 3058 144 3124 tia,
158 3071 298 3127 reparatur
310 3060 341 3110 in
355 3061 467 3111 homine
479 3060 631 3111 similitudo

105 3129 249 3193 Creatoris3
269 3141 332 3181 tunc
352 3131 423 3180 enim
441 3142 568 3181 consueta
587 3146 631 3180 re-

103 3198 261 3266 linquuntur
275 3202 350 3261 vitia,
369 3212 399 3251 ut
411 3203 528 3252 reluceat
542 3201 631 3267 imago

101 3271 263 3324 Conditoris.
279 3275 317 3324 Et
337 3289 396 3324 cum
412 3274 549 3337 invenerit,
566 3288 630 3324 con-

103 3351 177 3394 vocat
187 3345 292 3395 amicas
304 3351 331 3395 ei
345 3345 457 3407 vicinae,
473 3344 575 3395 scilicet
589 3359 633 3392 su-

104 3429 195 3477 pernas
217 3417 348 3473 Virtutes.
369 3432 432 3483 quae
454 3416 545 3466 amicae
559 3425 630 3477 sunt,

103 3495 130 3534 ut
136 3497 314 3552 ersequentes
327 3488 491 3537 voluntatem
501 3485 597 3550 ipsius,
607 3495 632 3534 et

103 3554 204 3616 vicinae.
218 3558 283 3624 quia
297 3558 322 3608 ei
341 3574 388 3624 per
406 3557 517 3623 gratiam
541 3556 632 3606 conti-

103 3642 159 3678 nuae
172 3629 288 3679 visionis
304 3629 538 3694 appropinquant;
563 3642 632 3693 quas

103 3697 134 3745 ad
148 3699 372 3765 congaudendum
383 3699 489 3758 invitat,
504 3709 529 3747 et
540 3697 631 3764 gaudii

103 3770 243 3837 participes
254 3770 327 3831 facit,
343 3771 407 3838 quia
419 3771 586 3838 congaudent
598 3770 631 3820 de

104 3841 285 3904 peccatoribus
294 3842 327 3890 ad
339 3856 401 3890 eum
413 3840 557 3903 conversis,
568 3856 631 3890 cum

103 3912 175 3961 Deus
191 3913 223 3962 de
240 3912 330 3978 seipso
342 3912 440 3962 habeat
451 3911 589 3976 gaudium,
606 3921 632 3960 et

303 4070 322 4119 i

679 399 775 465 Angeli
808 401 941 466 gaudeant
969 400 998 451 in
1025 416 1066 451 eo.
1089 401 1213 453 Gaudent

679 484 769 524 tamen
785 476 865 525 etiam
877 478 910 526 de
929 469 1104 526 conversitine
1126 476 1212 541 poeni-

679 545 805 609 tentium,
830 548 937 612 quando
960 547 1027 598 illud
1049 547 1121 613 quod
1140 561 1212 612 prae-

679 615 824 665 destinavit
839 618 979 684 impletur;
999 633 1047 668 nec
1062 617 1127 666 illud
1143 632 1211 682 gau-

679 687 756 736 dium
768 698 808 737 est
816 688 871 737 Deo
882 705 993 748 novum,
1001 697 1046 738 aut
1057 689 1211 754 temporale,

680 759 726 807 scd
741 770 885 824 aeternum3
907 763 1001 827 Angeli
1025 778 1087 812 vero
1111 761 1211 827 quibus

679 833 789 884 effectus
803 835 1045 899 praedestinationis
1059 835 1212 898 innotescit,

680 905 714 954 de
728 917 819 956 nostra
833 907 1008 957 conversione
1029 907 1212 973 temporaliter

682 979 804 1043 gaudent.
822 979 946 1030 Christus
957 981 1037 1031 etiarn
1052 981 1149 1046 gaudet
1162 995 1212 1030 su-

681 1069 728 1118 per
742 1052 917 1104 conversione
930 1052 1084 1119 peccatoris.
1106 1064 1214 1119 propter

682 1125 736 1174 duo
751 1141 758 1173 ε
775 1124 873 1190 primo,
888 1124 952 1191 quia
966 1139 1012 1190 per
1027 1123 1213 1188 poenitentiam

683 1195 722 1245 ira
747 1211 795 1245 sua
826 1197 960 1261 placatur;
990 1194 1122 1250 secund0,
1153 1193 1216 1258 quia

683 1266 800 1330 pretium
826 1266 967 1333 sanguinis
995 1265 1037 1316 sui
1056 1265 1085 1314 in
1102 1279 1133 1314 eo
1159 1279 1215 1313 non

682 1339 833 1389 frustratur.
859 1341 906 1390 Est
922 1348 1012 1389 autem
1033 1347 1135 1387 tantum
1152 1351 1218 1402 gau·

682 1410 759 1459 dium
775 1409 885 1460 Christo
899 1410 932 1459 de
943 1408 1119 1459 conversione
1132 1420 1219 1471 pecca·

683 1494 782 1542 torum,
795 1483 878 1549 quod,
891 1482 913 1531 si
928 1498 981 1531 non
990 1481 1123 1532 sufficeret
1132 1489 1158 1529 et
1170 1493 1218 1528 sua

683 1553 784 1612 Passio,
801 1569 896 1604 rursus
919 1554 973 1620 pati
996 1563 1022 1603 et
1050 1550 1118 1600 mori
1147 1560 1218 1600 esset

681 1636 799 1689 paratus.
813 1624 892 1674 Unde
911 1625 1004 1674 beatus
1017 1621 1172 1690 Dionysius
1186 1619 1215 1669 in

682 1694 796 1756 epistola
808 1695 924 1761 quadam
943 1694 1045 1752 scribit,
1064 1693 1214 1760 quodcum

682 1766 794 1832 quidam
814 1765 933 1815 infidelis
951 1764 1092 1814 hominem
1106 1763 1213 1813 fidelem

681 1853 696 1886 a
720 1836 771 1886 fide
793 1836 939 1895 avertisset,
969 1834 1072 1899 Carpus
1088 1833 1212 1899 quidam,

680 1908 722 1957 rir
736 1923 836 1974 magne
855 1906 1012 1969 sanctitatis,
1022 1906 1087 1956 adeo
1101 1906 1214 1957 moleste

681 1982 732 2030 ltoc
745 1979 854 2038 ferebat,
867 1989 896 2028 nt
909 1989 1055 2043 utrumque
1070 1977 1132 2043 igne
1143 1993 1214 2027 com-

683 2051 742 2101 buri
762 2052 848 2100 Deum
869 2060 982 2114 rogaret.
1000 2049 1051 2099 Cui
1075 2050 1143 2098 circa
1162 2064 1214 2098 no-

682 2124 732 2175 ctis
756 2123 876 2173 medium
896 2123 1019 2188 apparuit
1043 2120 1168 2171 Christus
1185 2120 1214 2173 in

682 2210 750 2253 aere,
764 2209 825 2242 cum
844 2192 1018 2243 multitudine
1032 2193 1214 2257 Angelorum

683 2267 796 2316 interra
817 2280 881 2314 vero
902 2264 1025 2329 apparuit
1039 2263 1133 2313 fornax
1154 2277 1216 2313 cum
1294 2271 1296 2274 ’

683 2337 852 2402 serpentibus
864 2351 1000 2393 accensus,
1013 2335 1045 2383 ad
1063 2351 1144 2400 quem
1160 2344 1217 2383 tra-

684 2408 818 2457 hebantur
832 2406 871 2456 illi
895 2407 949 2454 duo
970 2404 1104 2454 homines.
1129 2404 1217 2469 Carpo

683 2496 747 2546 ergo
770 2488 879 2544 petente
904 2476 1005 2526 ardenti
1029 2476 1163 2525 desiderio
1186 2485 1217 2525 ut

684 2556 854 2604 mitterentur
864 2551 890 2599 in
903 2549 1049 2608 fornacem,
1065 2559 1090 2599 et
1106 2550 1218 2599 moleste

684 2625 784 2675 ferente
808 2621 980 2683 dilationem
1009 2636 1068 2670 ecce
1093 2620 1218 2672 Christus

685 2696 827 2745 miseratus
854 2691 1030 2743 descendebat
1052 2706 1068 2741 a
1094 2692 1162 2742 solio
1188 2691 1217 2742 in

683 2777 792 2826 terram,
805 2775 839 2822 et,
853 2763 970 2814 extensis
985 2761 1119 2822 manibus,
1132 2763 1218 2813 homi·

683 2854 732 2888 nes
746 2836 809 2886 illos
830 2833 939 2900 eripuit,
955 2834 1108 2900 elevataque
1123 2850 1216 2895 manu,

683 2906 751 2956 dixit
778 2905 865 2969 Carpo
891 2921 897 2953 z
928 2905 1027 2953 lterum
1047 2914 1156 2969 percute
1173 2918 1218 2954 me

683 2979 783 3035 lancea,
796 2983 904 3041 paratus
918 2989 980 3023 sum
996 2989 1105 3023 rursum
1122 2974 1177 3040 pati
1191 2983 1217 3024 et

685 3047 755 3096 mori
777 3062 824 3111 pro
845 3044 1004 3094 hominibus
1024 3044 1168 3095 salvandis.
1185 3044 1218 3095 Et

684 3118 824 3185 subjungit
852 3117 987 3168 Dominus
1012 3119 1216 3169 concludendo:

685 3196 728 3245 lta
749 3193 809 3243 dico
831 3192 922 3255 vobit,
941 3192 1072 3258 gaudium
1090 3193 1142 3242 erit
1158 3193 1219 3241 Aa·

684 3265 757 3330 galis
777 3263 837 3326 Dei,
853 3263 900 3328 qui
920 3272 983 3313 sunt
1003 3262 1084 3312 vicini
1100 3272 1125 3312 et
1139 3259 1219 3311 amici

686 3335 797 3395 Christi,
814 3349 895 3401 super
914 3349 965 3384 uno
976 3339 1119 3400 peccatore
1129 3330 1220 3397 preni-

686 3408 796 3458 tentiam
814 3411 929 3473 argentee
951 3421 1015 3455 nam
1034 3403 1126 3453 anima
1140 3401 1221 3451 vitio-

686 3495 747 3529 rum
771 3477 875 3544 laqueis
899 3488 974 3542 capta
995 3484 1021 3524 et
1046 3474 1144 3532 stricta,
1159 3487 1220 3525 cum

685 3565 714 3599 se
732 3547 842 3613 corrigit
861 3557 888 3596 et
904 3546 994 3613 priora
1009 3553 1114 3609 peccata
1135 3541 1222 3593 relin-

685 3622 759 3690 quit,
775 3632 831 3673 tam
846 3621 987 3672 Coelicolas
1003 3633 1087 3684 quarn
1101 3617 1222 3669 Christi-

686 3695 757 3744 colas
764 3693 864 3744 hilares
873 3691 945 3742 facit.
956 3689 1033 3740 Unde
1043 3690 1222 3741 Batnai-dut:

686 3786 700 3814 a
718 3767 841 3832 Denique
859 3763 976 3831 gaudent
999 3761 1028 3811 in
1047 3763 1222 3815 conversione

685 3848 712 3890 et
733 3837 891 3904 poenitentia
912 3843 1091 3899 peccatorum,
1107 3838 1221 3887 salutem

686 3909 831 3958 hominum
858 3905 987 3964 sitientes,
1008 3906 1073 3972 quia
1096 3908 1221 3971 lacrymae
