2632 4320
419 248 467 299 DE
482 246 641 297 DENARIO
659 248 804 299 DlURNO.

49 379 92 419 ter
111 368 275 433 exponitur,
296 365 446 417 seeundum
467 365 590 416 diversas

49 439 147 491 mundi
165 449 267 499 aetates,
281 439 378 504 utiam
390 438 480 488 visum
492 448 533 488 est
545 453 589 488 su-

49 530 107 583 pra.
122 512 264 563 Moraliter
277 520 367 562 autem
387 520 475 576 potest
489 509 588 576 exponi

48 589 85 638 de
105 583 209 635 vocatis
230 582 263 632 ad
287 582 412 648 gratiam,
436 582 587 631 secundum

48 661 171 711 diversas
185 665 280 707 aetates
293 656 457 715 hominum,
478 664 504 704 ct
524 654 563 706 sic
580 670 587 704 :

50 732 80 782 in
94 745 176 781 ruane
191 743 239 778 seu
250 727 280 777 in
292 727 379 793 prima
393 727 470 786 hora,
484 725 597 777 intelli--

51 805 125 874 gitur
135 801 272 870 pueritia3
286 799 315 851 in
328 800 415 864 tertia,
436 800 589 851 adolescen-

52 879 105 941 tia3
123 876 151 925 in
173 884 258 933 sexta,
272 874 411 938 iuventus,
433 887 480 922 seu
503 871 590 921 virilis

51 957 130 1013 πως
154 947 184 997 in
207 959 288 1005 nona,
304 954 441 1007 senectus3
463 944 492 993 in
507 944 591 993 unde·

51 1019 131 1079 eima,
148 1016 268 1080 senium,
292 1030 340 1066 seu
360 1014 494 1081 decrepita
515 1024 589 1065 aetas.

52 1093 83 1141 ln
100 1090 215 1157 quibus,
239 1087 286 1154 qui
315 1087 344 1137 in
366 1087 446 1137 bonis
462 1086 591 1152 operibus

51 1163 175 1212 laborare
195 1159 318 1226 negligit,
338 1169 394 1209 totu
418 1158 470 1218 die,
497 1158 524 1207 id
550 1166 591 1208 eat

51 1244 107 1286 tota
125 1234 193 1296 vita,
209 1233 313 1282 otiosus
327 1242 388 1283 stat.
402 1232 475 1298 Ergo
498 1231 591 1298 quoli-

52 1307 97 1356 bet
115 1315 257 1370 tempore,
279 1303 400 1369 qualibet
413 1312 498 1363 aetate,
515 1311 591 1353 vocat

54 1378 127 1428 Deus
146 1375 276 1426 homines
296 1375 329 1424 ad
349 1373 463 1440 gratiam
484 1385 510 1424 et
531 1374 594 1439 glo-

54 1448 132 1506 riam,
147 1445 215 1512 quia
234 1458 341 1510 semper
360 1445 444 1510 aliqui
459 1445 492 1494 ad
509 1444 592 1494 vitam

56 1519 155 1568 bonam
178 1517 377 1582 perducuntur,
396 1525 451 1565 eta
474 1515 592 1565 Domino

56 1589 248 1655 premiantur3
277 1586 300 1637 si
324 1587 397 1637 enim
419 1601 490 1649 vera,
520 1602 594 1636 nun-

57 1674 137 1724 quam
153 1671 215 1707 sera
223 1656 274 1707 erit
285 1657 452 1722 poenitentia.
463 1657 533 1706 Nota
547 1656 592 1706 hic

57 1730 169 1780 verbum
191 1728 333 1793 cujusdam
345 1728 467 1778 hominis
487 1727 594 1792 sibiipsi

58 1799 224 1867 opponentis
243 1808 269 1849 et
285 1800 400 1850 dicentis
414 1817 422 1848 ι
434 1800 493 1850 lam
514 1814 543 1848 es
566 1798 595 1847 in

60 1873 124 1923 hora
158 1886 247 1932 nona,
278 1871 344 1937 quid
372 1871 456 1938 igitur
483 1871 594 1921 otiaris?

63 1944 139 1994 Nunc
156 1958 185 1992 es
207 1941 236 1991 in
254 1941 412 2002 undecima,
432 1942 499 2008 quid
513 1942 597 2008 igitur

62 2015 126 2064 stas?
135 2016 229 2075 Quam
239 2012 319 2063 aliam
333 2013 488 2078 exspectas?
499 2013 551 2062 Sed
564 2028 597 2062 ne

64 2084 88 2135 in
115 2084 264 2136 undecima
293 2084 377 2133 homo
406 2083 597 2149 dedignabitur

65 2156 189 2207 servitute
207 2166 264 2206 tua.
278 2155 431 2205 Secundum
450 2155 595 2218 Isidorum,

65 2241 104 2278 sex
126 2238 195 2292 suut
217 2235 308 2278 aetates
334 2225 456 2276 hominis
477 2243 484 2275 ε
510 2227 597 2292 prima

68 2310 124 2350 etas
146 2311 189 2351 est
210 2297 335 2362 infantie,
349 2307 376 2348 et
387 2299 556 2364 protenditur
570 2299 598 2348 in

69 2380 163 2431 septem
182 2385 288 2433 ann0s;
309 2372 425 2421 secunda
447 2382 488 2421 est
506 2371 598 2436 pueri-

10 2460 12 2465 ·
71 2434 109 2496 tia,
120 2441 234 2491 tendens
244 2455 331 2506 usque
344 2442 377 2492 ad
388 2453 513 2508 quartum
524 2443 600 2492 deci-

10 2522 12 2529 ·
73 2522 139 2557 mum
151 2521 272 2576 atinum3
284 2512 362 2561 tertia
384 2523 424 2562 est
442 2514 601 2563 adolescen-

75 2575 120 2637 tia,
147 2592 212 2642 quae
243 2582 415 2642 protenditur
445 2597 533 2648 usque
567 2584 599 2633 ad

76 2645 224 2697 vicesimum
238 2657 360 2702 omarum
375 2668 489 2716 annum3
506 2663 601 2719 quarta

78 2726 109 2767 et
121 2719 256 2783 juventus,
272 2717 370 2772 finiens
384 2723 413 2772 in
430 2724 600 2790 quinquage-

79 2789 137 2841 simo
148 2807 238 2858 anno;
252 2793 358 2858 quinta,
379 2797 503 2858 senioris,
520 2798 548 2847 id
562 2808 603 2848 est

79 2862 188 2924 gravitas,
208 2879 269 2929 quae
289 2875 329 2915 est
348 2866 493 2918 declinatio
504 2869 602 2933 juven-

79 2931 134 2983 tutis
147 2933 178 2983 in
191 2944 365 2996 senectutem,
379 2939 503 2990 nondum
521 2955 604 2990 sene-

82 3009 125 3063 tus,
149 3005 197 3055 sed
220 3004 275 3069 jam
298 3022 355 3056 non
378 3007 512 3072 juventus,
542 3027 602 3077 quae

80 3084 132 3153 etas
154 3093 171 3128 a
195 3077 423 3146 quinquagesimo
438 3098 510 3134 anno
531 3083 603 3133 inci-

81 3157 147 3207 pieus
170 3147 199 3197 iu
216 3149 414 3215 sepniagesimo
427 3152 601 3216 terminatum

79 3226 143 3267 sexta
155 3226 197 3268 est
210 3227 343 3280 senectus,
354 3236 416 3286 quae
430 3224 507 3273 nullo
520 3238 606 3274 anno-

79 3297 130 3337 mm
152 3296 276 3353 tempore
299 3289 477 3343 determinato
500 3293 605 3356 finitur,

80 3357 119 3407 ted
151 3370 215 3426 post
246 3360 308 3412 illas
343 3364 467 3430 quinque
497 3377 605 3428 aetates,

77 3442 314 3498 quantumcunque
327 3434 393 3486 vitae
412 3446 462 3496 est,
473 3439 606 3488 senectuti

77 3498 231 3567 deputatum
255 3503 364 3555 senium
380 3516 471 3557 autem
488 3519 528 3559 est
545 3525 609 3575 pars

78 3572 168 3626 ultima
181 3578 339 3639 senectutis,
354 3578 394 3630 sic
404 3580 476 3632 dicta
486 3585 560 3648 quod
573 3584 608 3634 sit

75 3646 206 3698 terminus
243 3660 327 3700 sextae
361 3653 458 3704 aetatis.
488 3655 608 3721 Septima

74 3730 135 3767 vero
147 3728 190 3768 est
203 3717 234 3768 in
246 3718 337 3784 quiete
347 3722 511 3785 animarum,
521 3741 609 3792 usque

10 3830 16 3851 ,
73 3786 105 3838 ed
123 3787 201 3839 diem
222 3789 334 3857 judicii;
348 3801 375 3843 et
387 3802 454 3844 tunc
471 3794 501 3846 in
515 3811 608 3848 resur-

74 3860 196 3913 rectione
208 3860 262 3912 erit
274 3872 367 3916 octava
375 3875 449 3918 aetas.

1121 266 1167 304 111

671 362 688 412 6
707 365 844 415 Msucems
857 380 1018 415 mammio
1033 381 1173 418 oremus

640 451 704 486 sano
729 452 821 486 sacra.
845 464 877 475 —·
898 438 966 488 Cum
985 451 1047 489 sero
1062 439 1171 504 saetam

617 560 620 565 ,
641 514 719 570 esset,
736 507 764 557 id
780 517 820 557 est
832 523 898 558 cum
916 507 995 560 finito
1013 524 1091 575 opere
1109 510 1173 562 finis

641 583 744 646 mundi,
754 582 797 633 vel
809 583 873 633 vitae
889 582 971 648 liuius
985 585 1102 646 advenit,
1115 586 1171 650 ubi,

641 659 789 708 secundum
815 658 1054 723 Chr-rsouomum,
1080 661 1173 711 consi-
1228 696 1230 701 ·

640 729 703 779 dera
728 729 802 796 quod
826 745 881 778 non
906 745 1000 791 mane,
1030 732 1086 782 imo
1113 748 1174 783 sero

641 802 730 852 reddit
751 804 910 863 mercedem,
939 805 1002 870 quia
1018 806 1108 856 solum
1129 821 1173 856 re-

642 884 764 925 munerat
783 886 996 941 perseverantem
1019 879 1173 944 operarium

642 956 668 996 et
682 946 801 1007 fidelem,
817 948 885 998 dine
893 947 1026 998 Dominus
1037 949 1133 1014 vineae,
1146 951 1174 1002 id

642 1026 683 1067 est
703 1017 776 1066 Deua
798 1017 873 1068 Pater
893 1016 941 1083 qui
966 1017 1100 1067 Dominus
1125 1030 1173 1084 est,

639 1089 817 1154 procuratori
838 1102 895 1152 suo,
923 1087 1026 1138 scilicet
1054 1088 1173 1152 Christo,

643 1160 728 1210 Peter
750 1159 826 1209 enim
848 1158 939 1210 omnia
955 1158 1028 1210 dedit
1045 1161 1072 1210 in
1095 1176 1177 1212 mma

644 1233 701 1299 ejus
727 1233 878 1283 :....Voca
899 1232 1050 1297 operiaros,
1070 1243 1097 1282 et
1119 1250 1174 1283 non

643 1303 756 1363 otiosos,
787 1312 850 1352 ante
877 1302 1005 1362 tribunal,
1041 1310 1068 1354 et
1092 1305 1174 1355 redde

644 1375 700 1425 illis
724 1374 883 1433 mercedem,
903 1373 1005 1423 scilicet
1032 1386 1177 1440 aeternam3

645 1460 720 1507 voca,
733 1445 854 1510 inquam,
871 1459 918 1494 eos
938 1445 972 1494 de
987 1446 1079 1497 labore
1093 1447 1125 1496 ad
1141 1462 1180 1497 re·

645 1516 749 1582 quiem,
763 1516 797 1566 de
808 1518 923 1566 m'oerore
933 1516 966 1564 ad
976 1516 1180 1580 iucunditatem,

645 1588 679 1638 de
696 1588 767 1637 bello
788 1587 821 1637 ad
835 1602 937 1652 pacem,
953 1587 1082 1653 incipieus
1097 1604 1114 1638 a
1128 1605 1178 1641 no-

646 1658 765 1708 vissimis
779 1671 861 1722 usque
872 1657 1030 1721 adprimus.
1046 1659 1178 1710 Denarius

646 1730 725 1778 datur
741 1727 831 1793 primo
850 1727 1023 1790 novissimis3
1050 1730 1124 1795 quia,
1140 1746 1180 1780 se·

647 1801 766 1850 cundum
794 1799 994 1865 augustinum,
1019 1799 1081 1851 licet
1103 1803 1181 1851 detur

647 1871 775 1922 omnibus
792 1870 885 1931 simul,
900 1869 939 1920 illi
954 1880 1047 1920 tamen
1060 1872 1107 1937 qui
1120 1881 1182 1936 post

647 1959 731 1994 unam
761 1943 873 2003 horam,
894 1942 937 1993 vel
963 1956 1062 2007 paucas
1090 1944 1182 2009 ipsum

648 2013 792 2078 recipiunt,
816 2013 946 2063 dicuntur
966 2013 1041 2078 prius
1066 2014 1183 2080 recipere

648 2099 731 2151 quam
756 2083 796 2133 illi
822 2083 872 2150 qui
891 2094 953 2149 post
976 2086 1075 2134 multas
1102 2085 1182 2134 horas

648 2165 874 2222 exspectaverant,
882 2166 908 2205 et
918 2166 1006 2220 postea
1016 2165 1182 2221 receperunt.

649 2228 695 2287 Et,
711 2227 863 2277 secundum
879 2227 1114 2293 Chrysostomum,
1137 2227 1183 2292 iu-

650 2298 727 2348 stitia
751 2296 805 2348 fuit
827 2297 956 2348 omnibus
982 2299 1108 2359 reddere3
1136 2298 1182 2347 sed

651 2368 809 2418 novissimis
836 2367 943 2433 prim0,
974 2368 1025 2417 hoc
1052 2384 1106 2417 non
1133 2366 1186 2416 fuit

651 2439 760 2504 justitiae
773 2439 948 2500 contrarium,
967 2440 1014 2488 sed
1029 2438 1184 2487 misericor-

651 2504 702 2560 diae
717 2510 902 2574 ostensivum3
925 2510 989 2557 dum
1016 2518 1106 2557 tamen
1124 2506 1185 2557 aliis

651 2582 785 2631 reddatur.
794 2581 882 2643 Unde,
892 2579 1040 2628 secundum
1050 2577 1185 2637 eumdem,

652 2664 683 2703 ut
709 2652 833 2701 ostendat
861 2652 933 2700 Deus
967 2647 1186 2699 inaestimabilem

654 2723 867 2773 misericordiam
889 2738 975 2780 suam,
991 2721 1110 2787 primum
1134 2735 1187 2770 no-

652 2797 774 2848 vissimis
796 2796 885 2846 reddit
906 2796 1067 2854 mercedem,
1097 2803 1189 2858 postea

655 2869 765 2935 primis;
794 2868 881 2919 nimia
900 2867 973 2918 enim
1003 2864 1189 2916 misericordia

655 2940 778 2989 ordinem
793 2954 850 2987 non
865 2937 979 3004 aspexit.
995 2935 1106 2987 Domini
1124 2949 1187 3001 ergo

656 3010 855 3070 misericordia,
882 3025 943 3075 quae
970 3009 999 3058 in
1026 3009 1084 3059 suis
1110 3006 1191 3056 donis

656 3083 717 3146 plus
730 3079 826 3145 aspicit
839 3095 894 3141 cor,
905 3090 931 3131 et
945 3079 1053 3146 praefert
1067 3080 1151 3145 operi,
1164 3087 1191 3127 et

655 3151 780 3217 tempori,
803 3151 912 3216 supplet
934 3151 963 3200 in
992 3150 1072 3200 nobis
1093 3151 1191 3198 damna

657 3223 744 3288 ipsius
777 3222 867 3288 operis
898 3232 925 3273 et
949 3221 1089 3286 temporis.
1114 3217 1191 3269 Unde

657 3294 816 3345 Bmardus
837 3309 880 3345 :a
898 3295 1034 3359 Exaggera
1059 3300 1189 3357 quantum

657 3367 699 3417 vis
713 3365 819 3426 merita,
834 3375 861 3417 et
873 3366 971 3417 extolle
984 3365 1096 3415 sudores
1114 3357 1192 3410 :Me-

659 3439 712 3490 lior
730 3445 770 3489 est
784 3438 974 3490 misericordia
988 3433 1097 3487 Domini
1110 3442 1192 3509 super

658 3511 743 3574 vitan·
756 3526 789 3561 ex
801 3526 829 3560 ea
847 3526 912 3560 sane
921 3512 1011 3574 operis
1026 3515 1051 3556 et
1063 3513 1192 3565 temporis

660 3583 759 3632 damna
777 3581 847 3631 mihi
865 3580 988 3631 resarcio.
1010 3596 1024 3625 n
1052 3575 1084 3625 Et
1106 3572 1145 3622 sic
1160 3585 1193 3620 ex

660 3665 793 3721 praecepto
814 3651 1012 3720 patrisfamilias
1035 3649 1194 3711 acceperunt

662 3726 815 3786 novissimi,
830 3737 856 3776 et
870 3724 995 3776 similiter
1004 3718 1084 3786 primi
1095 3718 1195 3783 singu·

662 3800 703 3850 los
719 3801 854 3862 denarios,
873 3798 901 3848 id
913 3806 952 3847 est
963 3793 1070 3860 singula
1084 3790 1195 3859 praemia

661 3869 735 3935 juxta
749 3867 965 3931 conventionem,
978 3863 1080 3916 seilicet
1091 3859 1196 3914 aterni-
