2632 4320
110 248 146 314 34
414 249 593 300 SECUNDAE
610 249 733 300 PhRTlS
753 251 871 303 CAPUT
885 254 918 303 V.

104 364 176 414 idem
198 364 386 431 Hieronymus
401 382 410 414 .·
424 383 438 410 u
452 365 562 430 Semper
574 379 638 430 pro-

103 434 189 500 speris
207 434 336 484 admiscet
349 434 445 494 tristia,
461 444 490 484 ut
509 450 570 484 cum
595 450 639 484 re-

100 517 179 571 pente
201 506 331 568 venerint,
356 522 409 556 non
432 517 548 556 terreant
563 507 638 571 llpo-

99 578 196 639 stolos;
217 577 294 626 seda
315 576 505 642 praemeditatis
521 577 639 626 ferantur

100 646 208 697 animis.
221 647 248 695 Si
266 647 339 696 enim
355 647 494 697 contristat
506 649 578 713 quod
593 662 638 696 oc·
654 651 657 655 '

102 717 232 767 ridendus
246 728 295 777 est,
314 718 392 768 debet
415 718 549 769 laetificare
564 719 637 784 quod

101 787 146 837 die
161 788 236 838 tertia
262 788 359 839 dicitur
381 799 588 840 resurrecturus.
609 789 636 839 Si

100 859 186 910 tristia
200 876 306 926 semper
322 862 480 922 acciderent,
496 862 558 928 quis
574 878 636 911 sus-

99 931 214 983 tineret?
226 934 253 983 si
264 949 400 1000 prospera,
417 935 480 1000 quis
496 951 551 985 non
568 950 637 985 con·
655 932 658 937 ’

100 1005 248 1055 temneret?
264 1026 277 1053 n
306 1009 362 1058 haee
384 1007 580 1089 Hieronymus.
599 1008 638 1057 At

100 1075 143 1126 iili
163 1077 327 1142 ignorabant
352 1078 459 1129 uerbum
477 1079 563 1142 rsmd,
584 1079 637 1129 sci-

99 1147 162 1198 licet
175 1150 208 1198 de
222 1150 279 1214 ejus
291 1151 429 1215 Passione,
445 1156 471 1200 et
489 1157 550 1200 erat
563 1152 637 1201 vela-

100 1225 154 1269 tum
168 1227 230 1270 aitte
244 1237 297 1283 eos,
315 1228 343 1272 ut
359 1237 409 1273 non
424 1223 553 1272 sentirent
568 1223 638 1272 illud

99 1300 197 1355 aperte,
226 1292 307 1356 quod,
340 1293 489 1343 secundum
523 1293 634 1354 Bedam,

101 1375 155 1409 non
170 1371 223 1410 tam
240 1361 339 1428 ingenii
360 1363 491 1423 tarditate,
507 1379 588 1428 quam
605 1364 637 1412 de

101 1430 146 1495 pio
168 1431 312 1481 Salvatoris
336 1447 427 1482 amore
454 1435 635 1499 contingebam

98 1501 163 1568 quia
182 1503 305 1553 carnales
338 1504 427 1554 adhuc
449 1515 481 1555 zet
508 1506 587 1555 rudes
608 1521 637 1555 ac

99 1575 218 1640 mysterii
229 1576 314 1626 crucis
324 1575 409 1642 ignari
420 1577 571 1643 spiritualia
581 1594 636 1628 non

97 1645 238 1710 capientes,
255 1663 335 1712 quem
357 1663 450 1698 verum
470 1649 559 1699 Deum
574 1665 637 1715 cog-

96 1717 250 1781 noscebant,
267 1719 429 1769 moriturum
458 1721 565 1770 credere
589 1735 637 1770 ne-

99 1787 227 1854 quibant;
247 1805 296 1839 nec
317 1789 505 1857 intelligebant
518 1807 637 1856 quomo-

100 1858 135 1907 do
159 1859 186 1908 in
207 1876 262 1910 una
288 1876 403 1926 persona
422 1862 505 1925 mori,
527 1872 553 1913 et
582 1878 637 1912 non

100 1931 169 1982 mori
184 1942 298 1997 poterat.
315 1934 425 1984 Galilaea
446 1934 637 2000 interpretatur

100 2000 236 2066 volubilis,
247 2014 280 2053 et
293 2003 354 2053 ideo
363 2018 414 2069 zper
427 2003 478 2054 hoc
489 2005 562 2070 quod
576 2005 636 2054 Do-

101 2069 195 2120 minus
236 2072 275 2121 ibi
323 2073 445 2139 praedixit
476 2075 635 2125 Passionem

103 2159 180 2194 suam
204 2145 355 2211 discipulis,
387 2146 548 2212 significavit
564 2148 635 2213 quod

101 2230 235 2264 memores
276 2231 334 2266 esse
379 2217 508 2267 debemus
542 2219 637 2268 mortis

101 2284 214 2348 Christi,
226 2301 259 2336 ac
272 2287 352 2337 etiam
371 2297 487 2353 nostrae,
517 2289 636 2355 quandiu

101 2369 195 2404 sumus
230 2355 259 2405 in
297 2357 464 2408 volubilitate
500 2359 638 2424 praesentis

98 2425 167 2478 vitae.

41 2558 45 2563 Ι
131 2513 146 2547 2
162 2498 329 2550 'lassarunt
339 2500 637 2554 Cunisrorxreirua.-

98 2568 210 2619 Etcum
232 2573 365 2621 uenissent
380 2571 579 2637 Capharnaum,
590 2588 637 2625 ac-

100 2646 240 2690 cesserunt
268 2642 315 2707 qui
343 2643 504 2693 didrachma
521 2645 637 2712 accipite-

98 2711 170 2773 bani,
200 2723 334 2762 exactores
358 2713 458 2763 scilicet
484 2714 576 2764 tributi
606 2732 638 2766 ex

99 2789 173 2845 parte
188 2781 301 2832 Caesaris
320 2782 446 2848 Augusti,
460 2790 496 2833 aa
511 2786 636 2849 Petrum,

100 2850 173 2916 quia,
187 2853 336 2902 secundum
354 2853 563 2921 Hieronymum,
583 2871 637 2921 prce

98 2921 240 2987 signorum
266 2921 453 2988 magnitudine
470 2940 529 2974 non
552 2925 637 2975 aude-

98 2993 164 3043 bant
174 2995 281 3058 aggredi
297 2995 456 3056 Dominum,
468 3003 494 3046 et
508 2997 638 3048 dixerunt

97 3065 145 3116 ei:
164 3065 306 3131 Magister
325 3074 412 3118 uester
436 3071 581 3121 nonsolvit
593 3071 636 3121 di-

97 3139 254 3190 drachma?
278 3140 361 3200 Quasi
382 3141 499 3193 dicerent
514 3160 520 3192 ε
536 3144 586 3193 Dic
608 3144 635 3195 ei

100 3222 130 3262 ut
145 3213 243 3275 solvat;
257 3229 311 3262 non
326 3212 635 3266 faciebantmentionem

101 3285 135 3334 de
148 3283 294 3350 Apostolis,
309 3284 373 3350 quia
393 3301 449 3336 non
473 3285 636 3350 accipiebant

96 3354 149 3405 nisi
166 3371 183 3406 a
197 3353 350 3420 capitaneis.
372 3347 561 3421 capharnaum
580 3366 636 3406 erat

95 3426 191 3478 civitas
221 3425 376 3493 principalis
402 3427 437 3477 ,in
466 3427 585 3487 Galilaea,
609 3438 635 3478 et

97 3495 156 3546 ideo
186 3497 227 3547 ibi
255 3497 400 3548 manebant
424 3496 477 3564 qui
502 3496 633 3548 tributum

90 3565 257 3632 colligebant
273 3583 309 3618 ex
335 3577 408 3631 parte
436 3568 633 3629 Romanorum,

99 3637 303 3702 quibusiudaea
314 3648 371 3689 erat
388 3639 521 3704 subjecta3
536 3649 563 3688 et
576 3639 634 3704 qui·

95 3708 164 3758 libet
173 3709 328 3774 capitaneus
341 3711 440 3762 domus
454 3711 574 3760 solvebat
587 3711 632 3761 di-

94 3778 228 3843 drachma,
252 3781 279 3830 id
300 3791 341 3832 est
362 3781 461 3847 duplex
488 3781 631 3846 drachma;

95 3858 120 3900 et
138 3849 304 3901 insolvendo
323 3851 429 3903 dicebat
453 3851 534 3916 :Ego
549 3851 632 3917 profi-

691 375 751 415 teor
765 381 808 415 me
822 382 880 417 esse
894 369 945 418 sub
965 370 1088 420 Romano
1109 371 1229 436 Impera-

690 446 756 486 tore.
775 437 808 486 Et
821 437 884 502 quia
895 439 1027 490 Dominus
1042 441 1161 491 nutritus
1172 454 1228 493 erat

689 506 719 555 in
731 507 871 569 Nazareth,
886 510 958 575 quod
974 521 1015 560 est
1024 511 1155 576 oppidum
1173 513 1228 563 Ga·

690 577 773 639 lilaeae,
794 579 934 644 subjacens
949 582 1008 631 urbi
1026 581 1227 647 Capharnaum,

690 650 749 700 ideo
771 651 809 701 ibi
830 652 864 702 ab
884 668 915 703 eo
937 654 1054 719 exigitur
1082 655 1227 706 tributum.

690 720 878 786 Capharnaum
894 725 966 790 quod
979 725 1044 775 villa
1063 727 1228 777 consolatio-

689 791 739 853 nis,
753 792 795 842 vel
815 808 884 859 ager
902 795 1077 859 pinguedinis
1097 796 1228 862 interpre-

689 870 768 925 tatur,
795 873 821 913 et
850 864 896 914 ubi
927 864 1094 916 tributuma
1119 867 1228 917 Christo

689 935 796 1000 petitur,
811 936 944 1002 significat
965 939 1042 988 illum
1063 939 1111 1005 qui
1133 940 1180 990 dat
1196 957 1230 992 ee

688 1006 907 1059 delectationibus
945 1019 971 1058 et
1009 1010 1112 1060 solatiis
1148 1010 1230 1076 hujus

687 1077 792 1137 mundi,
806 1092 823 1127 a
843 1095 897 1144 quo
911 1079 1034 1131 diabolus
1056 1080 1124 1146 petit
1144 1080 1229 1132 tribu·

688 1158 746 1196 tum
786 1148 837 1198 sibi
884 1150 959 1215 dari,
996 1162 1022 1201 et
1052 1152 1097 1201 vix
1135 1153 1228 1203 evadet

687 1219 755 1285 quin
772 1221 857 1270 solvat
873 1221 983 1287 aliquod
1007 1224 1140 1274 tributum
1163 1240 1228 1290 pec-

684 1290 747 1341 cati.
767 1291 800 1340 Et
826 1294 990 1353 notandum,
1017 1296 1090 1360 quod
1128 1295 1228 1345 drach-

688 1378 739 1421 ma,
765 1362 915 1424 drachmae,
948 1364 1072 1415 feminini
1109 1365 1225 1430 generis,

688 1440 727 1479 est
742 1442 851 1481 moneta
865 1431 965 1482 habens
980 1432 1125 1498 imaginem
1142 1434 1224 1499 regis,

687 1511 713 1551 et
727 1503 830 1552 valebat
848 1503 939 1553 decem
959 1520 1088 1555 nummos
1104 1505 1224 1568 usuales,

688 1571 720 1619 de
734 1571 830 1636 quain
845 1572 917 1623 Luca
927 1573 1027 1624 dicitur
1050 1590 1056 1622 :
1083 1574 1151 1636 Quae
1169 1590 1228 1625 euu-

688 1643 738 1693 lier
760 1643 860 1694 habens
879 1645 1024 1696 drachmas
1048 1646 1149 1708 decem,
1178 1657 1228 1696 etc.

689 1714 763 1773 Item,
777 1722 817 1763 est
835 1729 920 1779 genus
932 1714 1068 1780 ponderis,
1084 1727 1109 1765 et
1125 1716 1164 1766 sic
1180 1731 1226 1766 ar·

688 1784 786 1850 cipitur
813 1784 842 1835 in
878 1786 1021 1836 medicina.
1045 1787 1096 1836 Sed
1123 1787 1226 1850 drama,

687 1855 825 1916 dramatis,
846 1857 935 1907 neutri
950 1857 1065 1924 generis,
1081 1868 1123 1908 est
1138 1875 1227 1924 genus

687 1929 824 1990 carminis,
837 1930 884 1980 ubi
913 1930 959 1980 alii
979 1930 1113 1996 incipiunt
1133 1942 1159 1981 et
1178 1930 1224 1982 alii

688 2001 859 2066 respondent,
878 2011 904 2050 et
930 2002 970 2051 sie
990 2001 1090 2051 dicitur
1104 2018 1110 2050 :
1124 2002 1228 2053 Dulcia

687 2071 793 2121 cantica
816 2071 958 2122 dramatis.
987 2073 1071 2131 Item,
1098 2072 1229 2122 drachma

687 2148 727 2187 est
745 2148 840 2204 quarta
853 2154 918 2205 pars
932 2140 1054 2204 stateris3
1070 2150 1153 2190 stater
1165 2157 1229 2190 vem

688 2218 728 2257 est
752 2209 824 2258 idem
857 2211 929 2275 quod
953 2211 1048 2270 siclus,
1069 2210 1116 2276 qui
1147 2211 1230 2262 habet

687 2279 784 2346 viginti
810 2281 927 2344 obolos,
957 2283 1032 2348 cujus
1068 2282 1230 2333 didrachma

688 2352 775 2402 media
811 2368 890 2419 pars,
917 2365 943 2405 et
977 2355 1104 2406 drachma
1132 2366 1229 2423 quarta

688 2440 749 2489 pars
790 2435 851 2488 est;
884 2437 912 2476 et
949 2426 1010 2476 ideo
1032 2441 1104 2476 unus
1145 2437 1229 2478 stater

688 2493 835 2545 sufficiebat
851 2496 883 2545 ad
896 2496 1060 2545 solutionem
1084 2511 1133 2561 pro
1154 2497 1227 2546 duo-

688 2567 751 2630 bus;
778 2568 843 2634 quia
866 2569 965 2618 taxatio
987 2584 1084 2618 census
1109 2579 1165 2619 erat
1184 2569 1228 2619 di-

688 2639 824 2699 drachma,
844 2639 877 2688 'id
902 2649 942 2689 est
963 2639 1089 2689 denarius
1116 2639 1164 2705 qui
1178 2656 1230 2706 pro

688 2711 773 2776 capite
794 2712 953 2762 solvebatur.
972 2712 1056 2771 Unde,
1071 2721 1102 2762 ut
1125 2713 1223 2778 sequi-

688 2791 740 2841 tur,
766 2791 847 2831 stater
865 2784 898 2832 de
920 2798 966 2848 ore
981 2783 1063 2848 piscis
1078 2781 1166 2832 afferri
1182 2784 1227 2848 ju-

689 2852 775 2902 betur.
801 2853 916 2914 Obolus,
938 2863 968 2903 ut
989 2853 1096 2914 dicitur,
1121 2853 1229 2903 valebat

688 2932 794 2972 tantum
811 2933 944 2988 quantum
956 2939 1034 2982 ,unus
1056 2937 1154 2989 parvus
1179 2931 1227 2972 tu—

688 2994 821 3056 ronensis,
840 3011 956 3060 quorum
972 2995 1112 3047 duodecim
1135 2995 1229 3046 valent

687 3082 774 3116 unum
795 3077 968 3119 turonensem
988 3084 1125 3134 grossum,
1140 3079 1168 3118 et
1187 3067 1227 3119 sic

687 3137 803 3202 quilibet
816 3138 970 3203 capitaneus
984 3139 1104 3189 solvebat
1113 3153 1228 3188 annua-

687 3209 737 3258 tim
760 3210 837 3276 quasi
858 3211 950 3262 decem
971 3221 1134 3262 turonenses
1155 3225 1227 3277 ¹par-

687 3295 745 3329 vos.

719 3349 733 3400 3
756 3350 875 3403 Soeurro
894 3369 1002 3403 amauri
1020 3369 1049 3405 iu
1070 3369 1154 3405 seusu
1171 3372 1227 3406 uo-

685 3437 755 3472 nant.
770 3451 800 3461 -
816 3423 951 3475 Dominus
972 3436 1062 3476 autem
1084 3425 1136 3476 hoc
1149 3427 1227 3492 quod

685 3495 718 3544 de
742 3494 871 3560 petitione
896 3495 989 3548 tributi
1019 3497 1096 3547 Petro
1120 3497 1226 3549 dictum

686 3576 741 3618 erat
763 3567 928 3634 intelligens,
949 3569 1023 3621 misit
1037 3584 1101 3619 eum
1115 3571 1148 3620 ad
1163 3585 1226 3622 ma-

685 3653 722 3698 re,
746 3648 776 3688 ut
794 3638 912 3690 hamum
935 3640 1053 3691 mitteret
1075 3647 1101 3691 et
1120 3642 1226 3708 piscem

684 3710 731 3776 qui
737 3711 845 3777 primus
858 3714 1023 3775 ascenderet,
1038 3714 1065 3764 id
1077 3722 1121 3764 est
1130 3729 1224 3780 quem

685 3790 798 3845 caperet,
825 3781 903 3832 illum
924 3783 1028 3833 tolleret
1048 3793 1074 3835 et
1096 3793 1225 3835 staterem

684 3855 816 3905 valentem
833 3854 887 3906 duo
906 3855 1071 3920 didrachma,
1089 3871 1151 3923 quae
1173 3855 1222 3907 di-
