2632 4320
157 249 210 302 350

445 246 622 300 SECUNDAE
636 246 764 298 PARTIS
778 247 896 301 CAPUT
911 250 1027 301 XLVIII.

534 629 701 701 CAPUT
730 630 892 699 XLvttr

501 909 554 977 De
575 909 687 977 decem
711 909 925 999 ru'rgirzibur.

559 1157 701 1220 Matthaei
723 1178 790 1242 cap.
810 1163 861 1222 25.
911 1216 914 1222 .

191 1384 203 1419 r
226 1368 402 1418 Uurvnsrrns
428 1380 627 1416 runrcnunoauu
657 1381 683 1415 m

154 1453 223 1488 rm
234 1453 332 1488 srnrus
346 1451 542 1486 nrsrrncurrun.
559 1464 589 1473 -
603 1436 702 1485 Post--

152 1525 235 1576 quam
265 1509 396 1559 Dominus
422 1508 540 1558 ostendit
560 1508 685 1574 quaedam

152 1579 334 1631 antecedentia
360 1578 507 1644 judicium,
531 1588 556 1628 et
577 1577 687 1628 monuit

152 1648 186 1698 ad
207 1647 390 1714 vigilandum,
415 1656 611 1712 consequenter
635 1647 684 1696 de-

152 1720 246 1772 scribit
275 1720 364 1784 ipsum
395 1719 534 1782 judicium.
555 1719 592 1768 Et
620 1718 686 1784 quia

153 1793 314 1845 universitas
343 1793 485 1858 judicanda
507 1791 684 1858 distinguitur

119 1919 121 1923 ,
151 1866 181 1917 in
194 1875 249 1916 tres
268 1874 362 1924 status,
385 1863 488 1913 scilicet
503 1881 509 1913 ι
525 1864 683 1924 activorum,

151 1934 421 2001 contemplativorum
444 1945 471 1984 et
493 1936 684 1999 praelatorum,

150 2009 211 2059 ideo
234 2019 288 2059 tres
310 2006 387 2073 ponit
412 2008 553 2073 parabolas
571 2008 604 2057 ad
620 2007 685 2058 istas

151 2090 206 2130 tres
221 2079 394 2145 pertinentes.

184 2165 201 2200 a
219 2151 358 2200 Pnsnnom
380 2166 414 2200 nn
433 2165 518 2199 oscen
532 2164 685 2199 vinciamus

152 2239 320 2273 sinemurus
333 2239 367 2272 nn
381 2238 613 2273 coursurnsrrvos
629 2238 685 2272 ser·

152 2310 244 2344 crans.
263 2323 293 2332 —
313 2294 404 2344 Prima
418 2304 459 2342 est
475 2295 508 2344 de
522 2295 613 2344 decem
627 2293 684 2343 vir-

151 2364 270 2430 ginibus,
294 2375 321 2414 et
344 2365 458 2430 pertinet
479 2365 628 2428 specialiter
650 2363 683 2412 ad

152 2434 384 2500 contemplativos,
402 2435 541 2500 virginitas
555 2434 627 2483 enim
641 2434 683 2484 vi-

151 2514 206 2554 tam
218 2505 451 2569 contemplativam
468 2503 606 2569 significat,
620 2503 682 2569 quia

151 2577 259 2628 castitas
269 2588 387 2627 mentem
402 2592 417 2626 a
428 2576 578 2626 carnalibus
591 2576 682 2640 elevat,

153 2660 179 2701 et
201 2651 239 2700 sic
259 2650 293 2700 ad
307 2649 560 2713 contemplationem
586 2649 683 2699 verita-

151 2720 187 2770 tis
207 2720 340 2786 disponit;
367 2734 494 2768 numerus
523 2730 614 2768 autem
635 2721 684 2769 de-

152 2789 244 2839 narius
277 2788 479 2839 universitatem
518 2790 685 2854 contempla-

151 2860 269 2910 tivorum
302 2859 449 2925 significat,
482 2859 545 2925 quia
578 2860 683 2911 numeri

151 2932 241 2982 solum
256 2947 342 2998 usque
363 2934 395 2982 ad
413 2933 506 2982 decem
522 2934 682 2997 procedunt;

151 3004 202 3064 vel,
228 3005 319 3054 decem
338 3016 446 3070 propter
465 3021 579 3071 operum
605 3005 684 3073 Legis

151 3077 358 3128 observantiam.
383 3079 570 3130 Nihilominus
593 3089 683 3130 tamen

150 3150 184 3201 ad
193 3166 274 3201 omne
286 3167 370 3218 genus
381 3151 522 3202 hominum
532 3161 618 3218 potest
628 3153 685 3203 haec

151 3222 276 3288 parabola
290 3221 380 3272 referri
396 3240 402 3272 :
419 3233 444 3273 et
459 3224 546 3288 primo
561 3223 678 3274 circavi-

150 3303 206 3345 tam
220 3295 468 3359 contemplantium,
483 3306 508 3346 et
522 3311 686 3361 consequen·

150 3374 191 3416 ter
204 3365 284 3416 etiarn
298 3365 422 3425 aliorum,
435 3366 546 3430 ponitur
556 3368 683 3417 meritum

151 3443 177 3486 et
202 3436 379 3501 demeritum;
404 3438 531 3497 secundo,
546 3437 684 3488 examina·

150 3505 232 3557 tionis
241 3508 379 3573 judicium.
393 3509 475 3575 Optat
485 3509 584 3574 quippe
595 3508 686 3558 Domi-

149 3592 200 3628 nus
223 3588 253 3629 ut
270 3595 328 3641 nos,
352 3596 414 3630 cum
440 3580 551 3638 venerit,
566 3579 685 3630 inveniat

149 3659 320 3714 praeparatos,
340 3660 366 3700 et
380 3667 442 3701 cum
466 3666 498 3700 eo
516 3649 623 3714 januam
635 3665 685 3700 coe·

147 3717 224 3768 lestis
233 3719 308 3785 regni
318 3720 459 3780 intremus,
476 3731 501 3770 et
517 3735 550 3769 ne
565 3719 686 3771 excluda-

149 3802 210 3837 mur
244 3788 451 3855 improvidentia
485 3789 632 3852 fatuitatis,
659 3800 685 3842 et

148 3857 287 3913 claudatur
295 3860 376 3926 janua
386 3862 484 3929 Sponsi
497 3861 623 3926 coelestis3
638 3878 686 3913 un·

737 1368 771 1418 de
787 1367 896 1434 vigilare
916 1378 1029 1434 oportet,
1048 1371 1116 1437 quia
1136 1373 1274 1425 nescimus

737 1439 846 1502 quando
868 1439 990 1504 Sponsus
1004 1440 1101 1491 veniet.
1119 1442 1154 1492 Et
1174 1458 1225 1494 cur
1239 1443 1273 1495 tit

736 1525 807 1575 opus
820 1510 939 1577 vigilare,
953 1512 1040 1571 docet,
1055 1523 1080 1564 et
1094 1516 1129 1564 ad
1153 1512 1273 1582 hoc'pr-

737 1581 856 1631 rabolam
867 1581 902 1631 de
914 1581 1005 1632 decern
1020 1583 1175 1649 virginibus
1191 1586 1271 1639 indu-

737 1650 783 1701 cit.
793 1650 888 1701 Simile
901 1652 955 1702 erit
966 1667 1081 1717 regnum
1092 1656 1235 1721 coelortun,
1246 1657 1272 1708 id

737 1731 778 1772 est
792 1736 911 1786 praesens
931 1723 1048 1773 Ecclesia
1068 1725 1193 1778 militana
1212 1743 1272 1795 spe·

737 1791 847 1852 cialiter,
869 1800 1001 1858 quantum
1027 1795 1060 1843 ad
1082 1805 1185 1846 statum
1208 1814 1270 1849 cou-

737 1863 936 1935 templantium,
950 1872 977 1913 et
992 1864 1179 1918 nihilominus
1192 1884 1271 1934 quan·

737 1944 797 1984 tum
825 1934 859 1984 ad
886 1943 985 1984 statum
1017 1936 1154 1998 aliorum,
1185 1940 1269 1991 decan

737 2005 897 2072 virginibus,
912 2006 1130 2074 continentibus;
1146 2026 1269 2077 quarum,

736 2077 851 2143 quinque
869 2083 947 2128 erant
959 2077 1061 2143 satuae,
1080 2081 1147 2146 quia
1164 2081 1269 2133 vanitati

736 2148 859 2214 quinque
885 2164 1015 2199 sensuum
1047 2152 1220 2216 servierunt,
1246 2163 1269 2204 et

737 2234 817 2284 opera
838 2235 886 2269 sua
903 2220 973 2270 bona
991 2221 1024 2270 de
1042 2237 1149 2288 genere,
1166 2241 1224 2276 non
1239 2225 1268 2275 ad

736 2291 819 2343 finem
848 2293 969 2344 debitum
998 2294 1176 2359 ordinantes,
1204 2314 1268 2366 pro·

738 2365 824 2431 priam
848 2365 979 2432 gloriam,
1008 2377 1034 2417 et
1061 2366 1201 2432 favorem,
1227 2385 1268 2423 sev

738 2432 844 2488 laudem
872 2437 1037 2499 hominum,
1065 2441 1108 2490 vel
1138 2452 1267 2508 quaestum

738 2507 920 2573 principaliter
936 2509 963 2558 in
980 2509 1018 2558 eis
1034 2509 1227 2576 intenderunt;
1246 2518 1268 2563 et

737 2576 850 2643 quinque
858 2578 1013 2643 prudentae,
1026 2579 1091 2645 quia
1104 2581 1211 2632 veritati
1224 2596 1268 2649 pro

737 2647 845 2697 aeternis
870 2648 1033 2709 servierunt,
1062 2660 1089 2700 et
1119 2666 1203 2717 opera
1225 2666 1268 2703 sua

737 2720 809 2769 bona
824 2720 857 2769 ad
874 2720 957 2771 finem
973 2722 1106 2781 debiturn,
1123 2718 1225 2776 scilicet
1238 2725 1266 2774 ad

738 2789 850 2856 gloriam
861 2790 910 2841 Dei
925 2791 1116 2858 principaliter,
1132 2805 1159 2845 et
1174 2797 1207 2846 ad
1218 2810 1269 2861 pet·

737 2861 879 2913 sectionem
895 2863 947 2924 sui,
965 2873 991 2914 et
1011 2865 1044 2914 ad
1067 2863 1268 2919 aedificationen

738 2933 873 3000 proximi,
902 2944 1096 3001 consequenter
1122 2937 1268 2989 ordinave-

737 3014 810 3055 runt.

771 3074 856 3126 3Hrs
876 3090 1028 3127 marmus
1052 3092 1151 3129 sturnis
1173 3078 1268 3129 Ecetr-
1312 3134 1314 3139 ,

737 3163 787 3197 sni.
807 3174 837 3184 -
856 3146 906 3196 His
935 3157 1003 3198 recte
1031 3147 1150 3199 Ecclesia
1175 3148 1270 3201 similit

735 3218 902 3284 perhibetur,
920 3219 984 3285 quia
1003 3220 1032 3270 in
1053 3235 1085 3270 ea
1102 3230 1130 3270 et
1148 3221 1215 3273 boni
1228 3236 1268 3273 re·

737 3292 842 3358 ligiose‚
860 3303 887 3343 et
908 3293 972 3343 mali
995 3294 1189 3360 superstitiose
1207 3310 1269 3347 con·

736 3362 857 3414 viventes
867 3363 1021 3428 permixtim
1034 3364 1218 3428 continentur,
1226 3364 1269 3432 qui

738 3449 785 3500 per
800 3434 913 3500 quinque
925 3434 1081 3499 prudentes,
1095 3445 1122 3485 et
1133 3452 1182 3502 per
1196 3437 1269 3503 quir·

737 3519 787 3570 que
804 3505 905 3571 fatuas
929 3505 1058 3570 virginer,
1081 3521 1130 3572 per
1154 3509 1270 3575 quinque

737 3575 861 3641 partitam
882 3591 1012 3627 sensuum
1037 3576 1233 3630 continentiam
1256 3591 1269 3628 a

737 3647 826 3698 carnis
840 3647 981 3707 illecebris,
997 3656 1022 3697 et
1033 3648 1221 3714 voluptatibus
1233 3648 1269 3700 si·

737 3718 905 3785 gnificantes,
924 3719 1122 3785 intelliguntur.
1149 3721 1269 3782 Quicun-

737 3805 790 3856 que
804 3790 878 3841 enim
894 3806 974 3857 opera
988 3805 1036 3841 sua
1050 3791 1123 3842 bona
1136 3808 1188 3858 pro
1208 3804 1268 3844 vaur
1311 3824 1314 3829 -

737 3861 835 3928 gloria,
861 3863 903 3916 vel
926 3872 1030 3930 quaestu
1058 3861 1180 3930 faciunt,
1208 3861 1267 3918 fatui
1310 3884 1314 3929 g
