2632 4320
131 284 183 334 318

130 409 157 450 et
172 398 254 448 ctiam
275 405 337 463 post
350 405 467 444 mortem
483 393 571 459 ipsius
582 389 663 442 nnti-

130 469 227 520 christi
244 468 411 533 apparebunt
425 465 503 530 signa
521 462 664 514 manifesta

132 540 278 606 propinqui
293 537 400 603 judicii3
417 537 480 601 quia
497 546 560 601 post
572 533 662 584 tribu·

132 611 260 661 lationem
271 610 355 667 illam,
363 619 508 673 antequam
519 612 664 672 appareant

132 683 210 749 signa
226 683 286 742 ista,
301 682 351 732 erit
364 691 472 745 tempus
487 680 574 741 breve,
588 675 664 728 scili-

133 765 175 806 cet
191 753 367 820 quadraginta
390 752 506 811 dierum,
522 751 563 801 rel
583 749 661 808 circa,

134 826 167 877 ad
182 825 352 891 refrigerium
369 825 513 880 bonorum,
525 830 550 871 et
563 820 599 870 ad
613 835 666 884 poe

136 896 278 947 nitentium
292 896 437 953 malorum,
453 894 551 957 inquo
574 889 665 956 poeni-

135 976 190 1018 tere
204 976 329 1032 poterunt
346 964 386 1014 illi
401 963 448 1029 qui
464 978 511 1028 per
524 962 664 1011 Antichri-

134 1047 208 1088 stum
223 1036 333 1086 fuerunt
348 1034 462 1099 decepti.

168 1109 181 1158 5
200 1110 338 1158 Turmrto
353 1120 484 1156 cmnouuu
503 1120 529 1154 rs
542 1118 666 1153 conuiu-

134 1196 250 1233 irarroitr
266 1196 367 1238 sarum,
391 1193 593 1233 urrrrmrraa,
614 1192 667 1227 irr-

135 1269 208 1306 srrcrr
231 1268 266 1300 rr
288 1265 451 1300 uoaarrrra.
474 1277 506 1286 -
527 1249 560 1298 Et
574 1247 666 1296 scien-

135 1326 201 1375 dum
233 1322 306 1388 quod
331 1320 563 1386 appropinquante
592 1316 667 1367 finali

134 1394 243 1459 judicio,
258 1394 288 1442 in
303 1391 378 1440 omni
399 1400 518 1440 creatura
531 1389 669 1455 apparebit

136 1464 263 1516 turbatio
280 1461 447 1513 Universitas
459 1472 549 1511 autern
563 1470 668 1510 creatu·

136 1552 228 1588 rarum
259 1534 350 1584 reduci
381 1544 471 1599 potest
495 1533 527 1583 ad
550 1542 668 1598 quatuor

138 1622 246 1674 genera,
260 1604 390 1655 vedelicet
403 1621 409 1653 :
422 1605 456 1654 ad
471 1614 596 1654 naturam
612 1618 668 1653 coe-

137 1683 242 1740 lentem,
274 1679 475 1737 elementarem,
499 1677 667 1735 rationalem,

137 1753 353 1804 intellectualem.
365 1751 467 1811 Primo,
487 1765 550 1816 ergo
564 1749 670 1799 descri-

138 1825 211 1874 bitur
237 1823 356 1872 turbatio
380 1822 408 1872 in
439 1833 535 1872 natura
558 1819 668 1879 coelesti,

135 1897 279 1952 videlicet:
296 1896 386 1960 Signa
411 1895 437 1944 iu
468 1894 532 1956 sole,
555 1894 618 1943 luna
642 1899 669 1943 et

136 1971 232 2031 stellis,
254 1970 282 2019 in
300 1969 402 2034 quibus
414 1978 496 2018 ertmt
517 1967 608 2032 aliqua
621 1982 669 2031 ap-

137 2042 255 2107 parentia
270 2039 388 2098 insolita‚
400 2050 427 2089 et
440 2048 542 2088 naturae
557 2053 613 2088 suae
624 2053 669 2086 re-

137 2111 299 2177 pugnantia;
314 2119 341 2158 et
358 2109 420 2159 ideo
441 2109 570 2157 dicuutur
586 2107 669 2172 signa

140 2197 200 2247 quae
216 2182 245 2230 in
261 2181 300 2230 eis
314 2189 403 2229 erunt.
417 2179 468 2229 Sol
482 2178 556 2228 enim
573 2177 669 2227 obscu-

138 2253 252 2312 rabitur,
280 2256 306 2300 ετ
326 2250 391 2299 bina
414 2264 465 2298 non
488 2247 564 2298 dabit
582 2247 669 2296 tumen

138 2337 222 2385 strunt,
238 2327 264 2370 et
279 2320 365 2370 stellae
376 2320 472 2369 cederat
483 2317 599 2380 decoelo,
615 2332 670 2366 non

139 2408 153 2442 a
174 2392 228 2442 situ
253 2406 311 2450 suo,
338 2391 412 2456 quod
434 2389 590 2439 naturaliter
614 2387 670 2437 im·

138 2461 266 2527 possibile
287 2471 326 2511 est
350 2460 417 2522 steri,
439 2476 501 2509 cum
524 2469 595 2509 terra
616 2473 671 2507 non

139 2535 270 2587 sufficeret
304 2551 397 2586 earum
427 2531 621 2600 magnitudini,
645 2541 671 2581 et

138 2623 250 2672 corpora
270 2605 387 2657 coelestia
400 2614 527 2654 maneant
543 2603 572 2653 in
590 2613 671 2652 natu-

138 2695 168 2728 ra
180 2694 228 2728 sua
239 2678 358 2744 integra;
374 2677 420 2726 sed
432 2687 541 2742 propter
557 2675 670 2725 nimiam

139 2750 359 2800 scintillationem
388 2765 448 2814 quae
470 2748 522 2798 erit
549 2748 578 2797 in
601 2762 671 2805 aere,

139 2821 232 2870 cadere
253 2820 415 2869 videbuntur
438 2833 454 2868 a
480 2833 530 2868 suo
558 2817 671 2876 lumine,

141 2908 195 2943 uon
210 2893 284 2958 quod
298 2907 329 2942 eo
344 2891 492 2956 priventur,
506 2906 568 2940 cum
585 2890 672 2940 sireis

141 2967 269 3024 naturale,
284 2967 330 3015 sed
345 2967 409 3031 quia
423 2965 570 3015 vincantur
584 2979 599 3014 a
611 2979 672 3014 ma-

141 3036 190 3101 iori
217 3036 328 3085 lumine.
354 3037 417 3085 llaec
438 3035 512 3085 enim
528 3034 673 3085 luminaria

141 3105 279 3156 obscurari
293 3116 320 3155 et
333 3107 425 3156 cadere
443 3107 578 3166 dicuntur,
597 3123 672 3157 com·

140 3176 278 3242 paratione
308 3177 419 3241 majoris
448 3178 517 3228 lucis
543 3193 673 3242 superre-

142 3249 251 3309 nientis‚
281 3248 346 3314 quia
374 3249 403 3298 in
430 3250 549 3315 glorioso
570 3249 673 3300 Christi

141 3321 265 3379 adventu,
286 3330 431 3385 apparente
444 3335 514 3370 rerae
529 3321 615 3385 gloria
630 3320 674 3370 lu-

141 3391 189 3450 cis,
214 3391 308 3440 omnia
322 3391 418 3440 mundi
439 3390 542 3440 lumina
555 3391 676 3440 tenebris

142 3474 331 3528 comparantur
346 3474 372 3513 et
386 3464 507 3528 umbris;
524 3464 594 3513 sicut
609 3464 674 3513 stel-

143 3538 176 3586 lae
203 3553 258 3586 non
280 3548 418 3603 apparent,
440 3537 498 3586 sole
517 3536 628 3597 oriente,
649 3549 675 3588 et

143 3608 236 3659 lumen
257 3610 371 3659 candelae
396 3625 450 3658 non
475 3608 544 3658 lucet
566 3608 595 3658 in
621 3609 674 3659 die.

143 3682 221 3732 Unde
246 3683 283 3732 ait
306 3683 383 3733 Beda
398 3700 407 3733 .·
423 3703 437 3729 u
462 3681 553 3732 Sidera
578 3681 607 3730 in
633 3682 677 3733 die

143 3752 234 3814 judicii
268 3753 434 3804 ridebuntur
470 3753 593 3813 obscura,
620 3769 675 3804 non

142 3821 325 3874 diminutione
351 3839 407 3874 suae
432 3823 500 3872 lucis
524 3824 675 3885 accedente,

143 3896 189 3945 sed
204 3898 408 3962 superveniente
426 3896 545 3949 claritate
557 3897 613 3949 reri
630 3899 675 3949 lu-

396 277 573 331 SECUNDAE
594 274 722 326 Pataris
739 273 858 326 CAPUT
875 272 955 323 XLll.

717 388 811 448 minis,
826 388 879 438 lioc
893 398 933 438 est
945 387 1047 438 sumini
1060 386 1177 446 Iudicis,
1186 402 1251 438 cum

717 462 820 513 venerit
834 462 862 511 in
879 462 1016 525 maiestate
1033 475 1096 523 sua,
1111 469 1138 511 et
1152 460 1251 522 Patris,

718 543 744 583 et
759 534 919 583 Sanctorum
930 541 955 582 et
964 532 1142 597 Angelorum.
1152 531 1254 592 Qum-

718 604 759 654 vis
780 603 820 653 nil
844 603 970 668 prohibet
990 601 1104 667 intelligi
1123 603 1253 654 veraciter

718 677 804 727 solem
817 687 882 727 tunc
894 685 921 727 et
933 678 1027 726 lunam
1040 691 1104 725 cum
1113 674 1251 727 sideribus

718 749 811 799 ceteris
826 750 859 799 ad
875 761 983 814 tempus
999 763 1050 798 suo
1068 748 1174 799 lumine
1192 749 1254 816 pri·

718 819 783 879 vari,
798 819 939 884 quomodo
950 819 983 868 dc
997 819 1053 868 sole
1069 817 1171 869 factum
1183 834 1252 871 con·

719 901 769 942 stat
793 902 914 958 tempore
935 891 1085 942 Damiriicae
1104 892 1252 951 Passionis,

720 965 783 1014 luna
796 964 871 1014 enim
887 975 951 1014 tunc
967 963 1098 1028 temporis
1107 979 1169 1014 cum
1179 977 1255 1017 esset

720 1035 798 1100 plena
810 1035 861 1084 sub
875 1034 966 1084 abdito
983 1044 1060 1083 terrie
1075 1034 1181 1085 latebat.
1197 1035 1255 1086 Ce-

720 1117 817 1166 terum,
833 1117 940 1171 peracto
961 1106 1006 1156 die
1019 1105 1113 1170 judicii
1127 1115 1155 1156 et
1168 1107 1256 1159 clate-

721 1190 811 1231 scente
826 1179 925 1229 iuturae
939 1177 1105 1245 gloriaritae,
1119 1193 1184 1229 cum
1194 1179 1256 1231 fue-

721 1251 755 1300 rit
783 1251 880 1300 coelum
903 1265 1007 1301 novum
1034 1259 1061 1298 ct
1083 1258 1153 1299 terra
1176 1265 1256 1313 nove,

722 1333 786 1374 tunc
795 1322 841 1373 fiet
850 1324 922 1388 quod
934 1321 1017 1373 isaias
1028 1321 1161 1386 Propheta
1170 1321 1255 1374 dicia:

721 1394 761 1443 Et
771 1395 828 1445 erit
841 1394 892 1443 lux
906 1393 977 1443 luuae
989 1391 1062 1442 sicut
1073 1391 1126 1441 lux
1138 1392 1216 1456 nolis,
1228 1399 1255 1444 et

722 1468 774 1518 lux
794 1468 862 1518 solis
886 1465 1093 1531 reptonpliciter
1117 1465 1191 1516 sicut
1204 1466 1256 1517 lex

722 1544 822 1603 septem
843 1538 949 1587 dierum
975 1553 985 1586 .·
1007 1554 1021 1582 r
1042 1535 1101 1586 haec
1125 1536 1255 1586 Beda.-

722 1609 844 1674 Mystice,
866 1606 984 1659 Ecclesia
1003 1606 1122 1671 ptdclrra
1133 1607 1254 1671 reilana,

722 1679 807 1730 electa
820 1686 851 1729 ut
864 1679 915 1741 sol,
929 1689 956 1728 et
973 1693 1033 1742 qum
1050 1687 1159 1728 noctem
1170 1693 1256 1729 mun-

721 1754 749 1803 di
772 1753 909 1804 illuminat
934 1762 966 1802 ut
987 1752 1081 1812 stellae,
1108 1762 1176 1802 tunc
1196 1768 1257 1804 uon

721 1825 861 1891 apparebit
875 1823 969 1889 impiis
983 1824 1054 1872 ultra
1070 1823 1187 1873 modum
1201 1839 1259 1875 ιι-

720 1897 871 1958 vientibus3
888 1905 914 1946 et
925 1895 1019 1945 cedent
1028 1896 1259 1961 persequentibus

722 1984 752 2018 ac
770 1969 865 2018 cadent
880 1967 961 2016 multi
985 1967 1032 2032 qui
1046 1967 1133 2032 gratia
1155 1966 1259 2034 itrlgere

721 2038 890 2095 videbantur,
916 2046 941 2086 et
963 2037 1074 2102 quidam
1098 2036 1196 2088 fideles
1216 2037 1258 2088 fir·

723 2109 842 2160 missimi
862 2108 1054 2158 turbabuntur.
1067 2135 1098 2145 —
1121 2108 1259 2159 lateraliter

722 2195 794 2239 vcro,
816 2194 863 2244 per
877 2178 963 2228 solem
976 2187 1062 2226 status
1076 2176 1258 2241 perfectorum

722 2251 887 2317 designatur,
903 2265 998 2300 eorum
1007 2249 1082 2299 enim
1098 2260 1140 2301 est
1153 2251 1190 2301 ad
1204 2265 1258 2300 mo

723 2325 787 2372 dum
804 2323 869 2373 solis
884 2321 997 2372 influere
1008 2320 1070 2370 aliis
1086 2332 1113 2371 et
1124 2322 1259 2372 illumina·

723 2412 769 2459 re,
786 2412 835 2461 per
845 2397 938 2446 lunam
953 2404 1039 2445 status
1054 2394 1257 2460 proficientiun

724 2466 899 2533 significatur,
913 2466 948 2515 ad
962 2480 1034 2531 quos
1049 2464 1169 2530 pertinet
1183 2474 1257 2516 exte-

723 2536 842 2587 rioribus
871 2536 1004 2587 exercitiis
1039 2535 1174 2586 virtuosis
1198 2550 1258 2603 que

724 2618 789 2658 sunt
808 2608 877 2658 circa
892 2605 1103 2657 mutabilitatem
1119 2606 1261 2657 humano-

724 2696 785 2730 rum
799 2688 907 2728 actuum
921 2678 1055 2736 insistere,
1075 2678 1112 2726 ad
1132 2677 1260 2729 similini

725 2751 817 2799 dinem
844 2750 925 2809 lunae,
948 2763 1009 2815 quae
1034 2748 1106 2797 inter
1135 2751 1255 2814 planans

725 2819 876 2886 specialiter
893 2819 974 2869 habet
990 2816 1166 2869 influentiam
1179 2832 1259 2885 super

726 2893 935 2945 mutabilitatem
947 2893 1062 2942 istorrrm
1078 2891 1259 2954 inferiorum

726 2980 775 3030 per
789 2965 881 3014 stellas
890 2972 1053 3013 versaturus
1067 2961 1260 3028 incipientium

725 3036 862 3101 accipitur,
878 3035 911 3085 ad
928 3051 998 3101 quus
1011 3032 1128 3100 pertinet
1150 3044 1264 3099 preter·

726 3107 763 3157 ita
783 3116 888 3173 peccata
905 3108 1065 3172 deplangere
1087 3115 1114 3155 et
1132 3121 1147 3154 a
1164 3103 1263 3156 futuris

726 3193 830 3240 carere3
847 3177 931 3227 stellae
953 3177 1028 3227 enim
1048 3175 1198 3226 emissione
1217 3188 1262 3225 rer

727 3251 835 3301 diorum
855 3265 944 3300 aerem
965 3251 1107 3314 impurum
1120 3248 1263 3314 deputant,

728 3334 863 3373 erearum
877 3323 977 3373 virtute
995 3322 1116 3373 aufertur
1130 3337 1146 3372 a
1159 3320 1262 3372 mundo

729 3396 850 3446 inferiori
877 3395 1038 3461 pestilentiae
1054 3394 1217 3460 corruptela.
1232 3393 1262 3443 ln

728 3469 850 3534 quolibet
868 3469 983 3519 istorum
997 3476 1127 3526 statuam,
1147 3477 1181 3517 ut
1191 3467 1266 3517 Veri

728 3541 794 3592 bum
805 3552 936 3593 aeternum
946 3541 1114 3607 concipiatur
1123 3541 1152 3590 in
1162 3549 1263 3600 mente,

728 3612 827 3662 debent
848 3622 917 3662 certa
941 3611 1019 3678 signa
1040 3625 1212 3676 precurrere.
1233 3610 1263 3659 ln

729 3685 785 3734 sole
804 3701 922 3751 namque
938 3685 1055 3751 legimus
1077 3683 1209 3735 accidisse
1226 3683 1264 3734 si-

729 3771 812 3820 gnum
831 3756 964 3819 stationis,
978 3755 1088 3821 signum
1102 3754 1268 3821 retrograda·

729 3827 814 3878 tionis
828 3838 854 3878 et
872 3829 984 3894 signum
1008 3826 1219 3878 obscurationis.
1233 3825 1266 3876 Et

730 3899 759 3950 in
774 3901 831 3952 sole
841 3911 974 3968 quantum
989 3900 1022 3951 ad
1037 3898 1191 3966 perfectos:
1209 3897 1266 3965 pri·
