<?xml version="1.0" encoding="UTF-8"?>
<!DOCTYPE html PUBLIC "-//W3C//DTD XHTML 1.0 Transitional//EN"
    "http://www.w3.org/TR/xhtml1/DTD/xhtml1-transitional.dtd">
<html xmlns="http://www.w3.org/1999/xhtml" xml:lang="en" lang="en">
 <head>
  <title>
</title>
<meta http-equiv="Content-Type" content="text/html;charset=utf-8" />
  <meta name='ocr-system' content='tesseract 3.04.00' />
  <meta name='ocr-capabilities' content='ocr_page ocr_carea ocr_par ocr_line ocrx_word'/>
</head>
<body>
  <div class='ocr_page' id='page_1' title='image "./vitajesuchristi01rigogoog_0195.png"; bbox 0 0 2632 4320; ppageno 0'>
   <div class='ocr_carea' id='block_1_1' title="bbox 146 290 196 342">
    <p class='ocr_par' dir='ltr' id='par_1_1' title="bbox 146 290 196 342">
     <span class='ocr_line' id='line_1_1' title="bbox 146 290 196 342; baseline -0.02 0"><span class='ocrx_word' id='word_1_1' title='bbox 146 290 196 342; x_wconf 77' lang='lat'>186</span> 
     </span>
    </p>
   </div>
   <div class='ocr_carea' id='block_1_2' title="bbox 142 406 678 906">
    <p class='ocr_par' dir='ltr' id='par_1_2' title="bbox 142 406 678 906">
     <span class='ocr_line' id='line_1_2' title="bbox 142 406 675 473; baseline -0.004 -15"><span class='ocrx_word' id='word_1_2' title='bbox 142 421 210 469; x_wconf 81' lang='lat' dir='ltr'>eum,</span> <span class='ocrx_word' id='word_1_3' title='bbox 234 417 304 473; x_wconf 87' lang='lat' dir='ltr'>patet</span> <span class='ocrx_word' id='word_1_4' title='bbox 331 421 425 456; x_wconf 87' lang='lat' dir='ltr'>eorum</span> <span class='ocrx_word' id='word_1_5' title='bbox 444 407 587 472; x_wconf 86' lang='lat' dir='ltr'>gratitudo,</span> <span class='ocrx_word' id='word_1_6' title='bbox 611 406 675 472; x_wconf 92' lang='lat' dir='ltr'>quia</span> 
     </span>
     <span class='ocr_line' id='line_1_3' title="bbox 144 478 675 544; baseline 0.002 -17"><span class='ocrx_word' id='word_1_7' title='bbox 144 495 198 528; x_wconf 93' lang='lat' dir='ltr'>non</span> <span class='ocrx_word' id='word_1_8' title='bbox 216 478 371 529; x_wconf 90' lang='lat' dir='ltr'>resilierunt</span> <span class='ocrx_word' id='word_1_9' title='bbox 392 488 452 544; x_wconf 92' lang='lat' dir='ltr'>post</span> <span class='ocrx_word' id='word_1_10' title='bbox 474 478 600 529; x_wconf 87' lang='lat' dir='ltr'>beneficia</span> <span class='ocrx_word' id='word_1_11' title='bbox 623 479 675 528; x_wconf 91' lang='lat' dir='ltr'>do-</span> 
     </span>
     <span class='ocr_line' id='line_1_4' title="bbox 144 551 675 619; baseline -0.002 -16"><span class='ocrx_word' id='word_1_12' title='bbox 144 563 206 603; x_wconf 89' lang='lat' dir='ltr'>nata</span> <span class='ocrx_word' id='word_1_13' title='bbox 232 553 269 602; x_wconf 90' lang='lat' dir='ltr'>eis</span> <span class='ocrx_word' id='word_1_14' title='bbox 294 568 310 603; x_wconf 94' lang='lat' dir='ltr'>a</span> <span class='ocrx_word' id='word_1_15' title='bbox 334 551 465 615; x_wconf 90' lang='lat' dir='ltr'>Domino,</span> <span class='ocrx_word' id='word_1_16' title='bbox 491 553 563 619; x_wconf 91' lang='lat' dir='ltr'>quod</span> <span class='ocrx_word' id='word_1_17' title='bbox 586 561 675 603; x_wconf 87' lang='lat' dir='ltr'>tamen</span> 
     </span>
     <span class='ocr_line' id='line_1_5' title="bbox 144 622 677 691; baseline -0.004 -17"><span class='ocrx_word' id='word_1_18' title='bbox 144 623 222 674; x_wconf 90' lang='lat' dir='ltr'>multi</span> <span class='ocrx_word' id='word_1_19' title='bbox 238 622 347 684; x_wconf 82' lang='lat' dir='ltr'>faciunt,</span> <span class='ocrx_word' id='word_1_20' title='bbox 361 624 408 691; x_wconf 91' lang='lat' dir='ltr'>qui</span> <span class='ocrx_word' id='word_1_21' title='bbox 422 634 483 691; x_wconf 92' lang='lat' dir='ltr'>post</span> <span class='ocrx_word' id='word_1_22' title='bbox 496 623 623 675; x_wconf 90' lang='lat' dir='ltr'>beneficia</span> <span class='ocrx_word' id='word_1_23' title='bbox 638 624 677 673; x_wconf 79' lang='lat' dir='ltr'>in·</span> 
     </span>
     <span class='ocr_line' id='line_1_6' title="bbox 144 695 678 760; baseline 0.006 -17"><span class='ocrx_word' id='word_1_24' title='bbox 144 695 212 760; x_wconf 87' lang='lat' dir='ltr'>grati</span> <span class='ocrx_word' id='word_1_25' title='bbox 226 695 372 745; x_wconf 84' lang='lat' dir='ltr'><strong>existentes</strong></span> <span class='ocrx_word' id='word_1_26' title='bbox 393 696 425 745; x_wconf 89' lang='lat' dir='ltr'>ad</span> <span class='ocrx_word' id='word_1_27' title='bbox 439 695 573 746; x_wconf 90' lang='lat' dir='ltr'>vomitum</span> <span class='ocrx_word' id='word_1_28' title='bbox 594 711 678 746; x_wconf 92' lang='lat' dir='ltr'>rever·</span> 
     </span>
     <span class='ocr_line' id='line_1_7' title="bbox 144 767 676 830; baseline -0.002 -12"><span class='ocrx_word' id='word_1_29' title='bbox 144 777 248 830; x_wconf 90' lang='lat' dir='ltr'>tuntur,</span> <span class='ocrx_word' id='word_1_30' title='bbox 271 778 297 818; x_wconf 87' lang='lat' dir='ltr'>et</span> <span class='ocrx_word' id='word_1_31' title='bbox 316 769 349 819; x_wconf 90' lang='lat' dir='ltr'>ad</span> <span class='ocrx_word' id='word_1_32' title='bbox 368 769 469 818; x_wconf 90' lang='lat' dir='ltr'>malum</span> <span class='ocrx_word' id='word_1_33' title='bbox 487 768 606 819; x_wconf 89' lang='lat' dir='ltr'>redeunt.</span> <span class='ocrx_word' id='word_1_34' title='bbox 624 767 676 819; x_wconf 89' lang='lat' dir='ltr'>Ubi</span> 
     </span>
     <span class='ocr_line' id='line_1_8' title="bbox 144 837 676 906; baseline 0.004 -20"><span class='ocrx_word' id='word_1_35' title='bbox 144 837 216 887; x_wconf 92' lang='lat' dir='ltr'>idem</span> <span class='ocrx_word' id='word_1_36' title='bbox 233 838 465 906; x_wconf 79' lang='lat' dir='ltr'>Chrysostomus:</span> <span class='ocrx_word' id='word_1_37' title='bbox 481 856 495 885; x_wconf 74' lang='lat' dir='ltr'>a</span> <span class='ocrx_word' id='word_1_38' title='bbox 509 839 545 887; x_wconf 80' lang='lat' dir='ltr'>At</span> <span class='ocrx_word' id='word_1_39' title='bbox 564 838 603 887; x_wconf 92' lang='lat' dir='ltr'>illi</span> <span class='ocrx_word' id='word_1_40' title='bbox 621 854 676 888; x_wconf 90' lang='lat' dir='ltr'>non</span> 
     </span>
    </p>
   </div>
   <div class='ocr_carea' id='block_1_3' title="bbox 107 908 686 3545">
    <p class='ocr_par' dir='ltr' id='par_1_3' title="bbox 107 908 686 3545">
     <span class='ocr_line' id='line_1_9' title="bbox 144 908 679 972; baseline 0.002 -13"><span class='ocrx_word' id='word_1_41' title='bbox 144 908 252 959; x_wconf 88' lang='lat' dir='ltr'>fuerunt</span> <span class='ocrx_word' id='word_1_42' title='bbox 271 911 345 972; x_wconf 88' lang='lat' dir='ltr'>tales,</span> <span class='ocrx_word' id='word_1_43' title='bbox 365 913 411 962; x_wconf 91' lang='lat' dir='ltr'>sed</span> <span class='ocrx_word' id='word_1_44' title='bbox 434 921 460 962; x_wconf 91' lang='lat' dir='ltr'>et</span> <span class='ocrx_word' id='word_1_45' title='bbox 480 921 542 960; x_wconf 88' lang='lat' dir='ltr'>ante</span> <span class='ocrx_word' id='word_1_46' title='bbox 558 911 679 960; x_wconf 91' lang='lat' dir='ltr'>donatio·</span> 
     </span>
     <span class='ocr_line' id='line_1_10' title="bbox 144 980 679 1047; baseline 0.006 -19"><span class='ocrx_word' id='word_1_47' title='bbox 144 995 206 1029; x_wconf 89' lang='lat' dir='ltr'>nem</span> <span class='ocrx_word' id='word_1_48' title='bbox 222 980 330 1031; x_wconf 88' lang='lat' dir='ltr'>fuerunt</span> <span class='ocrx_word' id='word_1_49' title='bbox 342 981 558 1047; x_wconf 80' lang='lat' dir='ltr'>perseverabiles,</span> <span class='ocrx_word' id='word_1_50' title='bbox 573 992 599 1032; x_wconf 91' lang='lat' dir='ltr'>et</span> <span class='ocrx_word' id='word_1_51' title='bbox 618 990 679 1047; x_wconf 92' lang='lat' dir='ltr'>post</span> 
     </span>
     <span class='ocr_line' id='line_1_11' title="bbox 145 1051 678 1119; baseline 0.009 -19"><span class='ocrx_word' id='word_1_52' title='bbox 145 1051 281 1103; x_wconf 91' lang='lat' dir='ltr'>dationem</span> <span class='ocrx_word' id='word_1_53' title='bbox 303 1054 379 1119; x_wconf 87' lang='lat' dir='ltr'>grati.</span> <span class='ocrx_word' id='word_1_54' title='bbox 404 1056 460 1105; x_wconf 92' lang='lat' dir='ltr'>Hos</span> <span class='ocrx_word' id='word_1_55' title='bbox 482 1064 508 1104; x_wconf 92' lang='lat' dir='ltr'>et</span> <span class='ocrx_word' id='word_1_56' title='bbox 534 1070 584 1104; x_wconf 90' lang='lat' dir='ltr'>nos</span> <span class='ocrx_word' id='word_1_57' title='bbox 606 1055 678 1105; x_wconf 89' lang='lat' dir='ltr'>zele-</span> 
     </span>
     <span class='ocr_line' id='line_1_12' title="bbox 146 1124 678 1175; baseline 0.008 -4"><span class='ocrx_word' id='word_1_58' title='bbox 146 1138 216 1172; x_wconf 88' lang='lat' dir='ltr'>mur.</span> <span class='ocrx_word' id='word_1_59' title='bbox 239 1124 351 1173; x_wconf 85' lang='lat' dir='ltr'>Etiamsi</span> <span class='ocrx_word' id='word_1_60' title='bbox 375 1125 516 1175; x_wconf 84' lang='lat' dir='ltr'>tardaverit</span> <span class='ocrx_word' id='word_1_61' title='bbox 540 1125 678 1175; x_wconf 89' lang='lat' dir='ltr'>dationem</span> 
     </span>
     <span class='ocr_line' id='line_1_13' title="bbox 145 1197 679 1266; baseline 0.007 -20"><span class='ocrx_word' id='word_1_62' title='bbox 145 1197 226 1261; x_wconf 85' lang='lat' dir='ltr'>Deus,</span> <span class='ocrx_word' id='word_1_63' title='bbox 242 1198 347 1248; x_wconf 89' lang='lat' dir='ltr'>etiamsi</span> <span class='ocrx_word' id='word_1_64' title='bbox 367 1199 445 1249; x_wconf 91' lang='lat' dir='ltr'>multi</span> <span class='ocrx_word' id='word_1_65' title='bbox 459 1199 515 1250; x_wconf 89' lang='lat' dir='ltr'>sint</span> <span class='ocrx_word' id='word_1_66' title='bbox 529 1199 577 1266; x_wconf 91' lang='lat' dir='ltr'>qui</span> <span class='ocrx_word' id='word_1_67' title='bbox 591 1200 679 1250; x_wconf 91' lang='lat' dir='ltr'>abdu-</span> 
     </span>
     <span class='ocr_line' id='line_1_14' title="bbox 145 1269 678 1336; baseline 0.008 -19"><span class='ocrx_word' id='word_1_68' title='bbox 145 1279 215 1328; x_wconf 87' lang='lat' dir='ltr'><strong>cant,</strong></span> <span class='ocrx_word' id='word_1_69' title='bbox 241 1284 273 1319; x_wconf 89' lang='lat' dir='ltr'>ne</span> <span class='ocrx_word' id='word_1_70' title='bbox 294 1269 455 1320; x_wconf 83' lang='lat' dir='ltr'>desistamus</span> <span class='ocrx_word' id='word_1_71' title='bbox 480 1281 616 1336; x_wconf 89' lang='lat' dir='ltr'>petentes;</span> <span class='ocrx_word' id='word_1_72' title='bbox 640 1271 678 1321; x_wconf 92' lang='lat' dir='ltr'>sic</span> 
     </span>
     <span class='ocr_line' id='line_1_15' title="bbox 145 1339 678 1393; baseline 0.006 -4"><span class='ocrx_word' id='word_1_73' title='bbox 145 1339 219 1389; x_wconf 91' lang='lat' dir='ltr'>enim</span> <span class='ocrx_word' id='word_1_74' title='bbox 244 1340 361 1390; x_wconf 82' lang='lat' dir='ltr'>maxime</span> <span class='ocrx_word' id='word_1_75' title='bbox 391 1342 478 1391; x_wconf 91' lang='lat' dir='ltr'>Deum</span> <span class='ocrx_word' id='word_1_76' title='bbox 506 1341 678 1393; x_wconf 88' lang='lat' dir='ltr'>attrahemus.</span> 
     </span>
     <span class='ocr_line' id='line_1_16' title="bbox 145 1409 680 1478; baseline 0.009 -21"><span class='ocrx_word' id='word_1_77' title='bbox 145 1409 213 1458; x_wconf 90' lang='lat' dir='ltr'>Vide</span> <span class='ocrx_word' id='word_1_78' title='bbox 234 1409 325 1475; x_wconf 91' lang='lat' dir='ltr'>itaque</span> <span class='ocrx_word' id='word_1_79' title='bbox 342 1420 368 1460; x_wconf 90' lang='lat' dir='ltr'>et</span> <span class='ocrx_word' id='word_1_80' title='bbox 391 1411 436 1462; x_wconf 92' lang='lat' dir='ltr'>hic</span> <span class='ocrx_word' id='word_1_81' title='bbox 458 1412 574 1478; x_wconf 88' lang='lat' dir='ltr'>qualiter</span> <span class='ocrx_word' id='word_1_82' title='bbox 598 1412 680 1462; x_wconf 91' lang='lat' dir='ltr'>vehe-</span> 
     </span>
     <span class='ocr_line' id='line_1_17' title="bbox 107 1482 680 1550; baseline 0.01 -23"><span class='ocrx_word' id='word_1_83' title='bbox 107 1545 110 1550; x_wconf 28' lang='grc' dir='ltr'>ι</span> <span class='ocrx_word' id='word_1_84' title='bbox 145 1488 262 1529; x_wconf 90' lang='lat' dir='ltr'>mentem</span> <span class='ocrx_word' id='word_1_85' title='bbox 288 1496 382 1531; x_wconf 90' lang='lat' dir='ltr'>eorum</span> <span class='ocrx_word' id='word_1_86' title='bbox 409 1482 680 1548; x_wconf 86' lang='lat' dir='ltr'>concupiscentiam,</span> 
     </span>
     <span class='ocr_line' id='line_1_18' title="bbox 146 1551 680 1618; baseline 0.011 -19"><span class='ocrx_word' id='word_1_87' title='bbox 146 1566 202 1600; x_wconf 92' lang='lat' dir='ltr'>non</span> <span class='ocrx_word' id='word_1_88' title='bbox 224 1551 323 1618; x_wconf 92' lang='lat' dir='ltr'>inopia,</span> <span class='ocrx_word' id='word_1_89' title='bbox 346 1569 401 1603; x_wconf 91' lang='lat' dir='ltr'>non</span> <span class='ocrx_word' id='word_1_90' title='bbox 423 1554 536 1615; x_wconf 84' lang='lat' dir='ltr'>caecitas,</span> <span class='ocrx_word' id='word_1_91' title='bbox 554 1571 608 1604; x_wconf 91' lang='lat' dir='ltr'>non</span> <span class='ocrx_word' id='word_1_92' title='bbox 630 1570 680 1605; x_wconf 94' lang='lat' dir='ltr'>au-</span> 
     </span>
     <span class='ocr_line' id='line_1_19' title="bbox 146 1620 682 1690; baseline 0.009 -20"><span class='ocrx_word' id='word_1_93' title='bbox 146 1620 208 1680; x_wconf 90' lang='lat' dir='ltr'>diri,</span> <span class='ocrx_word' id='word_1_94' title='bbox 237 1637 291 1671; x_wconf 94' lang='lat' dir='ltr'>non</span> <span class='ocrx_word' id='word_1_95' title='bbox 312 1638 327 1672; x_wconf 92' lang='lat' dir='ltr'>a</span> <span class='ocrx_word' id='word_1_96' title='bbox 350 1624 438 1674; x_wconf 92' lang='lat' dir='ltr'>turbis</span> <span class='ocrx_word' id='word_1_97' title='bbox 462 1624 602 1690; x_wconf 88' lang='lat' dir='ltr'>increpari,</span> <span class='ocrx_word' id='word_1_98' title='bbox 627 1641 682 1675; x_wconf 93' lang='lat' dir='ltr'>non</span> 
     </span>
     <span class='ocr_line' id='line_1_20' title="bbox 146 1692 682 1762; baseline 0.015 -21"><span class='ocrx_word' id='word_1_99' title='bbox 146 1692 249 1759; x_wconf 92' lang='lat' dir='ltr'>aliquid</span> <span class='ocrx_word' id='word_1_100' title='bbox 268 1695 351 1755; x_wconf 90' lang='lat' dir='ltr'>aliud,</span> <span class='ocrx_word' id='word_1_101' title='bbox 374 1697 523 1762; x_wconf 90' lang='lat' dir='ltr'>prohibuit.</span> <span class='ocrx_word' id='word_1_102' title='bbox 544 1698 618 1748; x_wconf 88' lang='lat' dir='ltr'>Talis</span> <span class='ocrx_word' id='word_1_103' title='bbox 642 1709 682 1749; x_wconf 90' lang='lat' dir='ltr'>est</span> 
     </span>
     <span class='ocr_line' id='line_1_21' title="bbox 147 1766 682 1822; baseline 0.015 -8"><span class='ocrx_word' id='word_1_104' title='bbox 147 1766 238 1816; x_wconf 89' lang='lat' dir='ltr'>anima</span> <span class='ocrx_word' id='word_1_105' title='bbox 263 1766 370 1819; x_wconf 89' lang='lat' dir='ltr'>fervens</span> <span class='ocrx_word' id='word_1_106' title='bbox 395 1779 421 1820; x_wconf 92' lang='lat' dir='ltr'>et</span> <span class='ocrx_word' id='word_1_107' title='bbox 443 1769 472 1820; x_wconf 93' lang='lat' dir='ltr'>in</span> <span class='ocrx_word' id='word_1_108' title='bbox 498 1771 588 1822; x_wconf 85' lang='lat' dir='ltr'>labore·</span> <span class='ocrx_word' id='word_1_109' title='bbox 614 1788 682 1822; x_wconf 91' lang='lat' dir='ltr'>ver-</span> 
     </span>
     <span class='ocr_line' id='line_1_22' title="bbox 147 1840 682 1907; baseline 0.011 -20"><span class='ocrx_word' id='word_1_110' title='bbox 147 1852 210 1887; x_wconf 89' lang='lat' dir='ltr'>sans</span> <span class='ocrx_word' id='word_1_111' title='bbox 235 1855 241 1887; x_wconf 92' lang='lat'>:</span> <span class='ocrx_word' id='word_1_112' title='bbox 267 1858 280 1885; x_wconf 79' lang='lat' dir='ltr'>u</span> <span class='ocrx_word' id='word_1_113' title='bbox 304 1840 360 1890; x_wconf 85' lang='lat' dir='ltr'>haec</span> <span class='ocrx_word' id='word_1_114' title='bbox 392 1841 615 1907; x_wconf 78' lang='lat' dir='ltr'>Chrysostomus.</span> <span class='ocrx_word' id='word_1_115' title='bbox 640 1844 682 1893; x_wconf 91' lang='lat' dir='ltr'>Tu</span> 
     </span>
     <span class='ocr_line' id='line_1_23' title="bbox 148 1909 681 1974; baseline 0.013 -16"><span class='ocrx_word' id='word_1_116' title='bbox 148 1924 211 1974; x_wconf 81' lang='lat' dir='ltr'>crgo</span> <span class='ocrx_word' id='word_1_117' title='bbox 229 1909 347 1960; x_wconf 84' lang='lat' dir='ltr'>existens</span> <span class='ocrx_word' id='word_1_118' title='bbox 365 1922 438 1962; x_wconf 90' lang='lat' dir='ltr'>extra</span> <span class='ocrx_word' id='word_1_119' title='bbox 454 1913 529 1962; x_wconf 91' lang='lat' dir='ltr'>viam</span> <span class='ocrx_word' id='word_1_120' title='bbox 545 1925 571 1964; x_wconf 90' lang='lat' dir='ltr'>et</span> <span class='ocrx_word' id='word_1_121' title='bbox 585 1930 681 1974; x_wconf 86' lang='lat' dir='ltr'>caecus,</span> 
     </span>
     <span class='ocr_line' id='line_1_24' title="bbox 147 1979 684 2042; baseline 0.015 -15"><span class='ocrx_word' id='word_1_122' title='bbox 147 1979 233 2029; x_wconf 87' lang='lat' dir='ltr'>clama</span> <span class='ocrx_word' id='word_1_123' title='bbox 255 1982 287 2029; x_wconf 93' lang='lat' dir='ltr'>ad</span> <span class='ocrx_word' id='word_1_124' title='bbox 308 1982 411 2042; x_wconf 83' lang='lat' dir='ltr'>lesum,</span> <span class='ocrx_word' id='word_1_125' title='bbox 426 1994 456 2033; x_wconf 93' lang='lat' dir='ltr'>ut</span> <span class='ocrx_word' id='word_1_126' title='bbox 477 1993 503 2033; x_wconf 91' lang='lat' dir='ltr'>te</span> <span class='ocrx_word' id='word_1_127' title='bbox 528 1984 684 2036; x_wconf 89' lang='lat' dir='ltr'>illuminare</span> 
     </span>
     <span class='ocr_line' id='line_1_25' title="bbox 147 2051 684 2117; baseline 0.011 -18"><span class='ocrx_word' id='word_1_128' title='bbox 147 2051 274 2117; x_wconf 85' lang='lat' dir='ltr'>dignetur</span> <span class='ocrx_word' id='word_1_129' title='bbox 286 2054 318 2101; x_wconf 90' lang='lat' dir='ltr'>ad</span> <span class='ocrx_word' id='word_1_130' title='bbox 326 2053 415 2117; x_wconf 89' lang='lat' dir='ltr'>ipsum</span> <span class='ocrx_word' id='word_1_131' title='bbox 422 2053 581 2115; x_wconf 88' lang='lat' dir='ltr'>videndum,</span> <span class='ocrx_word' id='word_1_132' title='bbox 592 2071 621 2105; x_wconf 88' lang='lat' dir='ltr'>ac</span> <span class='ocrx_word' id='word_1_133' title='bbox 632 2054 684 2106; x_wconf 88' lang='lat' dir='ltr'>fide</span> 
     </span>
     <span class='ocr_line' id='line_1_26' title="bbox 147 2121 684 2190; baseline 0.013 -21"><span class='ocrx_word' id='word_1_134' title='bbox 147 2130 174 2170; x_wconf 89' lang='lat' dir='ltr'>et</span> <span class='ocrx_word' id='word_1_135' title='bbox 186 2121 337 2172; x_wconf 89' lang='lat' dir='ltr'>imitatione</span> <span class='ocrx_word' id='word_1_136' title='bbox 355 2125 534 2190; x_wconf 87' lang='lat' dir='ltr'>sequendum,</span> <span class='ocrx_word' id='word_1_137' title='bbox 553 2125 684 2190; x_wconf 90' lang='lat' dir='ltr'>quiahoc</span> 
     </span>
     <span class='ocr_line' id='line_1_27' title="bbox 147 2194 683 2258; baseline 0.013 -18"><span class='ocrx_word' id='word_1_138' title='bbox 147 2194 280 2258; x_wconf 64' lang='lat' dir='ltr'>praecipue</span> <span class='ocrx_word' id='word_1_139' title='bbox 289 2204 329 2243; x_wconf 90' lang='lat' dir='ltr'>est</span> <span class='ocrx_word' id='word_1_140' title='bbox 339 2196 416 2245; x_wconf 91' lang='lat' dir='ltr'>nobis</span> <span class='ocrx_word' id='word_1_141' title='bbox 427 2197 619 2248; x_wconf 87' lang='lat' dir='ltr'>necessarium.</span> <span class='ocrx_word' id='word_1_142' title='bbox 630 2197 683 2248; x_wconf 94' lang='lat' dir='ltr'>Ubi</span> 
     </span>
     <span class='ocr_line' id='line_1_28' title="bbox 147 2264 680 2332; baseline 0.013 -19"><span class='ocrx_word' id='word_1_143' title='bbox 147 2264 340 2328; x_wconf 81' lang='lat' dir='ltr'>Augustinus:</span> <span class='ocrx_word' id='word_1_144' title='bbox 356 2285 369 2311; x_wconf 72' lang='grc' dir='ltr'>α</span> <span class='ocrx_word' id='word_1_145' title='bbox 385 2267 453 2317; x_wconf 90' lang='lat' dir='ltr'>Tota</span> <span class='ocrx_word' id='word_1_146' title='bbox 467 2267 559 2332; x_wconf 87' lang='lat' dir='ltr'>igitur,</span> <span class='ocrx_word' id='word_1_147' title='bbox 576 2267 680 2330; x_wconf 89' lang='lat' dir='ltr'>fratres,</span> 
     </span>
     <span class='ocr_line' id='line_1_29' title="bbox 148 2337 682 2399; baseline 0.017 -17"><span class='ocrx_word' id='word_1_148' title='bbox 148 2350 228 2399; x_wconf 88' lang='lat' dir='ltr'>opera</span> <span class='ocrx_word' id='word_1_149' title='bbox 241 2346 330 2386; x_wconf 91' lang='lat' dir='ltr'>nostra</span> <span class='ocrx_word' id='word_1_150' title='bbox 355 2337 384 2386; x_wconf 92' lang='lat' dir='ltr'>in</span> <span class='ocrx_word' id='word_1_151' title='bbox 402 2337 451 2388; x_wconf 91' lang='lat' dir='ltr'>hac</span> <span class='ocrx_word' id='word_1_152' title='bbox 464 2340 518 2389; x_wconf 90' lang='lat' dir='ltr'>vita</span> <span class='ocrx_word' id='word_1_153' title='bbox 531 2350 571 2389; x_wconf 91' lang='lat' dir='ltr'>est</span> <span class='ocrx_word' id='word_1_154' title='bbox 590 2356 682 2392; x_wconf 91' lang='lat' dir='ltr'>sanare</span> 
     </span>
     <span class='ocr_line' id='line_1_30' title="bbox 147 2407 683 2468; baseline 0.019 -14"><span class='ocrx_word' id='word_1_155' title='bbox 147 2407 257 2455; x_wconf 87' lang='lat' dir='ltr'>oculum</span> <span class='ocrx_word' id='word_1_156' title='bbox 270 2408 367 2468; x_wconf 88' lang='lat' dir='ltr'>cordis,</span> <span class='ocrx_word' id='word_1_157' title='bbox 378 2410 451 2460; x_wconf 87' lang='lat' dir='ltr'>unde</span> <span class='ocrx_word' id='word_1_158' title='bbox 466 2411 588 2462; x_wconf 88' lang='lat' dir='ltr'>videatur</span> <span class='ocrx_word' id='word_1_159' title='bbox 600 2413 683 2464; x_wconf 89' lang='lat' dir='ltr'>Deus.</span> 
     </span>
     <span class='ocr_line' id='line_1_31' title="bbox 148 2478 682 2550; baseline 0.013 -22"><span class='ocrx_word' id='word_1_160' title='bbox 148 2478 189 2528; x_wconf 82' lang='lat' dir='ltr'>nd</span> <span class='ocrx_word' id='word_1_161' title='bbox 210 2479 271 2540; x_wconf 89' lang='lat' dir='ltr'>hoc,</span> <span class='ocrx_word' id='word_1_162' title='bbox 287 2491 455 2533; x_wconf 89' lang='lat' dir='ltr'>sacrosancta</span> <span class='ocrx_word' id='word_1_163' title='bbox 471 2484 599 2550; x_wconf 89' lang='lat' dir='ltr'>mysteria</span> <span class='ocrx_word' id='word_1_164' title='bbox 610 2485 682 2535; x_wconf 92' lang='lat' dir='ltr'>cele-</span> 
     </span>
     <span class='ocr_line' id='line_1_32' title="bbox 149 2549 684 2621; baseline 0.011 -22"><span class='ocrx_word' id='word_1_165' title='bbox 149 2549 276 2614; x_wconf 76' lang='lat' dir='ltr'>brantur3</span> <span class='ocrx_word' id='word_1_166' title='bbox 293 2552 325 2601; x_wconf 90' lang='lat' dir='ltr'>ad</span> <span class='ocrx_word' id='word_1_167' title='bbox 335 2552 395 2616; x_wconf 90' lang='lat' dir='ltr'>hoc,</span> <span class='ocrx_word' id='word_1_168' title='bbox 406 2568 494 2604; x_wconf 91' lang='lat' dir='ltr'>sermo</span> <span class='ocrx_word' id='word_1_169' title='bbox 504 2554 552 2604; x_wconf 89' lang='lat' dir='ltr'>Dei</span> <span class='ocrx_word' id='word_1_170' title='bbox 561 2555 684 2621; x_wconf 86' lang='lat' dir='ltr'>praedica-</span> 
     </span>
     <span class='ocr_line' id='line_1_33' title="bbox 149 2623 682 2688; baseline 0.015 -17"><span class='ocrx_word' id='word_1_171' title='bbox 149 2630 208 2684; x_wconf 85' lang='lat' dir='ltr'>tur3</span> <span class='ocrx_word' id='word_1_172' title='bbox 219 2623 252 2672; x_wconf 96' lang='lat' dir='ltr'>ad</span> <span class='ocrx_word' id='word_1_173' title='bbox 269 2625 330 2682; x_wconf 86' lang='lat' dir='ltr'>hoc,</span> <span class='ocrx_word' id='word_1_174' title='bbox 341 2625 542 2678; x_wconf 83' lang='lat' dir='ltr'>exhortationes</span> <span class='ocrx_word' id='word_1_175' title='bbox 558 2629 682 2688; x_wconf 87' lang='lat' dir='ltr'>morales,</span> 
     </span>
     <span class='ocr_line' id='line_1_34' title="bbox 147 2691 683 2764; baseline 0.017 -24"><span class='ocrx_word' id='word_1_176' title='bbox 147 2691 175 2740; x_wconf 89' lang='lat' dir='ltr'>id</span> <span class='ocrx_word' id='word_1_177' title='bbox 201 2703 240 2742; x_wconf 90' lang='lat' dir='ltr'>est</span> <span class='ocrx_word' id='word_1_178' title='bbox 259 2696 428 2759; x_wconf 87' lang='lat' dir='ltr'>pertinentes</span> <span class='ocrx_word' id='word_1_179' title='bbox 452 2698 485 2746; x_wconf 91' lang='lat' dir='ltr'>ad</span> <span class='ocrx_word' id='word_1_180' title='bbox 508 2699 683 2764; x_wconf 90' lang='lat' dir='ltr'>corrigendos</span> 
     </span>
     <span class='ocr_line' id='line_1_35' title="bbox 149 2765 684 2824; baseline 0.021 -13"><span class='ocrx_word' id='word_1_181' title='bbox 149 2777 247 2824; x_wconf 78' lang='lat' dir='ltr'>moreS,</span> <span class='ocrx_word' id='word_1_182' title='bbox 279 2765 312 2814; x_wconf 89' lang='lat' dir='ltr'>ad</span> <span class='ocrx_word' id='word_1_183' title='bbox 344 2768 523 2819; x_wconf 88' lang='lat' dir='ltr'>emendandas</span> <span class='ocrx_word' id='word_1_184' title='bbox 561 2772 684 2821; x_wconf 88' lang='lat' dir='ltr'>carnales</span> 
     </span>
     <span class='ocr_line' id='line_1_36' title="bbox 148 2834 684 2902; baseline 0.021 -21"><span class='ocrx_word' id='word_1_185' title='bbox 148 2834 387 2899; x_wconf 87' lang='lat' dir='ltr'>concupiscentias,</span> <span class='ocrx_word' id='word_1_186' title='bbox 403 2838 436 2887; x_wconf 90' lang='lat' dir='ltr'>ad</span> <span class='ocrx_word' id='word_1_187' title='bbox 456 2840 684 2902; x_wconf 89' lang='lat' dir='ltr'>renuntiandum,</span> 
     </span>
     <span class='ocr_line' id='line_1_37' title="bbox 151 2911 682 2976; baseline 0.019 -24"><span class='ocrx_word' id='word_1_188' title='bbox 151 2919 206 2953; x_wconf 91' lang='lat' dir='ltr'>non</span> <span class='ocrx_word' id='word_1_189' title='bbox 221 2921 284 2956; x_wconf 89' lang='lat' dir='ltr'>voce</span> <span class='ocrx_word' id='word_1_190' title='bbox 301 2918 416 2968; x_wconf 88' lang='lat' dir='ltr'>tantum,</span> <span class='ocrx_word' id='word_1_191' title='bbox 439 2911 485 2961; x_wconf 88' lang='lat' dir='ltr'>sed</span> <span class='ocrx_word' id='word_1_192' title='bbox 504 2922 605 2962; x_wconf 88' lang='lat' dir='ltr'>mutata</span> <span class='ocrx_word' id='word_1_193' title='bbox 620 2912 682 2976; x_wconf 92' lang='lat' dir='ltr'>vita,</span> 
     </span>
     <span class='ocr_line' id='line_1_38' title="bbox 149 2974 684 3051; baseline 0.021 -27"><span class='ocrx_word' id='word_1_194' title='bbox 149 2974 215 3025; x_wconf 92' lang='lat' dir='ltr'>huic</span> <span class='ocrx_word' id='word_1_195' title='bbox 234 2981 324 3028; x_wconf 90' lang='lat' dir='ltr'>seculo</span> <span class='ocrx_word' id='word_1_196' title='bbox 332 2995 340 3042; x_wconf 89' lang='lat'>;</span> <span class='ocrx_word' id='word_1_197' title='bbox 363 2982 395 3030; x_wconf 94' lang='lat' dir='ltr'>ad</span> <span class='ocrx_word' id='word_1_198' title='bbox 423 2981 474 3033; x_wconf 91' lang='lat' dir='ltr'>hoc</span> <span class='ocrx_word' id='word_1_199' title='bbox 495 2995 586 3049; x_wconf 87' lang='lat' dir='ltr'>agunt,</span> <span class='ocrx_word' id='word_1_200' title='bbox 601 2983 684 3051; x_wconf 89' lang='lat' dir='ltr'>quid-</span> 
     </span>
     <span class='ocr_line' id='line_1_39' title="bbox 148 3046 682 3122; baseline 0.019 -27"><span class='ocrx_word' id='word_1_201' title='bbox 148 3046 215 3110; x_wconf 90' lang='lat' dir='ltr'>quid</span> <span class='ocrx_word' id='word_1_202' title='bbox 230 3059 322 3114; x_wconf 88' lang='lat' dir='ltr'>agunt,</span> <span class='ocrx_word' id='word_1_203' title='bbox 337 3051 437 3102; x_wconf 88' lang='lat' dir='ltr'>divinae</span> <span class='ocrx_word' id='word_1_204' title='bbox 452 3069 586 3122; x_wconf 87' lang='lat' dir='ltr'>sacraeque</span> <span class='ocrx_word' id='word_1_205' title='bbox 607 3055 682 3105; x_wconf 91' lang='lat' dir='ltr'>litte-</span> 
     </span>
     <span class='ocr_line' id='line_1_40' title="bbox 149 3124 682 3186; baseline 0.021 -20"><span class='ocrx_word' id='word_1_206' title='bbox 149 3131 195 3177; x_wconf 89' lang='lat' dir='ltr'>rae,</span> <span class='ocrx_word' id='word_1_207' title='bbox 209 3129 240 3168; x_wconf 90' lang='lat' dir='ltr'>ut</span> <span class='ocrx_word' id='word_1_208' title='bbox 255 3132 384 3186; x_wconf 83' lang='lat' dir='ltr'>purgetur</span> <span class='ocrx_word' id='word_1_209' title='bbox 395 3124 462 3174; x_wconf 91' lang='lat' dir='ltr'>illud</span> <span class='ocrx_word' id='word_1_210' title='bbox 476 3125 591 3176; x_wconf 91' lang='lat' dir='ltr'>interius</span> <span class='ocrx_word' id='word_1_211' title='bbox 604 3127 636 3177; x_wconf 93' lang='lat' dir='ltr'>ab</span> <span class='ocrx_word' id='word_1_212' title='bbox 652 3140 682 3176; x_wconf 82' lang='lat' dir='ltr'>ea</span> 
     </span>
     <span class='ocr_line' id='line_1_41' title="bbox 149 3194 681 3264; baseline 0.021 -25"><span class='ocrx_word' id='word_1_213' title='bbox 149 3204 178 3240; x_wconf 89' lang='lat' dir='ltr'>re</span> <span class='ocrx_word' id='word_1_214' title='bbox 203 3206 265 3256; x_wconf 85' lang='lat' dir='ltr'>quae</span> <span class='ocrx_word' id='word_1_215' title='bbox 294 3209 344 3242; x_wconf 91' lang='lat' dir='ltr'>nos</span> <span class='ocrx_word' id='word_1_216' title='bbox 371 3194 486 3260; x_wconf 89' lang='lat' dir='ltr'>impedit</span> <span class='ocrx_word' id='word_1_217' title='bbox 510 3199 543 3248; x_wconf 91' lang='lat' dir='ltr'>ab</span> <span class='ocrx_word' id='word_1_218' title='bbox 570 3207 681 3264; x_wconf 88' lang='lat' dir='ltr'>aspectu</span> 
     </span>
     <span class='ocr_line' id='line_1_42' title="bbox 149 3262 686 3331; baseline 0.02 -20"><span class='ocrx_word' id='word_1_219' title='bbox 149 3262 198 3312; x_wconf 88' lang='lat' dir='ltr'>Dei</span> <span class='ocrx_word' id='word_1_220' title='bbox 214 3279 221 3311; x_wconf 90' lang='lat'>:</span> <span class='ocrx_word' id='word_1_221' title='bbox 236 3264 318 3314; x_wconf 81' lang='lat' dir='ltr'>nhaec</span> <span class='ocrx_word' id='word_1_222' title='bbox 327 3266 506 3331; x_wconf 67' lang='lat' dir='ltr'>Augustinus</span> <span class='ocrx_word' id='word_1_223' title='bbox 519 3270 571 3320; x_wconf 91' lang='lat' dir='ltr'>Ubi</span> <span class='ocrx_word' id='word_1_224' title='bbox 584 3281 610 3321; x_wconf 90' lang='lat' dir='ltr'>et</span> <span class='ocrx_word' id='word_1_225' title='bbox 623 3270 686 3321; x_wconf 88' lang='lat' dir='ltr'>Ori·</span> 
     </span>
     <span class='ocr_line' id='line_1_43' title="bbox 149 3335 686 3404; baseline 0.015 -21"><span class='ocrx_word' id='word_1_226' title='bbox 149 3347 253 3400; x_wconf 77' lang='lat' dir='ltr'>genes:</span> <span class='ocrx_word' id='word_1_227' title='bbox 271 3354 284 3381; x_wconf 79' lang='lat' dir='ltr'>u</span> <span class='ocrx_word' id='word_1_228' title='bbox 301 3335 333 3385; x_wconf 83' lang='lat' dir='ltr'>Et</span> <span class='ocrx_word' id='word_1_229' title='bbox 346 3351 396 3385; x_wconf 90' lang='lat' dir='ltr'>nos</span> <span class='ocrx_word' id='word_1_230' title='bbox 411 3352 474 3403; x_wconf 88' lang='lat' dir='ltr'>ergo</span> <span class='ocrx_word' id='word_1_231' title='bbox 490 3340 614 3390; x_wconf 89' lang='lat' dir='ltr'>sedentes</span> <span class='ocrx_word' id='word_1_232' title='bbox 627 3341 686 3404; x_wconf 87' lang='lat' dir='ltr'>jux·</span> 
     </span>
     <span class='ocr_line' id='line_1_44' title="bbox 149 3408 684 3473; baseline 0.006 -15"><span class='ocrx_word' id='word_1_233' title='bbox 149 3418 176 3458; x_wconf 91' lang='lat' dir='ltr'>ta</span> <span class='ocrx_word' id='word_1_234' title='bbox 200 3408 400 3473; x_wconf 75' lang='lat' dir='ltr'>scripturarum</span> <span class='ocrx_word' id='word_1_235' title='bbox 425 3409 507 3470; x_wconf 91' lang='lat' dir='ltr'>viam,</span> <span class='ocrx_word' id='word_1_236' title='bbox 535 3420 561 3460; x_wconf 87' lang='lat' dir='ltr'>et</span> <span class='ocrx_word' id='word_1_237' title='bbox 582 3411 684 3462; x_wconf 90' lang='lat' dir='ltr'>intelli-</span> 
     </span>
     <span class='ocr_line' id='line_1_45' title="bbox 150 3478 683 3545; baseline 0.002 -15"><span class='ocrx_word' id='word_1_238' title='bbox 150 3488 243 3545; x_wconf 86' lang='lat' dir='ltr'>gentes</span> <span class='ocrx_word' id='word_1_239' title='bbox 255 3479 283 3529; x_wconf 91' lang='lat' dir='ltr'>in</span> <span class='ocrx_word' id='word_1_240' title='bbox 296 3479 395 3545; x_wconf 89' lang='lat' dir='ltr'>quibus</span> <span class='ocrx_word' id='word_1_241' title='bbox 413 3478 473 3530; x_wconf 86' lang='lat' dir='ltr'>caeci</span> <span class='ocrx_word' id='word_1_242' title='bbox 489 3495 593 3544; x_wconf 89' lang='lat' dir='ltr'>sumus,</span> <span class='ocrx_word' id='word_1_243' title='bbox 612 3481 634 3531; x_wconf 91' lang='lat' dir='ltr'>si</span> <span class='ocrx_word' id='word_1_244' title='bbox 649 3482 683 3532; x_wconf 86' lang='lat' dir='ltr'>ab</span> 
     </span>
    </p>
   </div>
   <div class='ocr_carea' id='block_1_4' title="bbox 420 289 970 344">
    <p class='ocr_par' dir='ltr' id='par_1_4' title="bbox 420 289 970 344">
     <span class='ocr_line' id='line_1_46' title="bbox 420 289 970 344; baseline 0.004 -2"><span class='ocrx_word' id='word_1_245' title='bbox 420 291 592 342; x_wconf 85' lang='lat' dir='ltr'>SECUNDAE</span> <span class='ocrx_word' id='word_1_246' title='bbox 607 289 731 341; x_wconf 83' lang='lat' dir='ltr'>PARTIS</span> <span class='ocrx_word' id='word_1_247' title='bbox 747 290 863 342; x_wconf 80' lang='lat' dir='ltr'>CAPUT</span> <span class='ocrx_word' id='word_1_248' title='bbox 876 293 970 344; x_wconf 84' lang='lat' dir='ltr'>XXIV.</span> 
     </span>
    </p>
   </div>
   <div class='ocr_carea' id='block_1_5' title="bbox 727 405 1285 3476">
    <p class='ocr_par' dir='ltr' id='par_1_5' title="bbox 727 405 1271 904">
     <span class='ocr_line' id='line_1_47' title="bbox 728 405 1266 474; baseline 0.004 -18"><span class='ocrx_word' id='word_1_249' title='bbox 728 405 822 456; x_wconf 85' lang='lat' dir='ltr'>effectu</span> <span class='ocrx_word' id='word_1_250' title='bbox 854 407 1024 473; x_wconf 88' lang='lat' dir='ltr'>petierimus,</span> <span class='ocrx_word' id='word_1_251' title='bbox 1049 416 1141 474; x_wconf 88' lang='lat' dir='ltr'>tanget</span> <span class='ocrx_word' id='word_1_252' title='bbox 1171 406 1266 458; x_wconf 90' lang='lat' dir='ltr'>oculos</span> 
     </span>
     <span class='ocr_line' id='line_1_48' title="bbox 727 479 1271 540; baseline 0.007 -13"><span class='ocrx_word' id='word_1_253' title='bbox 727 479 880 530; x_wconf 88' lang='lat' dir='ltr'>animarum</span> <span class='ocrx_word' id='word_1_254' title='bbox 894 490 1056 540; x_wconf 88' lang='lat' dir='ltr'>nostrarum,</span> <span class='ocrx_word' id='word_1_255' title='bbox 1069 490 1096 530; x_wconf 89' lang='lat' dir='ltr'>et</span> <span class='ocrx_word' id='word_1_256' title='bbox 1110 481 1237 531; x_wconf 89' lang='lat' dir='ltr'>recedent</span> <span class='ocrx_word' id='word_1_257' title='bbox 1256 495 1271 531; x_wconf 90' lang='lat' dir='ltr'>a</span> 
     </span>
     <span class='ocr_line' id='line_1_49' title="bbox 729 549 1267 617; baseline 0.007 -19"><span class='ocrx_word' id='word_1_258' title='bbox 729 549 853 599; x_wconf 88' lang='lat' dir='ltr'>sensibus</span> <span class='ocrx_word' id='word_1_259' title='bbox 879 551 980 600; x_wconf 90' lang='lat' dir='ltr'>nostris</span> <span class='ocrx_word' id='word_1_260' title='bbox 1000 551 1118 601; x_wconf 88' lang='lat' dir='ltr'>tenebrae</span> <span class='ocrx_word' id='word_1_261' title='bbox 1138 550 1267 617; x_wconf 88' lang='lat' dir='ltr'>ignoran-</span> 
     </span>
     <span class='ocr_line' id='line_1_50' title="bbox 729 620 1264 690; baseline 0.004 -20"><span class='ocrx_word' id='word_1_262' title='bbox 729 620 783 680; x_wconf 83' lang='lat' dir='ltr'>tiae,</span> <span class='ocrx_word' id='word_1_263' title='bbox 798 632 829 671; x_wconf 90' lang='lat' dir='ltr'>ut</span> <span class='ocrx_word' id='word_1_264' title='bbox 842 637 904 673; x_wconf 87' lang='lat' dir='ltr'>eum</span> <span class='ocrx_word' id='word_1_265' title='bbox 914 622 1054 674; x_wconf 78' lang='lat' dir='ltr'>rideamus</span> <span class='ocrx_word' id='word_1_266' title='bbox 1067 633 1092 673; x_wconf 90' lang='lat' dir='ltr'>et</span> <span class='ocrx_word' id='word_1_267' title='bbox 1105 638 1264 690; x_wconf 87' lang='lat' dir='ltr'>sequamur,</span> 
     </span>
     <span class='ocr_line' id='line_1_51' title="bbox 730 693 1263 762; baseline 0.006 -20"><span class='ocrx_word' id='word_1_268' title='bbox 730 693 777 759; x_wconf 92' lang='lat' dir='ltr'>qui</span> <span class='ocrx_word' id='word_1_269' title='bbox 801 694 873 743; x_wconf 91' lang='lat' dir='ltr'>dedit</span> <span class='ocrx_word' id='word_1_270' title='bbox 896 695 975 744; x_wconf 89' lang='lat' dir='ltr'>nobis</span> <span class='ocrx_word' id='word_1_271' title='bbox 1000 710 1080 761; x_wconf 90' lang='lat' dir='ltr'>posse</span> <span class='ocrx_word' id='word_1_272' title='bbox 1095 695 1189 746; x_wconf 88' lang='lat' dir='ltr'>videre</span> <span class='ocrx_word' id='word_1_273' title='bbox 1200 710 1263 762; x_wconf 93' lang='lat' dir='ltr'>pro-</span> 
     </span>
     <span class='ocr_line' id='line_1_52' title="bbox 731 767 1267 836; baseline 0.004 -20"><span class='ocrx_word' id='word_1_274' title='bbox 731 777 790 832; x_wconf 89' lang='lat' dir='ltr'>pter</span> <span class='ocrx_word' id='word_1_275' title='bbox 804 767 875 817; x_wconf 92' lang='lat' dir='ltr'>nihil</span> <span class='ocrx_word' id='word_1_276' title='bbox 888 767 971 832; x_wconf 91' lang='lat' dir='ltr'>aliud,</span> <span class='ocrx_word' id='word_1_277' title='bbox 983 768 1035 818; x_wconf 90' lang='lat' dir='ltr'>nisi</span> <span class='ocrx_word' id='word_1_278' title='bbox 1050 778 1080 818; x_wconf 91' lang='lat' dir='ltr'>ut</span> <span class='ocrx_word' id='word_1_279' title='bbox 1094 783 1160 818; x_wconf 91' lang='lat' dir='ltr'>eum</span> <span class='ocrx_word' id='word_1_280' title='bbox 1169 783 1267 836; x_wconf 89' lang='lat' dir='ltr'>sequa-</span> 
     </span>
     <span class='ocr_line' id='line_1_53' title="bbox 731 839 1072 904; baseline 0.009 -18"><span class='ocrx_word' id='word_1_281' title='bbox 731 853 794 887; x_wconf 90' lang='lat' dir='ltr'>mur</span> <span class='ocrx_word' id='word_1_282' title='bbox 806 854 813 887; x_wconf 87' lang='lat'>:</span> <span class='ocrx_word' id='word_1_283' title='bbox 826 857 840 885; x_wconf 74' lang='lat' dir='ltr'>x</span> <span class='ocrx_word' id='word_1_284' title='bbox 853 839 910 889; x_wconf 87' lang='lat' dir='ltr'>haec</span> <span class='ocrx_word' id='word_1_285' title='bbox 926 839 1072 904; x_wconf 84' lang='lat' dir='ltr'>Origenes.</span> 
     </span>
    </p>

    <p class='ocr_par' dir='ltr' id='par_1_6' title="bbox 731 906 1285 3476">
     <span class='ocr_line' id='line_1_54' title="bbox 762 906 1268 961; baseline 0.002 -4"><span class='ocrx_word' id='word_1_286' title='bbox 762 906 779 957; x_wconf 84' lang='lat'>6</span> <span class='ocrx_word' id='word_1_287' title='bbox 794 910 912 959; x_wconf 78' lang='lat' dir='ltr'>Mvsrrca</span> <span class='ocrx_word' id='word_1_288' title='bbox 925 926 959 959; x_wconf 78' lang='lat' dir='ltr'>nn</span> <span class='ocrx_word' id='word_1_289' title='bbox 972 911 1071 960; x_wconf 73' lang='lat' dir='ltr'>Junmrs</span> <span class='ocrx_word' id='word_1_290' title='bbox 1085 926 1119 959; x_wconf 78' lang='lat' dir='ltr'>ar</span> <span class='ocrx_word' id='word_1_291' title='bbox 1136 925 1170 959; x_wconf 80' lang='lat' dir='ltr'>ott</span> <span class='ocrx_word' id='word_1_292' title='bbox 1183 923 1268 961; x_wconf 75' lang='lat' dir='ltr'>roru-</span> 
     </span>
     <span class='ocr_line' id='line_1_55' title="bbox 731 981 1270 1031; baseline 0.002 -3"><span class='ocrx_word' id='word_1_293' title='bbox 731 995 766 1028; x_wconf 77' lang='grc' dir='ltr'>ιο</span> <span class='ocrx_word' id='word_1_294' title='bbox 797 981 921 1031; x_wconf 75' lang='lat' dir='ltr'>Gnurrcr.</span> <span class='ocrx_word' id='word_1_295' title='bbox 948 1010 977 1018; x_wconf 99' lang='lat'>—</span> <span class='ocrx_word' id='word_1_296' title='bbox 1001 982 1054 1031; x_wconf 89' lang='lat' dir='ltr'>Per</span> <span class='ocrx_word' id='word_1_297' title='bbox 1086 982 1156 1031; x_wconf 93' lang='lat' dir='ltr'>duos</span> <span class='ocrx_word' id='word_1_298' title='bbox 1183 994 1270 1030; x_wconf 88' lang='lat' dir='ltr'>coecos</span> 
     </span>
     <span class='ocr_line' id='line_1_56' title="bbox 732 1049 1270 1117; baseline -0.004 -17"><span class='ocrx_word' id='word_1_299' title='bbox 732 1049 799 1100; x_wconf 90' lang='lat' dir='ltr'>istos</span> <span class='ocrx_word' id='word_1_300' title='bbox 810 1050 995 1116; x_wconf 86' lang='lat' dir='ltr'>significantur</span> <span class='ocrx_word' id='word_1_301' title='bbox 1007 1052 1061 1101; x_wconf 94' lang='lat' dir='ltr'>duo</span> <span class='ocrx_word' id='word_1_302' title='bbox 1074 1050 1181 1117; x_wconf 88' lang='lat' dir='ltr'>populi,</span> <span class='ocrx_word' id='word_1_303' title='bbox 1194 1049 1270 1100; x_wconf 85' lang='lat' dir='ltr'>scili-</span> 
     </span>
     <span class='ocr_line' id='line_1_57' title="bbox 731 1118 1267 1189; baseline -0.004 -19"><span class='ocrx_word' id='word_1_304' title='bbox 731 1131 771 1170; x_wconf 87' lang='lat' dir='ltr'>cet</span> <span class='ocrx_word' id='word_1_305' title='bbox 787 1137 794 1170; x_wconf 71' lang='grc' dir='ltr'>ι</span> <span class='ocrx_word' id='word_1_306' title='bbox 810 1121 942 1181; x_wconf 87' lang='lat' dir='ltr'>Gentiles,</span> <span class='ocrx_word' id='word_1_307' title='bbox 966 1121 1014 1188; x_wconf 93' lang='lat' dir='ltr'>qui</span> <span class='ocrx_word' id='word_1_308' title='bbox 1043 1130 1118 1171; x_wconf 87' lang='lat' dir='ltr'>erant</span> <span class='ocrx_word' id='word_1_309' title='bbox 1144 1118 1267 1189; x_wconf 78' lang='lat' dir='ltr'>excaecati</span> 
     </span>
     <span class='ocr_line' id='line_1_58' title="bbox 734 1190 1272 1258; baseline -0.002 -18"><span class='ocrx_word' id='word_1_310' title='bbox 734 1206 782 1258; x_wconf 87' lang='lat' dir='ltr'>per</span> <span class='ocrx_word' id='word_1_311' title='bbox 792 1190 990 1256; x_wconf 90' lang='lat' dir='ltr'>idololatriam;</span> <span class='ocrx_word' id='word_1_312' title='bbox 1007 1202 1034 1242; x_wconf 92' lang='lat' dir='ltr'>et</span> <span class='ocrx_word' id='word_1_313' title='bbox 1047 1191 1141 1251; x_wconf 87' lang='lat' dir='ltr'>Judaei,</span> <span class='ocrx_word' id='word_1_314' title='bbox 1155 1205 1204 1257; x_wconf 89' lang='lat' dir='ltr'>per</span> <span class='ocrx_word' id='word_1_315' title='bbox 1221 1190 1272 1239; x_wconf 90' lang='lat' dir='ltr'>do-</span> 
     </span>
     <span class='ocr_line' id='line_1_59' title="bbox 734 1260 1270 1327; baseline -0.007 -14"><span class='ocrx_word' id='word_1_316' title='bbox 734 1262 845 1313; x_wconf 90' lang='lat' dir='ltr'>ctrinam</span> <span class='ocrx_word' id='word_1_317' title='bbox 861 1277 1024 1327; x_wconf 87' lang='lat' dir='ltr'>perversam,</span> <span class='ocrx_word' id='word_1_318' title='bbox 1049 1263 1209 1312; x_wconf 89' lang='lat' dir='ltr'>mandatum</span> <span class='ocrx_word' id='word_1_319' title='bbox 1221 1260 1270 1311; x_wconf 87' lang='lat' dir='ltr'>Dei</span> 
     </span>
     <span class='ocr_line' id='line_1_60' title="bbox 734 1332 1272 1401; baseline -0.006 -16"><span class='ocrx_word' id='word_1_320' title='bbox 734 1335 959 1401; x_wconf 88' lang='lat' dir='ltr'>transgredientes</span> <span class='ocrx_word' id='word_1_321' title='bbox 982 1344 1091 1401; x_wconf 89' lang='lat' dir='ltr'>propter</span> <span class='ocrx_word' id='word_1_322' title='bbox 1113 1332 1272 1384; x_wconf 88' lang='lat' dir='ltr'>traditiones</span> 
     </span>
     <span class='ocr_line' id='line_1_61' title="bbox 735 1407 1271 1473; baseline -0.002 -17"><span class='ocrx_word' id='word_1_323' title='bbox 735 1407 898 1470; x_wconf 88' lang='lat' dir='ltr'>hominum;</span> <span class='ocrx_word' id='word_1_324' title='bbox 941 1408 989 1473; x_wconf 92' lang='lat' dir='ltr'>qui</span> <span class='ocrx_word' id='word_1_325' title='bbox 1023 1408 1152 1458; x_wconf 88' lang='lat' dir='ltr'>sedebant</span> <span class='ocrx_word' id='word_1_326' title='bbox 1195 1420 1271 1456; x_wconf 87' lang='lat' dir='ltr'>secus</span> 
     </span>
     <span class='ocr_line' id='line_1_62' title="bbox 734 1478 1270 1547; baseline -0.007 -16"><span class='ocrx_word' id='word_1_327' title='bbox 734 1481 814 1544; x_wconf 91' lang='lat' dir='ltr'>viam,</span> <span class='ocrx_word' id='word_1_328' title='bbox 826 1481 890 1547; x_wconf 90' lang='lat' dir='ltr'>quia</span> <span class='ocrx_word' id='word_1_329' title='bbox 907 1481 1067 1531; x_wconf 90' lang='lat' dir='ltr'>videbantur</span> <span class='ocrx_word' id='word_1_330' title='bbox 1077 1480 1178 1530; x_wconf 90' lang='lat' dir='ltr'>habere</span> <span class='ocrx_word' id='word_1_331' title='bbox 1190 1478 1270 1544; x_wconf 90' lang='lat' dir='ltr'>Legis</span> 
     </span>
     <span class='ocr_line' id='line_1_63' title="bbox 736 1549 1270 1617; baseline -0.006 -15"><span class='ocrx_word' id='word_1_332' title='bbox 736 1552 870 1615; x_wconf 88' lang='lat' dir='ltr'>notitiam,</span> <span class='ocrx_word' id='word_1_333' title='bbox 894 1552 941 1602; x_wconf 89' lang='lat' dir='ltr'>sed</span> <span class='ocrx_word' id='word_1_334' title='bbox 955 1551 1037 1613; x_wconf 89' lang='lat' dir='ltr'>viam,</span> <span class='ocrx_word' id='word_1_335' title='bbox 1054 1566 1115 1617; x_wconf 87' lang='lat' dir='ltr'>quae</span> <span class='ocrx_word' id='word_1_336' title='bbox 1129 1560 1171 1601; x_wconf 90' lang='lat' dir='ltr'>est</span> <span class='ocrx_word' id='word_1_337' title='bbox 1185 1549 1270 1601; x_wconf 86' lang='lat' dir='ltr'>Chri·</span> 
     </span>
     <span class='ocr_line' id='line_1_64' title="bbox 735 1625 1269 1692; baseline -0.004 -17"><span class='ocrx_word' id='word_1_338' title='bbox 735 1635 803 1686; x_wconf 89' lang='lat' dir='ltr'>stus,</span> <span class='ocrx_word' id='word_1_339' title='bbox 816 1625 984 1692; x_wconf 89' lang='lat' dir='ltr'>ignorabant.</span> <span class='ocrx_word' id='word_1_340' title='bbox 1000 1625 1201 1686; x_wconf 87' lang='lat' dir='ltr'>Quorumalter</span> <span class='ocrx_word' id='word_1_341' title='bbox 1219 1637 1269 1673; x_wconf 86' lang='lat' dir='ltr'>na-</span> 
     </span>
     <span class='ocr_line' id='line_1_65' title="bbox 735 1696 1271 1765; baseline -0.004 -18"><span class='ocrx_word' id='word_1_342' title='bbox 735 1699 858 1758; x_wconf 89' lang='lat' dir='ltr'>turalem,</span> <span class='ocrx_word' id='word_1_343' title='bbox 874 1699 941 1748; x_wconf 90' lang='lat' dir='ltr'>alter</span> <span class='ocrx_word' id='word_1_344' title='bbox 956 1699 1102 1763; x_wconf 75' lang='lat' dir='ltr'>Scriptura</span> <span class='ocrx_word' id='word_1_345' title='bbox 1121 1698 1210 1765; x_wconf 91' lang='lat' dir='ltr'>legem</span> <span class='ocrx_word' id='word_1_346' title='bbox 1223 1696 1271 1746; x_wconf 91' lang='lat' dir='ltr'>ha·</span> 
     </span>
     <span class='ocr_line' id='line_1_66' title="bbox 736 1766 1271 1831; baseline -0.007 -12"><span class='ocrx_word' id='word_1_347' title='bbox 736 1768 830 1831; x_wconf 86' lang='lat' dir='ltr'>bebat;</span> <span class='ocrx_word' id='word_1_348' title='bbox 858 1779 884 1819; x_wconf 92' lang='lat' dir='ltr'>et</span> <span class='ocrx_word' id='word_1_349' title='bbox 911 1769 1058 1818; x_wconf 90' lang='lat' dir='ltr'>audierunt</span> <span class='ocrx_word' id='word_1_350' title='bbox 1087 1770 1120 1820; x_wconf 90' lang='lat' dir='ltr'>de</span> <span class='ocrx_word' id='word_1_351' title='bbox 1154 1766 1271 1818; x_wconf 90' lang='lat' dir='ltr'>transitu</span> 
     </span>
     <span class='ocr_line' id='line_1_67' title="bbox 735 1836 1272 1905; baseline -0.007 -16"><span class='ocrx_word' id='word_1_352' title='bbox 735 1839 807 1898; x_wconf 86' lang='lat' dir='ltr'>Jesu,</span> <span class='ocrx_word' id='word_1_353' title='bbox 821 1848 964 1905; x_wconf 90' lang='lat' dir='ltr'>postquam</span> <span class='ocrx_word' id='word_1_354' title='bbox 979 1839 1045 1888; x_wconf 87' lang='lat' dir='ltr'>exiit</span> <span class='ocrx_word' id='word_1_355' title='bbox 1064 1839 1098 1889; x_wconf 92' lang='lat' dir='ltr'>de</span> <span class='ocrx_word' id='word_1_356' title='bbox 1111 1837 1229 1898; x_wconf 88' lang='lat' dir='ltr'>Jericho,</span> <span class='ocrx_word' id='word_1_357' title='bbox 1245 1836 1272 1886; x_wconf 94' lang='lat' dir='ltr'>id</span> 
     </span>
     <span class='ocr_line' id='line_1_68' title="bbox 737 1909 1272 1972; baseline -0.006 -12"><span class='ocrx_word' id='word_1_358' title='bbox 737 1919 778 1960; x_wconf 92' lang='lat' dir='ltr'>est</span> <span class='ocrx_word' id='word_1_359' title='bbox 791 1912 824 1960; x_wconf 86' lang='lat' dir='ltr'>de</span> <span class='ocrx_word' id='word_1_360' title='bbox 840 1910 891 1961; x_wconf 93' lang='lat' dir='ltr'>hoc</span> <span class='ocrx_word' id='word_1_361' title='bbox 909 1912 1012 1972; x_wconf 81' lang='lat' dir='ltr'>secu103</span> <span class='ocrx_word' id='word_1_362' title='bbox 1029 1909 1076 1960; x_wconf 90' lang='lat' dir='ltr'>sed</span> <span class='ocrx_word' id='word_1_363' title='bbox 1091 1910 1156 1959; x_wconf 89' lang='lat' dir='ltr'>Jesu</span> <span class='ocrx_word' id='word_1_364' title='bbox 1177 1923 1272 1958; x_wconf 90' lang='lat' dir='ltr'>eorum</span> 
     </span>
     <span class='ocr_line' id='line_1_69' title="bbox 737 1979 1272 2048; baseline -0.007 -15"><span class='ocrx_word' id='word_1_365' title='bbox 737 1984 829 2033; x_wconf 92' lang='lat' dir='ltr'>oculos</span> <span class='ocrx_word' id='word_1_366' title='bbox 853 1981 983 2033; x_wconf 88' lang='lat' dir='ltr'>mentales</span> <span class='ocrx_word' id='word_1_367' title='bbox 1007 1992 1142 2048; x_wconf 88' lang='lat' dir='ltr'>tangente,</span> <span class='ocrx_word' id='word_1_368' title='bbox 1165 1979 1272 2047; x_wconf 86' lang='lat' dir='ltr'>illumi-</span> 
     </span>
     <span class='ocr_line' id='line_1_70' title="bbox 738 2049 1270 2111; baseline -0.004 -9"><span class='ocrx_word' id='word_1_369' title='bbox 738 2051 792 2102; x_wconf 91' lang='lat' dir='ltr'>nati</span> <span class='ocrx_word' id='word_1_370' title='bbox 814 2062 877 2102; x_wconf 90' lang='lat' dir='ltr'>sunt</span> <span class='ocrx_word' id='word_1_371' title='bbox 899 2052 978 2102; x_wconf 91' lang='lat' dir='ltr'>multi</span> <span class='ocrx_word' id='word_1_372' title='bbox 1001 2053 1035 2102; x_wconf 91' lang='lat' dir='ltr'>de</span> <span class='ocrx_word' id='word_1_373' title='bbox 1057 2051 1169 2111; x_wconf 84' lang='lat' dir='ltr'>Judaeis,</span> <span class='ocrx_word' id='word_1_374' title='bbox 1187 2061 1215 2101; x_wconf 89' lang='lat' dir='ltr'>et</span> <span class='ocrx_word' id='word_1_375' title='bbox 1237 2049 1270 2100; x_wconf 84' lang='lat' dir='ltr'>de</span> 
     </span>
     <span class='ocr_line' id='line_1_71' title="bbox 737 2120 1272 2188; baseline -0.004 -15"><span class='ocrx_word' id='word_1_376' title='bbox 737 2122 870 2173; x_wconf 91' lang='lat' dir='ltr'>Gentibus</span> <span class='ocrx_word' id='word_1_377' title='bbox 886 2124 986 2187; x_wconf 91' lang='lat' dir='ltr'>plures,</span> <span class='ocrx_word' id='word_1_378' title='bbox 1003 2138 1066 2173; x_wconf 92' lang='lat' dir='ltr'>eum</span> <span class='ocrx_word' id='word_1_379' title='bbox 1087 2137 1135 2188; x_wconf 89' lang='lat' dir='ltr'>per</span> <span class='ocrx_word' id='word_1_380' title='bbox 1149 2120 1233 2172; x_wconf 90' lang='lat' dir='ltr'>fidem</span> <span class='ocrx_word' id='word_1_381' title='bbox 1247 2130 1272 2171; x_wconf 88' lang='lat' dir='ltr'>et</span> 
     </span>
     <span class='ocr_line' id='line_1_72' title="bbox 738 2193 1272 2261; baseline -0.004 -17"><span class='ocrx_word' id='word_1_382' title='bbox 738 2209 817 2260; x_wconf 90' lang='lat' dir='ltr'>opera</span> <span class='ocrx_word' id='word_1_383' title='bbox 840 2205 931 2245; x_wconf 91' lang='lat' dir='ltr'>sancta</span> <span class='ocrx_word' id='word_1_384' title='bbox 958 2204 1111 2261; x_wconf 85' lang='lat' dir='ltr'>sequentes.</span> <span class='ocrx_word' id='word_1_385' title='bbox 1142 2193 1175 2244; x_wconf 88' lang='lat' dir='ltr'>Et</span> <span class='ocrx_word' id='word_1_386' title='bbox 1195 2193 1272 2259; x_wconf 86' lang='lat' dir='ltr'>prius</span> 
     </span>
     <span class='ocr_line' id='line_1_73' title="bbox 737 2264 1273 2331; baseline -0.002 -17"><span class='ocrx_word' id='word_1_387' title='bbox 737 2264 847 2330; x_wconf 89' lang='lat' dir='ltr'>quidem</span> <span class='ocrx_word' id='word_1_388' title='bbox 870 2280 965 2326; x_wconf 90' lang='lat' dir='ltr'>unum,</span> <span class='ocrx_word' id='word_1_389' title='bbox 991 2274 1084 2331; x_wconf 91' lang='lat' dir='ltr'>postea</span> <span class='ocrx_word' id='word_1_390' title='bbox 1106 2265 1176 2314; x_wconf 91' lang='lat' dir='ltr'>duos</span> <span class='ocrx_word' id='word_1_391' title='bbox 1190 2278 1273 2314; x_wconf 83' lang='lat' dir='ltr'>caecos</span> 
     </span>
     <span class='ocr_line' id='line_1_74' title="bbox 738 2337 1272 2404; baseline -0.002 -17"><span class='ocrx_word' id='word_1_392' title='bbox 738 2338 883 2397; x_wconf 91' lang='lat' dir='ltr'>illuminat,</span> <span class='ocrx_word' id='word_1_393' title='bbox 900 2339 964 2404; x_wconf 91' lang='lat' dir='ltr'>quia</span> <span class='ocrx_word' id='word_1_394' title='bbox 986 2353 1074 2388; x_wconf 92' lang='lat' dir='ltr'>unum</span> <span class='ocrx_word' id='word_1_395' title='bbox 1089 2337 1166 2404; x_wconf 92' lang='lat' dir='ltr'>prius</span> <span class='ocrx_word' id='word_1_396' title='bbox 1181 2352 1272 2403; x_wconf 87' lang='lat' dir='ltr'>popu-</span> 
     </span>
     <span class='ocr_line' id='line_1_75' title="bbox 737 2407 1273 2468; baseline -0.006 -8"><span class='ocrx_word' id='word_1_397' title='bbox 737 2410 806 2468; x_wconf 92' lang='lat' dir='ltr'>lum,</span> <span class='ocrx_word' id='word_1_398' title='bbox 826 2410 923 2460; x_wconf 87' lang='lat' dir='ltr'>deinde</span> <span class='ocrx_word' id='word_1_399' title='bbox 941 2411 1009 2459; x_wconf 92' lang='lat' dir='ltr'>duos</span> <span class='ocrx_word' id='word_1_400' title='bbox 1022 2418 1106 2460; x_wconf 93' lang='lat' dir='ltr'>vocat.</span> <span class='ocrx_word' id='word_1_401' title='bbox 1128 2407 1207 2459; x_wconf 84' lang='lat' dir='ltr'>Unde</span> <span class='ocrx_word' id='word_1_402' title='bbox 1218 2408 1273 2458; x_wconf 84' lang='lat' dir='ltr'>Be·</span> 
     </span>
     <span class='ocr_line' id='line_1_76' title="bbox 738 2480 1272 2548; baseline -0.006 -15"><span class='ocrx_word' id='word_1_403' title='bbox 738 2484 773 2533; x_wconf 85' lang='lat' dir='ltr'>da</span> <span class='ocrx_word' id='word_1_404' title='bbox 788 2501 796 2533; x_wconf 93' lang='lat'>:</span> <span class='ocrx_word' id='word_1_405' title='bbox 813 2501 827 2529; x_wconf 71' lang='lat' dir='ltr'>a</span> <span class='ocrx_word' id='word_1_406' title='bbox 842 2483 922 2543; x_wconf 89' lang='lat' dir='ltr'>Quod</span> <span class='ocrx_word' id='word_1_407' title='bbox 942 2493 1032 2532; x_wconf 89' lang='lat' dir='ltr'>autem</span> <span class='ocrx_word' id='word_1_408' title='bbox 1045 2480 1272 2548; x_wconf 83' lang='lat' dir='ltr'>appropinquans</span> 
     </span>
     <span class='ocr_line' id='line_1_77' title="bbox 737 2554 1272 2620; baseline -0.007 -13"><span class='ocrx_word' id='word_1_409' title='bbox 737 2556 851 2616; x_wconf 89' lang='lat' dir='ltr'>Jericho,</span> <span class='ocrx_word' id='word_1_410' title='bbox 870 2572 956 2606; x_wconf 92' lang='lat' dir='ltr'>unum</span> <span class='ocrx_word' id='word_1_411' title='bbox 974 2554 1150 2614; x_wconf 88' lang='lat' dir='ltr'>illuminavit,</span> <span class='ocrx_word' id='word_1_412' title='bbox 1159 2568 1193 2604; x_wconf 83' lang='lat' dir='ltr'>ac</span> <span class='ocrx_word' id='word_1_413' title='bbox 1207 2568 1272 2620; x_wconf 91' lang='lat' dir='ltr'>pro·</span> 
     </span>
     <span class='ocr_line' id='line_1_78' title="bbox 737 2623 1272 2690; baseline -0.009 -10"><span class='ocrx_word' id='word_1_414' title='bbox 737 2629 860 2680; x_wconf 87' lang='lat' dir='ltr'>ficiscens</span> <span class='ocrx_word' id='word_1_415' title='bbox 877 2629 910 2678; x_wconf 92' lang='lat' dir='ltr'>de</span> <span class='ocrx_word' id='word_1_416' title='bbox 921 2627 1027 2678; x_wconf 89' lang='lat' dir='ltr'>Jericho</span> <span class='ocrx_word' id='word_1_417' title='bbox 1043 2628 1121 2690; x_wconf 86' lang='lat' dir='ltr'>duos,</span> <span class='ocrx_word' id='word_1_418' title='bbox 1137 2626 1191 2676; x_wconf 89' lang='lat' dir='ltr'>hoc</span> <span class='ocrx_word' id='word_1_419' title='bbox 1205 2623 1272 2675; x_wconf 90' lang='lat' dir='ltr'>inti·</span> 
     </span>
     <span class='ocr_line' id='line_1_79' title="bbox 738 2696 1285 2765; baseline -0.013 -14"><span class='ocrx_word' id='word_1_420' title='bbox 738 2700 821 2750; x_wconf 90' lang='lat' dir='ltr'>mavit</span> <span class='ocrx_word' id='word_1_421' title='bbox 836 2716 843 2747; x_wconf 90' lang='lat'>:</span> <span class='ocrx_word' id='word_1_422' title='bbox 858 2699 931 2765; x_wconf 91' lang='lat' dir='ltr'>quod</span> <span class='ocrx_word' id='word_1_423' title='bbox 946 2708 1008 2747; x_wconf 92' lang='lat' dir='ltr'>ante</span> <span class='ocrx_word' id='word_1_424' title='bbox 1024 2696 1182 2748; x_wconf 90' lang='lat' dir='ltr'>Passionem</span> <span class='ocrx_word' id='word_1_425' title='bbox 1195 2709 1285 2747; x_wconf 87' lang='lat' dir='ltr'>suam-</span> 
     </span>
     <span class='ocr_line' id='line_1_80' title="bbox 737 2770 1272 2835; baseline -0.007 -14"><span class='ocrx_word' id='word_1_426' title='bbox 737 2771 785 2821; x_wconf 91' lang='lat' dir='ltr'>uni</span> <span class='ocrx_word' id='word_1_427' title='bbox 797 2780 902 2820; x_wconf 87' lang='lat' dir='ltr'>tantum</span> <span class='ocrx_word' id='word_1_428' title='bbox 918 2770 1018 2835; x_wconf 90' lang='lat' dir='ltr'>populo</span> <span class='ocrx_word' id='word_1_429' title='bbox 1031 2770 1188 2820; x_wconf 84' lang='lat' dir='ltr'>tudaeorum</span> <span class='ocrx_word' id='word_1_430' title='bbox 1202 2781 1272 2833; x_wconf 84' lang='lat' dir='ltr'>prae-</span> 
     </span>
     <span class='ocr_line' id='line_1_81' title="bbox 737 2839 1272 2906; baseline -0.006 -16"><span class='ocrx_word' id='word_1_431' title='bbox 737 2841 852 2902; x_wconf 80' lang='lat' dir='ltr'>dicavit3</span> <span class='ocrx_word' id='word_1_432' title='bbox 877 2850 937 2906; x_wconf 91' lang='lat' dir='ltr'>post</span> <span class='ocrx_word' id='word_1_433' title='bbox 961 2839 1187 2890; x_wconf 87' lang='lat' dir='ltr'>resurrectionem</span> <span class='ocrx_word' id='word_1_434' title='bbox 1209 2852 1272 2888; x_wconf 89' lang='lat' dir='ltr'>vero</span> 
     </span>
     <span class='ocr_line' id='line_1_82' title="bbox 737 2909 1273 2978; baseline 0 -17"><span class='ocrx_word' id='word_1_435' title='bbox 737 2921 817 2978; x_wconf 86' lang='lat' dir='ltr'>atque</span> <span class='ocrx_word' id='word_1_436' title='bbox 828 2909 1010 2960; x_wconf 89' lang='lat' dir='ltr'>ascensionem</span> <span class='ocrx_word' id='word_1_437' title='bbox 1030 2925 1117 2973; x_wconf 90' lang='lat' dir='ltr'>suam,</span> <span class='ocrx_word' id='word_1_438' title='bbox 1136 2924 1185 2975; x_wconf 90' lang='lat' dir='ltr'>per</span> <span class='ocrx_word' id='word_1_439' title='bbox 1199 2909 1273 2975; x_wconf 79' lang='lat' dir='ltr'>apo-</span> 
     </span>
     <span class='ocr_line' id='line_1_83' title="bbox 738 2978 1272 3043; baseline -0.009 -9"><span class='ocrx_word' id='word_1_440' title='bbox 738 2983 831 3043; x_wconf 88' lang='lat' dir='ltr'>stolos,</span> <span class='ocrx_word' id='word_1_441' title='bbox 846 2991 871 3033; x_wconf 92' lang='lat' dir='ltr'>et</span> <span class='ocrx_word' id='word_1_442' title='bbox 888 2982 989 3032; x_wconf 88' lang='lat' dir='ltr'>Judaeis</span> <span class='ocrx_word' id='word_1_443' title='bbox 1008 2992 1034 3032; x_wconf 93' lang='lat' dir='ltr'>et</span> <span class='ocrx_word' id='word_1_444' title='bbox 1049 2981 1187 3032; x_wconf 88' lang='lat' dir='ltr'>Gentibus</span> <span class='ocrx_word' id='word_1_445' title='bbox 1199 2978 1272 3031; x_wconf 91' lang='lat' dir='ltr'>divi-</span> 
     </span>
     <span class='ocr_line' id='line_1_84' title="bbox 738 3051 1272 3103; baseline -0.006 0"><span class='ocrx_word' id='word_1_446' title='bbox 738 3053 831 3103; x_wconf 91' lang='lat' dir='ltr'>nitatis</span> <span class='ocrx_word' id='word_1_447' title='bbox 853 3068 908 3103; x_wconf 88' lang='lat' dir='ltr'>suae</span> <span class='ocrx_word' id='word_1_448' title='bbox 930 3063 956 3103; x_wconf 91' lang='lat' dir='ltr'>et</span> <span class='ocrx_word' id='word_1_449' title='bbox 979 3051 1157 3103; x_wconf 87' lang='lat' dir='ltr'>humanitatis</span> <span class='ocrx_word' id='word_1_450' title='bbox 1178 3063 1272 3101; x_wconf 87' lang='lat' dir='ltr'>arcana</span> 
     </span>
     <span class='ocr_line' id='line_1_85' title="bbox 738 3118 1270 3190; baseline -0.009 -17"><span class='ocrx_word' id='word_1_451' title='bbox 738 3121 884 3190; x_wconf 84' lang='lat' dir='ltr'>patefecit:</span> <span class='ocrx_word' id='word_1_452' title='bbox 904 3123 992 3172; x_wconf 79' lang='lat' dir='ltr'>»haec</span> <span class='ocrx_word' id='word_1_453' title='bbox 1017 3122 1103 3173; x_wconf 84' lang='lat' dir='ltr'>Beda.</span> <span class='ocrx_word' id='word_1_454' title='bbox 1130 3121 1212 3172; x_wconf 86' lang='lat' dir='ltr'>Plura</span> <span class='ocrx_word' id='word_1_455' title='bbox 1238 3118 1270 3170; x_wconf 81' lang='lat' dir='ltr'>ad</span> 
     </span>
     <span class='ocr_line' id='line_1_86' title="bbox 738 3194 1271 3262; baseline -0.006 -16"><span class='ocrx_word' id='word_1_456' title='bbox 738 3195 932 3262; x_wconf 87' lang='lat' dir='ltr'>expositionem</span> <span class='ocrx_word' id='word_1_457' title='bbox 952 3206 978 3246; x_wconf 90' lang='lat' dir='ltr'>et</span> <span class='ocrx_word' id='word_1_458' title='bbox 993 3194 1197 3246; x_wconf 88' lang='lat' dir='ltr'>meditationem</span> <span class='ocrx_word' id='word_1_459' title='bbox 1209 3206 1271 3259; x_wconf 90' lang='lat' dir='ltr'>per-</span> 
     </span>
     <span class='ocr_line' id='line_1_87' title="bbox 738 3264 1270 3334; baseline -0.009 -15"><span class='ocrx_word' id='word_1_460' title='bbox 738 3267 861 3328; x_wconf 88' lang='lat' dir='ltr'>tinentia,</span> <span class='ocrx_word' id='word_1_461' title='bbox 877 3283 958 3334; x_wconf 90' lang='lat' dir='ltr'>supra</span> <span class='ocrx_word' id='word_1_462' title='bbox 972 3268 1005 3317; x_wconf 88' lang='lat' dir='ltr'>de</span> <span class='ocrx_word' id='word_1_463' title='bbox 1014 3283 1070 3318; x_wconf 91' lang='lat' dir='ltr'>uno</span> <span class='ocrx_word' id='word_1_464' title='bbox 1086 3281 1156 3317; x_wconf 85' lang='lat' dir='ltr'>caeco</span> <span class='ocrx_word' id='word_1_465' title='bbox 1172 3264 1270 3333; x_wconf 82' lang='lat' dir='ltr'>posita,</span> 
     </span>
     <span class='ocr_line' id='line_1_88' title="bbox 739 3338 1271 3405; baseline -0.006 -16"><span class='ocrx_word' id='word_1_466' title='bbox 739 3349 852 3405; x_wconf 89' lang='lat' dir='ltr'>possunt</span> <span class='ocrx_word' id='word_1_467' title='bbox 870 3339 914 3389; x_wconf 91' lang='lat' dir='ltr'>hic</span> <span class='ocrx_word' id='word_1_468' title='bbox 930 3338 1076 3404; x_wconf 88' lang='lat' dir='ltr'>applicari;</span> <span class='ocrx_word' id='word_1_469' title='bbox 1093 3347 1120 3387; x_wconf 92' lang='lat' dir='ltr'>et</span> <span class='ocrx_word' id='word_1_470' title='bbox 1135 3349 1271 3388; x_wconf 87' lang='lat' dir='ltr'>econver-</span> 
     </span>
     <span class='ocr_line' id='line_1_89' title="bbox 738 3407 1195 3476; baseline -0.002 -15"><span class='ocrx_word' id='word_1_471' title='bbox 738 3426 778 3472; x_wconf 92' lang='lat' dir='ltr'>so,</span> <span class='ocrx_word' id='word_1_472' title='bbox 795 3411 871 3476; x_wconf 89' lang='lat' dir='ltr'>plura</span> <span class='ocrx_word' id='word_1_473' title='bbox 886 3409 931 3460; x_wconf 91' lang='lat' dir='ltr'>hic</span> <span class='ocrx_word' id='word_1_474' title='bbox 946 3409 1033 3475; x_wconf 85' lang='lat' dir='ltr'>posita</span> <span class='ocrx_word' id='word_1_475' title='bbox 1044 3408 1083 3459; x_wconf 91' lang='lat' dir='ltr'>ibi</span> <span class='ocrx_word' id='word_1_476' title='bbox 1097 3407 1195 3474; x_wconf 86' lang='lat' dir='ltr'>aptari.</span> 
     </span>
    </p>
   </div>
   <div class='ocr_carea' id='block_1_6' title="bbox 0 0 1330 4320">
    <p class='ocr_par' dir='ltr' id='par_1_7' title="bbox 0 0 1330 4320">
     <span class='ocr_line' id='line_1_90' title="bbox 0 0 1330 4320; baseline 0 0"><span class='ocrx_word' id='word_1_477' title='bbox 0 0 1330 4320; x_wconf 95' lang='lat' dir='ltr'> </span> 
     </span>
    </p>
   </div>
  </div>
 </body>
</html>
