2632 4320
151 287 198 336 DE
215 286 389 336 TALENTIS
405 283 454 334 ΕΤ
471 284 574 335 BONIS
591 285 615 334 Α
630 284 771 335 DOMINO
788 285 909 336 SERVlS
925 286 1098 336 TRADlTlS.
1133 285 1183 338 355

64 420 127 453 rum
151 401 373 468 contemplationi
401 401 498 461 dedita,
521 401 596 451 omni

60 476 132 525 hora
156 474 380 541 peregrinationis
413 489 469 524 suae
503 474 597 524 termi-

63 562 142 604 num,
166 555 192 595 et
215 545 341 610 ergastuli
356 545 436 610 huius
449 559 596 610 egressum,

62 631 127 666 cum
149 630 200 666 suo
225 614 359 666 desiderio
386 627 550 680 exspectare;
571 626 597 667 et

63 690 98 739 ad
135 687 203 739 illud
238 688 338 739 divinae
364 689 597 755 contemplationis

64 761 259 826 spectaculum,
279 760 352 826 quod
375 760 404 810 in
433 759 523 812 futura
541 761 597 813 vita

653 415 802 466 speramus,
827 399 949 450 animum
971 416 1051 451 suum
1071 416 1184 468 suspen-

652 473 729 535 dere;
750 483 776 523 et
795 473 824 522 in
840 473 971 538 ejusmodi
988 474 1184 539 exspectatione

652 551 804 601 vehementi
818 551 951 602 desiderio
963 553 1096 614 anhelare,
1111 564 1141 604 ut
1155 553 1183 604 id

652 624 725 688 quod
746 622 856 674 interim
876 625 948 674 videt
969 640 1017 690 per
1034 627 1182 691 speculum,

652 702 678 744 et
697 694 725 743 in
743 694 895 761 aenigmate,
911 708 1044 748 mereatur
1065 697 1132 750 facie
1150 699 1182 748 ad

651 764 745 815 faciem
760 765 858 817 videre.

552 981 688 1035 ORATIO

95 1148 211 1199 Domine
221 1149 286 1199 lesu
300 1147 414 1209 Christe,
429 1151 533 1215 Sponse
545 1151 622 1211 bone,
635 1151 670 1202 da
682 1152 751 1204 mihi
764 1169 827 1204 cum
840 1154 1018 1219 prudentibus
1030 1155 1184 1222 virginibus

64 1219 136 1269 bona
149 1233 239 1285 opera,
258 1229 284 1269 et
299 1218 448 1270 intentione
466 1231 536 1271 recta
550 1221 643 1282 facere,
662 1238 692 1273 ac
708 1224 738 1273 in
753 1222 793 1274 eis
804 1223 948 1290 vigilanter
962 1241 1140 1291 perseverare,
1152 1237 1183 1276 ut

63 1299 173 1356 paratus
187 1289 321 1351 inventus,
335 1290 368 1340 ad
380 1291 488 1356 nuptias
500 1302 559 1342 tuas
572 1294 675 1343 valeam
691 1295 838 1360 gaudenter
852 1295 958 1348 intrare.
970 1298 1042 1358 Peto,
1058 1296 1183 1357 Domine,

61 1372 93 1411 ut
107 1371 206 1412 notum
220 1361 299 1412 facias
314 1361 382 1412 mihi
397 1360 480 1412 finem
495 1378 586 1413 meum
602 1375 747 1431 antequam
763 1366 862 1426 veniat,
887 1378 913 1418 et
929 1384 964 1418 ne
979 1378 1096 1419 meante
1109 1367 1183 1419 finiri

61 1433 145 1497 sinas,
156 1448 238 1501 quam
251 1444 358 1499 peccata
370 1449 429 1484 mea
440 1434 570 1494 dimittas,
584 1446 614 1486 ut
626 1436 655 1486 in
666 1438 734 1488 hora
747 1438 835 1488 exitus
849 1439 903 1489 mei
918 1440 986 1490 ultio
1001 1439 1093 1490 divina
1103 1455 1185 1506 super

63 1519 106 1553 me
120 1519 176 1554 non
190 1503 288 1565 veniat,
301 1514 327 1554 et
341 1514 457 1569 potestas
471 1506 642 1557 tenebrarum
657 1508 726 1558 mihi
740 1524 795 1558 non
807 1519 937 1569 occurrat,
948 1526 997 1561 nec
1012 1521 1122 1575 noceat3
1138 1511 1183 1561 sed

62 1575 144 1624 talem
158 1589 204 1624 me
220 1573 277 1625 dies
289 1574 496 1626 examinationis
509 1577 609 1638 reddat,
622 1579 728 1644 qualern
747 1595 793 1630 me
804 1578 864 1629 sons
879 1582 1089 1646 regenerationis
1102 1580 1180 1632 exhi-

63 1647 132 1698 buit.
147 1650 247 1698 Amen.

467 1924 633 1996 CAPUT
660 1925 779 1994 XLIX

104 2214 107 2218 >
150 2177 205 2243 De
227 2174 371 2244 talentis
395 2169 551 2244 et'bonir
573 2197 594 2243 a
618 2175 770 2244 Domino
793 2176 904 2246 servis
928 2176 1090 2245 traditis.

168 2421 311 2484 Matthaei
337 2441 405 2503 cap.
423 2424 476 2499 25,
501 2420 602 2483 Marci
624 2441 690 2503 cap.
720 2424 756 2484 13
780 2435 809 2484 ct
832 2422 927 2484 Lucae
948 2443 1015 2505 cap.
1044 2445 1093 2504 19,

96 2679 105 2712 r
126 2662 272 2712 Pannona
288 2677 323 2711 nr
338 2676 467 2711 susurra
490 2675 594 2710 sprcta-

63 2749 143 2785 rrm
168 2749 204 2782 an
233 2748 376 2783 austros
402 2747 538 2782 sracrtns.
563 2759 596 2770 -

62 2804 210 2872 Subiungit
232 2805 378 2855 secundam
396 2805 549 2870 parabolam
563 2805 596 2853 de

61 2875 181 2935 talentis,
195 2889 256 2940 quae
274 2873 423 2940 specialiter
435 2874 550 2940 pertinet
562 2875 594 2924 ad

62 2948 197 3014 praelatos,
209 2946 274 3014 quia
290 2946 351 2998 licet
363 2963 468 3007 omnes,
479 2948 596 2998 maxime

61 3031 156 3070 nmen
176 3018 306 3082 praelatos-
330 3017 444 3079 inducit,
469 3028 500 3068 ut
525 3018 596 3084 vigi-

63 3091 149 3140 lantes
161 3087 256 3155 gratiis
274 3098 300 3139 et
320 3088 400 3139 donis
422 3104 438 3139 a
452 3089 509 3138 Deo
522 3104 596 3140 rece-

64 3161 119 3227 ptia
143 3161 214 3212 bene
231 3170 338 3212 utantur
358 3162 391 3211 ad
407 3160 457 3211 Dei
473 3161 596 3227 gloriam,

62 3241 89 3282 et
115 3230 162 3282 sui
195 3230 397 3298 perfectionem,
426 3242 452 3283 et
480 3232 596 3298 proximi

63 3304 281 3366 edificationem,
297 3315 323 3356 et
340 3305 458 3356 fructum
476 3306 596 3366 afferant,

60 3378 188 3444 exemplo
209 3392 349 3430 servorum
368 3381 415 3445 qui
436 3379 469 3429 de
490 3380 597 3430 talentis

61 3449 157 3500 lucrati
172 3459 244 3512 sunt,
258 3459 285 3501 et
305 3465 320 3500 a
340 3450 458 3501 Domino
473 3451 596 3502 veniente

64 3519 250 3583 remunerati;
284 3535 332 3571 nec
367 3521 534 3571 abscondant
567 3522 596 3572 in

63 3600 145 3650 terra,
159 3589 202 3639 rel
214 3591 334 3652 sudario,
349 3591 482 3657 praedictis
496 3593 596 3642 utendo

62 3660 96 3712 ad
121 3660 221 3711 mundi
245 3662 359 3727 gloriam
388 3664 431 3713 vel
451 3664 596 3728 temporale

63 3731 183 3792 luctum,
207 3744 254 3781 seu
279 3733 385 3783 carnale
411 3733 594 3792 commodum,

63 3817 101 3853 ne
112 3812 148 3853 ut
158 3817 254 3855 servos
268 3803 385 3870 pigeret
401 3815 510 3870 torpens
525 3805 597 3855 dam-

61 3883 175 3937 nentur,
193 3888 225 3925 ac
243 3873 318 3926 foras
340 3885 411 3933 extre
432 3885 596 3927 conventum

649 2660 807 2710 Sanctorum
830 2660 858 2710 in
883 2661 1006 2712 tenebras
1035 2660 1180 2714 exteriores

650 2739 676 2779 et
697 2729 843 2782 infernales
868 2730 1018 2796 ejiciantur.
1033 2732 1066 2783 Et
1093 2733 1182 2798 primo

649 2801 718 2852 circa
752 2811 851 2853 statum
882 2802 1052 2867 praelatorum
1079 2803 1183 2869 specia-

649 2875 721 2937 liter,
740 2885 766 2925 et
790 2874 970 2925 nihilominus
994 2875 1110 2925 aliorum
1132 2876 1182 2927 de-

651 2944 746 2994 scribit
786 2945 913 2995 meritum
952 2955 979 2996 et
1020 2946 1182 2997 demeritum

652 3016 766 3083 propriae
795 3017 909 3068 actionis
916 3035 925 3083 ;
951 3019 1079 3083 secundo,
1108 3019 1182 3084 judi·

652 3087 724 3138 cium
739 3087 918 3148 discretionis,
933 3087 993 3138 ideo
1009 3088 1075 3138 dicit
1093 3104 1099 3138 :
1114 3087 1182 3138 Dico

650 3159 729 3209 vobis
747 3168 777 3209 ut
801 3159 919 3224 vigiletis
941 3158 1142 3218 benefaciendo,
1157 3167 1183 3208 et

652 3233 680 3282 in
700 3233 777 3283 bonis
792 3233 996 3298 perseverando,
1015 3231 1079 3297 quia
1093 3228 1180 3280 nesci-

650 3304 686 3354 tis
695 3304 767 3354 diem
778 3305 908 3355 adventus
920 3304 1019 3370 Sponsi
1032 3313 1059 3352 et
1070 3300 1183 3363 Judicis,

650 3376 720 3427 sicut
733 3375 856 3427 hominis
864 3392 974 3442 peregre
988 3371 1181 3441 proficiscentis

650 3446 768 3497 incertus
782 3455 823 3497 est
838 3447 939 3496 reditus
954 3444 1037 3495 servis
1051 3443 1117 3494 suis.

683 3517 824 3578 2Qummr
842 3532 909 3567 surr
932 3529 1111 3565 nurnrcanrus
1145 3528 1179 3563 rr

649 3606 847 3641 assconnuuras
856 3587 998 3639 renarra?
1012 3615 1043 3624 -
1062 3587 1183 3651 Sponsus

650 3661 724 3712 enim
737 3661 889 3727 praedictus,
902 3661 971 3710 sicut
981 3658 1058 3708 homo
1066 3669 1183 3723 peregre

648 3735 830 3800 proficiscens,
846 3732 994 3783 secundum
1011 3745 1118 3796 corpus,
1134 3727 1184 3780 sci-

650 3807 711 3857 licet
727 3806 760 3856 ad
784 3807 917 3856 coelestem
938 3802 1052 3869 patriam
1075 3816 1184 3852 carnem

650 3887 774 3928 nostram
785 3886 904 3944 portans,
919 3871 1098 3940 peregrinatio
1110 3871 1183 3922 eninr
