2632 4320
142 323 178 375 90
435 305 610 358 SECUNDAE
633 305 759 356 PARTIS
781 305 899 357 CAPUT
917 307 964 357 XI.

142 433 242 473 centur.
255 441 269 471 s
281 423 315 473 Et
327 421 474 471 notandum
489 421 563 487 quod
581 420 678 471 multi-

143 495 204 560 plex
229 504 270 544 est
293 492 429 559 perfectio,
455 493 555 543 scilicet
583 509 591 542 ε
616 491 677 541 suf-

144 566 288 626 ficientia,
326 581 408 632 quam
447 581 541 616 omnes
576 565 677 615 habent

145 636 289 686 existentes
303 636 331 685 in
343 636 465 699 caritate;
476 635 588 698 ordinis,
601 635 676 699 cujus

145 707 284 772 proprium
296 717 337 756 est
347 722 453 757 servare
462 706 657 756 continentiam
667 722 674 769 ;

144 779 294 844 religionis,
309 781 386 846 cujus
407 780 546 846 proprium
570 789 610 829 est
632 795 676 829 re-

144 851 269 901 nuntiare
283 852 424 915 omnibus,
446 851 623 918 praelationis,
642 852 676 901 ad

145 938 213 988 quos
237 923 350 988 pertinet
364 939 464 989 ponere
485 923 603 974 animam
627 939 676 989 pro

144 993 241 1043 ovibus
261 994 329 1056 suis;
348 993 508 1053 securitatis,
522 994 599 1058 cujus
613 1009 677 1059 pro-

145 1064 236 1129 prium
250 1065 402 1114 esthabere
424 1076 539 1115 mortem
559 1065 589 1114 in
604 1064 676 1114 desi·

145 1135 230 1195 derio,
255 1146 280 1185 et
307 1136 391 1185 vitam
417 1135 447 1185 in
475 1135 611 1200 patientia.
634 1137 675 1185 Ad

146 1205 262 1271 primam
275 1205 468 1272 perfectionem
479 1216 586 1256 tenetur
597 1205 677 1271 quili-

145 1277 207 1339 bet;
232 1278 265 1326 ad
280 1277 404 1326 ultimam
418 1291 482 1326 vero
493 1276 586 1326 nullus
599 1287 677 1326 tene·

145 1360 208 1414 tur;
225 1350 258 1399 ad
282 1359 336 1398 tres
350 1364 413 1398 vero
432 1349 536 1399 medias
551 1359 677 1399 tenentur

144 1424 230 1488 aliqui
241 1438 274 1472 ex
286 1422 381 1472 causis.
390 1423 484 1473 Unum
495 1438 558 1488 ergo
567 1423 676 1488 signum

145 1495 317 1560 perfectionis
333 1495 435 1560 posuit;
452 1511 513 1544 cum
528 1495 620 1544 omnia
632 1511 677 1546 re-

144 1567 268 1631 linquere
281 1567 425 1626 consuluit‚
440 1576 470 1615 ut
485 1567 590 1616 nudum
601 1566 679 1616 Chri-

147 1646 220 1686 stum
236 1636 327 1686 nudus
334 1646 475 1702 sequatur.
489 1636 574 1699 Unde,
588 1651 678 1686 secun-

145 1707 214 1757 dum
246 1708 437 1774 Theophilum,
463 1708 554 1758 dicens
579 1708 677 1771 omnia,

147 1794 285 1828 summam
312 1789 495 1845 paupertatem
520 1780 628 1841 suadet;
655 1779 678 1829 si

146 1851 213 1917 quid
237 1851 309 1902 enim
332 1853 468 1916 restiterit,
491 1852 566 1902 illius
584 1867 679 1902 servus

144 1934 193 1974 est.
206 1925 240 1974 Et
249 1926 396 1974 secundum
407 1925 587 1988 Ambrosium,
599 1926 678 1974 talem

146 1995 233 2044 voluit
246 1995 440 2045 adolescentem
453 1995 531 2044 illum
545 1994 680 2044 Dominus

146 2066 179 2115 ad
192 2065 347 2130 paradisum
363 2065 465 2129 redire;
488 2065 575 2130 qualis
593 2066 679 2115 Adam

145 2138 232 2188 firerat
245 2139 278 2187 de
293 2138 409 2203 paradisi
424 2137 590 2187 sublimitate
605 2139 679 2202 deie-

146 2219 213 2258 ctus.
230 2209 325 2258 Nudus
337 2209 410 2258 enim
424 2209 511 2258 incola
524 2209 610 2258 Adam
629 2224 679 2274 pa-

148 2279 229 2329 radisi
242 2278 302 2328 fuit

177 2350 194 2400 li
209 2352 290 2401 Nurrr
298 2367 477 2401 murmanus
488 2367 679 2402 rossassrouurr

147 2440 270 2473 unscrro
291 2440 340 2473 aar
362 2440 549 2474 amascrrours
573 2440 679 2474 ruiram-

147 2512 267 2547 umrruu.
283 2525 313 2534 -
326 2496 457 2556 Quamvis
469 2513 534 2563 ergo
547 2513 609 2547 cum
623 2513 681 2562 pos

144 2567 265 2616 sessione
284 2566 438 2617 divitiarum
459 2568 546 2635 possit
564 2568 628 2634 quis
646 2569 679 2618 ad

147 2637 229 2686 vitam
252 2638 357 2704 ingredi
386 2639 515 2688 servando
538 2639 677 2702 mandata;

145 2717 237 2758 tamen
247 2712 280 2758 ad
294 2710 438 2774 perfectam
450 2712 588 2775 sequelam
602 2712 681 2762 Chri-

147 2777 181 2826 sti
194 2788 224 2827 ut
234 2778 349 2842 perfecto
361 2794 453 2829 amore
467 2790 493 2829 et
505 2780 610 2845 integro
620 2781 680 2831 affe-

143 2859 191 2898 -ctu
216 2850 308 2898 tendat
334 2849 362 2898 in
390 2851 494 2910 Deum,
526 2851 600 2901 deest
624 2851 678 2901 sibi

147 2937 243 2979 unum,
258 2921 359 2971 scilicet
371 2924 444 2988 quod
459 2922 591 2988 relinquat
608 2923 679 2973 divi-

147 2991 199 3039 tias
213 2991 316 3054 affectu,
343 3002 373 3042 ut
398 2993 420 3042 si
442 3009 544 3058 pauper
565 2993 677 3059 spiritu3

148 3076 209 3125 quae
236 3073 378 3127 paupertas
403 3063 517 3114 includit
538 3064 679 3114 humilita-

147 3143 211 3191 tem,
238 3133 297 3183 sine
322 3150 376 3200 qua
396 3152 450 3185 non
473 3147 513 3186 est
539 3147 679 3203 paupertas

146 3219 217 3262 vera,
229 3204 293 3269 quia
301 3220 401 3255 vanum
413 3207 560 3257 esthabere
571 3208 679 3257 bursam

145 3290 265 3334 vacuam,
294 3286 321 3324 et
341 3292 388 3326 cor
410 3278 521 3341 plenum
544 3278 678 3343 superbia.

147 3347 261 3396 lncludit
274 3346 354 3401 etiam
368 3357 553 3412 contemptum
569 3349 679 3399 divitia-

145 3431 208 3466 rum
222 3416 325 3476 effectu,
338 3410 403 3482 quia
417 3417 526 3468 difficile
544 3429 584 3468 est
603 3419 680 3468 valde

144 3490 254 3540 habenti
277 3490 394 3551 divitias,
416 3507 451 3541 ne
473 3507 564 3541 amore
586 3506 679 3541 earum

146 3572 192 3611 aut
212 3562 371 3623 detineatur,
392 3573 439 3613 aut
467 3562 632 3612 distrahatur
654 3571 681 3612 et

148 3634 311 3699 impediatur
330 3652 346 3687 a
362 3635 480 3702 perfecto
500 3651 592 3686 amore
612 3635 684 3698 Dei,

149 3720 182 3753 ne
196 3706 338 3757 Christum
351 3707 434 3757 libere
448 3717 474 3757 et
494 3706 616 3771 expedite
633 3720 679 3755 se-

147 3787 253 3840 quatur.
266 3779 334 3828 Nam
341 3777 389 3845 qui
401 3777 504 3828 diuitiis
516 3776 678 3839 implicatur,

146 3845 230 3895 mittit
245 3849 325 3913 pedes
341 3850 370 3898 in
393 3860 458 3909 rete,
474 3863 507 3898 ne
531 3846 618 3913 possit
630 3862 678 3896 co-

145 3932 202 3967 ram
226 3918 283 3968 Deo
310 3920 444 3984 perfectus
465 3920 622 3979 ambulare,
652 3928 679 3969 et

731 420 816 471 libere
829 421 969 472 Christum
984 421 1079 488 sequi3
1103 422 1169 488 quia
1192 423 1261 475 divi·

731 493 774 544 tiae
788 493 947 544 viscosiores
974 504 1039 545 sunt
1059 495 1145 557 visco,
1173 505 1200 546 et
1216 496 1260 547 vix

730 566 854 616 evellitur
880 567 986 617 animus
1007 578 1154 634 occupatus
1175 569 1210 619 ab
1223 569 1262 620 eis

730 644 756 686 et
783 636 917 689 detentus.
946 638 1038 688 Nimia
1061 654 1126 704 ergo
1153 639 1261 690 dilectio

730 717 896 759 terrenarum
911 711 1114 775 possessionum
1132 711 1263 776 esthujus

730 779 902 844 perfectionis
921 781 1158 847 impedimentum.
1184 781 1263 841 Quod

732 851 798 900 bene
813 852 899 916 patuit
911 852 941 902 in
955 853 1007 903 hoc
1020 854 1126 917 juvene,
1141 853 1262 918 quicum

729 921 852 972 audisset
875 923 957 973 uerba
977 923 1095 985 Domini,
1116 923 1152 972 de
1174 923 1263 989 perfe-

730 992 819 1042 ctione
834 993 999 1059 paupertatis
1012 993 1183 1058 voluntarie,
1197 995 1264 1045 abiit

731 1063 828 1128 tristis,
851 1066 933 1115 seculi
944 1064 1055 1115 tristitia
1070 1075 1187 1115 mortem
1196 1081 1264 1132 ope·

730 1144 815 1196 rante,
826 1133 997 1200 impeditusa
1009 1137 1174 1201 perfectione
1183 1151 1264 1203 quam

730 1205 867 1272 quaerebat
877 1217 1046 1257 terrenarum
1061 1207 1264 1273 possessionum

730 1293 831 1339 amore,
856 1279 892 1327 ob
918 1279 992 1345 quod
1021 1293 1078 1328 non
1104 1287 1210 1344 poterat
1230 1278 1264 1328 ad

729 1352 920 1417 perfectionem
933 1352 1091 1401 voluntariae
1102 1351 1265 1417 paupertatis

731 1426 882 1475 ascendere.
896 1424 973 1474 Unde
983 1440 1061 1475 eausa
1072 1424 1192 1474 tristitie
1206 1424 1265 1474 red-

731 1496 814 1557 ditur,
841 1511 904 1546 cum
930 1495 1083 1546 subditur:
1102 1496 1178 1546 Erat
1197 1495 1265 1545 ertias

731 1568 831 1617 nzultas
843 1567 942 1617 habeus
959 1565 1155 1631 possessiones
1173 1565 1265 1632 spinas

731 1641 909 1704 producentes
930 1648 956 1690 et
975 1639 1099 1701 tribulos,
1115 1649 1264 1689 sementem

732 1710 900 1760 Dominieam
932 1709 1094 1759 suffocantes
1101 1725 1110 1772 ;
1145 1719 1173 1759 et
1209 1709 1266 1776 ipse

732 1780 913 1830 nihilominus
926 1780 1037 1830 habitus
1049 1796 1066 1830 a
1082 1780 1265 1846 possessioni·

733 1854 793 1912 bus,
817 1862 845 1902 et
868 1851 944 1902 dives
966 1851 1043 1902 valde
1059 1851 1163 1901 divitiis
1186 1851 1265 1903 falla-

731 1924 827 1984 cibus,
856 1925 893 1974 ob
925 1938 1041 1988 quarum
1078 1922 1265 1973 inordinatum

732 2013 853 2047 amorem
870 1997 1025 2046 tristabatur
1043 1996 1078 2044 de
1090 1995 1266 2061 persuasione

732 2067 975 2118 abrenuntiationis
993 2082 1105 2129 earum;
1134 2066 1266 2116 tristabile

733 2141 807 2189 enim
822 2151 863 2189 est
876 2150 964 2189 amata
977 2139 1099 2203 abjicere.
1112 2139 1154 2187 Ad
1166 2148 1268 2204 tempo

733 2211 799 2260 ralia
827 2210 900 2260 enim
930 2211 1096 2276 passibiliter
1132 2209 1266 2270 afficitur,

732 2284 809 2345 cuius
828 2281 915 2332 corin
940 2282 1090 2349 privatione
1105 2282 1264 2333 eorumdem

732 2352 886 2418 aliqualiter
910 2352 1091 2403 contristatur.
1117 2352 1188 2401 Nam
1215 2352 1267 2419 ple

732 2438 848 2488 rumque
861 2438 923 2472 curn
932 2422 1091 2488 temporalia
1107 2421 1207 2472 adsunt
1220 2437 1267 2472 no·

734 2493 785 2553 bis,
810 2503 938 2558 putamus
960 2495 1033 2559 quod
1051 2507 1081 2543 ea
1096 2508 1153 2543 uon
1167 2493 1267 2560 diliga-

733 2582 820 2629 mus;
851 2567 899 2616 sed
927 2582 988 2616 curn
1009 2567 1102 2616 abesse
1127 2567 1267 2631 coeperint,

734 2637 889 2688 invenimus
911 2638 958 2703 qui
987 2653 1092 2688 sumus.
1113 2637 1172 2686 Hoc
1193 2637 1266 2688 enim

732 2710 791 2759 sine
805 2724 895 2759 amore
910 2719 1002 2759 nostro
1015 2709 1114 2768 aderat,
1125 2709 1200 2774 quod
1209 2708 1267 2759 sine
1287 2761 1290 2767 ,

732 2782 825 2830 dolore
851 2780 973 2830 discedit.
1002 2781 1053 2830 lste
1075 2780 1181 2845 juvenis
1206 2796 1267 2831 crim

733 2852 846 2913 audiret,
868 2853 941 2917 quod
962 2867 1131 2918 quaecunque
1158 2853 1269 2903 haberet

732 2921 868 2982 venderet,
884 2931 910 2971 et
924 2923 999 2972 daret
1014 2922 1187 2988 pauperibus,
1202 2922 1269 2973 abiit

735 3007 869 3055 moerens3
882 2992 947 3052 quia
961 3003 987 3042 et
1010 2993 1119 3044 divitias
1138 2993 1225 3044 seculi
1243 3001 1268 3042 et

732 3063 815 3112 vitam
824 3073 951 3113 aeternam
962 3064 1061 3114 habere
1070 3064 1184 3124 volebat,
1196 3063 1269 3130 quod

733 3134 843 3185 difficile
857 3146 913 3185 erat
926 3145 958 3184 ut
978 3136 1053 3186 fieret
1067 3153 1074 3186 ε
1090 3136 1224 3202 quoniam
1240 3134 1268 3185 in

732 3206 904 3272 possessione
923 3206 1079 3256 divitiarum
1096 3208 1201 3274 absque
1221 3223 1269 3259 su·

734 3279 827 3344 perbia
853 3277 981 3328 elationis
1013 3289 1039 3328 et
1068 3279 1170 3345 absque
1204 3294 1270 3345 pro-

734 3349 844 3414 prietate
869 3349 1015 3414 voluptatis
1042 3350 1088 3400 vix
1113 3361 1184 3400 stare
1206 3349 1270 3417 quis

733 3429 830 3484 potest,
861 3419 931 3470 sicut
955 3419 1035 3469 etiam
1059 3419 1169 3470 difficile
1190 3431 1269 3485 esset,

733 3493 807 3558 quod
833 3493 916 3543 homo
944 3492 974 3542 in
999 3493 1139 3543 cacumine
1161 3494 1271 3544 verticis

732 3564 847 3627 alicuius
862 3564 964 3614 montis
979 3574 1068 3623 staret,
1081 3574 1108 3614 et
1122 3575 1272 3630 tempesta·

733 3645 759 3683 te
781 3633 862 3683 validi
875 3634 948 3683 venti
971 3645 1115 3700 quassatus
1128 3651 1181 3685 non
1197 3636 1270 3686 cade

733 3715 782 3755 ret.
794 3705 831 3755 Ut
839 3719 901 3755 vero
913 3704 978 3754 dicit
987 3706 1161 3771 Augustinus
1174 3721 1208 3754 :u
1219 3707 1272 3757 llic

733 3779 888 3828 adolescens
911 3779 1057 3829 laudabilis
1082 3778 1196 3845 quidem
1219 3791 1269 3842 est,

733 3848 872 3914 quianon
895 3848 1002 3912 occidit,
1027 3865 1081 3898 non
1105 3850 1272 3901 adulteratus

734 3928 791 3982 est;
817 3918 1005 3984 vituperabilis
1025 3929 1066 3970 est
1085 3929 1186 3981 autem,
1204 3920 1270 3986 quia
