2632 4320
139 286 190 338 338

140 404 271 454 adventus
309 398 367 464 eius
396 406 518 463 speratur
545 412 587 447 :s
613 394 670 445 haec

140 474 360 542 Chrysostomus.

171 544 185 595 5
204 546 326 606 Quisque
345 559 428 593 osser
452 557 551 592 muana
574 554 669 590 noarrs

138 631 240 675 som,
251 631 284 664 ar
301 628 463 663 sausrrrsuu
478 627 521 662 suc
535 623 668 660 supressa.

137 717 171 726 -
187 687 259 748 Quia
286 702 348 751 ergo
378 697 487 751 tempus
510 681 623 750 judicii,
644 691 670 731 et

138 757 220 810 stiam
232 758 328 808 mortis
344 767 385 807 est
399 758 540 816 incertum,
554 753 615 804 ideo
629 753 671 802 de·

139 830 236 880 bemus
249 843 356 894 semper
369 842 428 879 esse
441 826 526 891 parati
537 824 670 889 adipsum

109 948 112 953 .
140 902 363 967 exspectandum
388 910 414 951 et
437 913 542 962 semper
564 911 622 947 esse
642 895 670 946 in

134 973 266 1024 eondnua
277 972 473 1031 sollicitudine,
486 967 671 1034 neimprovisi

137 1043 313 1095 inveniamur
339 1043 367 1092 in
384 1052 478 1092 morte.
501 1040 579 1090 Unde
601 1040 672 1090 Ber-

140 1117 246 1167 nartius
273 1126 365 1167 contra
385 1114 550 1180 negligentes
572 1127 600 1163 se
622 1126 671 1178 pa-

140 1203 200 1238 tare
216 1205 223 1239 :
240 1206 254 1234 n
267 1189 357 1246 Miser,
370 1202 453 1252 quare
474 1185 550 1236 omni
568 1184 636 1234 hora
646 1193 672 1233 te

141 1275 199 1309 non
212 1259 352 1324 disponis?
368 1258 461 1323 Cogita
481 1266 508 1307 te
524 1264 671 1315 mortuum,

142 1345 224 1397 quem
246 1329 300 1380 scis
322 1330 355 1378 de
381 1328 536 1379 necessitate
557 1325 672 1375 moritu-

140 1419 218 1467 rum3
243 1402 379 1468 distingue
394 1402 510 1468 qualiter
523 1399 595 1450 oculi
610 1414 672 1450 ver-

140 1485 230 1525 tentur
252 1473 282 1523 iu
305 1474 399 1539 capite,
415 1488 488 1523 vena
513 1479 673 1537 rumpentur

141 1545 170 1594 io
197 1559 317 1610 corpore,
342 1556 368 1594 et
395 1560 442 1594 cor
466 1543 602 1594 scindetur
630 1541 674 1590 do

140 1616 200 1666 lore
214 1633 221 1664 ι
239 1633 254 1663 ι
269 1616 326 1666 haec
340 1615 508 1666 Bernardus.
520 1614 674 1664 Habeamus

142 1686 225 1753 igitur
255 1687 284 1737 in
312 1685 442 1736 memoria
464 1703 471 1736 :
492 1684 556 1751 quia
578 1684 674 1734 modus

140 1761 231 1820 fallax,
252 1760 306 1811 vita
333 1759 439 1823 brevis,
465 1758 528 1808 finis
557 1756 674 1817 dubius,

141 1832 231 1886 uitus
250 1830 399 1890 horribilis,
426 1830 511 1880 Judex
538 1826 674 1888 terribilis,

143 1917 223 1967 poena
243 1901 469 1964 interminabilis3
486 1910 513 1951 et
527 1901 586 1950 haec
601 1915 674 1950 sem-

141 1988 192 2040 per
205 1989 256 2024 nos
269 1983 394 2034 terreant,
407 1985 433 2024 et
451 1974 483 2024 ad
506 1972 674 2040 vigilandum

139 2048 286 2098 inducant.
314 2047 391 2097 Unde
412 2046 534 2097 Basilius
549 2063 585 2096 :n
598 2047 676 2096 Sem⁴

144 2128 264 2184 perante
283 2120 377 2168 oculos
398 2128 459 2168 tuos
479 2127 599 2169 versetur
609 2116 676 2167 ulti-

144 2207 207 2242 mus
221 2191 288 2241 dies.
301 2192 370 2241 Cum
387 2191 504 2241 diluculo
519 2191 675 2251 surrexeris,

145 2277 180 2312 ne
202 2261 235 2311 ad
250 2275 387 2326 vesperam
404 2273 430 2309 te
449 2260 568 2310 confidas
581 2275 675 2326 perve-

131 2341 134 2350 '
144 2335 211 2384 nire.
221 2333 329 2383 Etcum
342 2332 482 2398 quiescens
489 2334 585 2383 lectulo
594 2349 676 2384 mern·

146 2405 194 2454 bra
211 2413 257 2453 tua
273 2403 466 2468 composueris,
489 2404 525 2453 de
536 2403 604 2453 lucis
621 2418 682 2472 nort¹

143 2473 262 2525 confidas
282 2474 410 2536 adventu3
438 2483 464 2523 et
483 2473 610 2525 facillime
625 2490 675 2540 po-

144 2547 208 2598 teris
233 2546 360 2598 refrenari
387 2548 421 2597 ab
441 2547 570 2598 omnibus
592 2547 674 2598 vitiis.

143 2621 254 2685 Smper
268 2630 402 2670 cortuum
419 2620 534 2670 coelestia
543 2619 675 2686 promissa

144 2692 297 2751 meditetur,
323 2699 353 2740 ut
384 2692 441 2756 ipsa
465 2702 492 2740 te
510 2692 543 2741 ad
568 2692 676 2742 virtutis

144 2763 214 2813 riam
228 2774 380 2827 provocent.
401 2765 464 2814 Esto
478 2780 549 2814 nunc
572 2764 634 2815 talis
648 2765 676 2817 in

145 2833 273 2898 operibus
293 2835 357 2893 tuis,
372 2836 478 2900 qualern
497 2845 524 2886 te
547 2835 588 2885 vis
600 2836 676 2886 futu-

145 2921 206 2954 rum
230 2907 403 2969 postmodum
420 2923 427 2954 z
443 2927 456 2953 n
471 2906 529 2957 haec
544 2907 676 2959 Basilius.

145 2975 208 3024 Haec
225 2975 317 3040 itaque
331 2977 453 3037 scientes,
471 2988 496 3028 et
510 2979 583 3029 illam
603 2979 676 3030 diem

144 3059 251 3109 semper
272 3058 422 3111 suspectam
442 3049 580 3111 habentes,
594 3049 677 3101 facia-

145 3130 208 3165 mus
225 3130 297 3166 nunc
312 3118 345 3166 de
366 3120 512 3184 nobisipsis
537 3122 676 3187 judicium,

148 3189 359 3251 praeoccupando
391 3189 484 3239 faciem
516 3191 625 3242 Domini
647 3193 676 3244 in

144 3258 316 3308 confessione
330 3269 356 3308 et
378 3261 494 3325 justitia3
510 3263 676 3328 'perficiendo

145 3331 245 3396 dignos
282 3331 384 3382 fructus
427 3335 608 3398 poenitentia,
646 3349 677 3389 ut

145 3402 232 3453 Deum
249 3404 327 3454 nobis
345 3405 493 3470 propitium
507 3407 677 3460 inveniamus

144 3483 171 3523 et
197 3474 352 3541 benignum.
389 3476 464 3526 Unde
495 3479 676 3532 Bernartius:

145 3560 164 3588 «-
175 3544 207 3594 Si
229 3548 405 3613 nosmetipsos
423 3548 675 3616 dijudicaverimus,

146 3630 196 3666 uon
218 3617 305 3684 utique
318 3619 510 3686 judicabimur,
525 3621 591 3671 dicit
602 3622 676 3688 Apo-

146 3690 239 3742 stolus.
267 3693 370 3743 Bonum
395 3693 526 3759 judicium
540 3692 613 3760 quod
634 3709 677 3748 me

430 278 602 333 SECUNDAE
619 274 744 327 PARTIS
759 276 876 329 CAPUT
891 278 971 329 XLV.

722 391 824 443 abillo
845 393 966 444 districto
986 392 1135 459 divinoque
1156 391 1256 458 judicio

723 465 851 517 subducit
886 477 912 518 et
948 465 1102 517 abscondit!
1144 466 1257 516 Prorsus

721 538 820 589 horreo
847 538 965 589 incidere
985 539 1012 589 iu
1033 552 1131 588 manus
1148 537 1204 589 Dei
1216 538 1256 589 vi-

723 611 824 673 ventis,·
848 611 909 660 volo
930 610 1017 660 vultui
1047 610 1092 661 irae
1123 609 1255 675 judicatus

721 682 889 748 presentari,
910 698 966 732 non
991 682 1161 748 judicandus.
1180 682 1257 733 Judi-

723 755 789 807 cabo
809 755 923 821 proinde
937 756 1007 806 mala
1030 771 1099 816 mea,
1131 755 1256 821 judicabo

724 834 751 876 et
774 827 854 877 bona.
878 827 948 877 Mala
973 827 1133 878 melioribus
1157 828 1256 879 curabo

724 900 856 966 corrigere
876 902 990 965 actibus,
1005 902 1108 952 diluere
1120 902 1256 966 lacrymis,

725 971 821 1036 punire
841 972 955 1039 jejuniis,
984 973 1134 1039 ceterisque
1155 983 1256 1025 sanctie

724 1042 863 1094 laboribus
889 1044 1047 1110 disciplina.
1071 1045 1102 1095 ln
1122 1045 1205 1096 bonis
1227 1047 1259 1096 de

725 1127 769 1162 me
796 1113 937 1165 humiliter
974 1115 1108 1175 sentiam,
1136 1126 1164 1166 et
1187 1116 1259 1180 juxta

725 1195 887 1250 praeceptum
913 1185 1023 1236 Domini
1049 1201 1159 1237 servum
1180 1186 1259 1238 inuti·

725 1257 779 1306 lem
792 1271 837 1307 me
859 1259 997 1323 reputabo,
1012 1259 1059 1324 qui
1082 1259 1157 1325 quod
1174 1261 1260 1311 iacere

724 1329 806 1380 debui
827 1339 933 1380 tanturn
958 1331 1022 1394 feci;
1046 1331 1191 1382 scrutabor
1210 1348 1257 1398 ego

724 1401 782 1453 vias
806 1417 889 1462 meas,
915 1412 942 1452 et
965 1401 1054 1453 studia
1070 1419 1140 1464 mea,
1155 1398 1211 1471 quo
1234 1403 1257 1454 is

724 1472 772 1539 qui
800 1482 966 1523 scrutaturus
989 1482 1028 1523 est
1053 1473 1204 1525 Jerusalem
1230 1474 1258 1525 in

726 1547 853 1608 lucernis,
878 1546 947 1597 nihil
964 1547 1145 1598 inscrutatum
1163 1549 1193 1600 in
1207 1563 1258 1610 me,

726 1617 782 1668 sive
806 1619 988 1669 indiscussum
1012 1619 1141 1671 inveniat.
1167 1621 1259 1686 Neque

726 1689 800 1740 enim
823 1690 988 1755 judicaturus
1014 1700 1055 1740 est
1075 1690 1118 1741 bis
1141 1691 1171 1741 in
1187 1691 1259 1758 idip-

726 1776 797 1811 sum.
825 1780 840 1809 a
867 1761 945 1812 Unde
972 1770 999 1812 et
1024 1761 1259 1829 Chrysoslomus:

727 1849 742 1877 o
764 1832 795 1882 In
820 1831 937 1897 propriis
958 1830 1071 1897 peccatis
1094 1848 1150 1882 non
1164 1832 1260 1883 erube·

728 1918 834 1955 scamus
845 1904 987 1968 homines;
1001 1904 1047 1954 sed
1061 1904 1218 1967 timeamus,
1232 1915 1261 1955 ut

727 1984 841 2041 oportet,
866 1975 964 2035 Deum,
985 1975 1033 2040 qui
1050 1985 1077 2026 et
1098 1990 1173 2025 nunc
1189 1975 1262 2025 videt

728 2060 789 2112 quae
816 2044 893 2106 fiunt,
909 2054 936 2094 et
955 2054 1018 2095 tunc
1040 2044 1123 2111 punit
1148 2060 1195 2096 eos
1215 2045 1260 2111 qui

729 2134 784 2169 non
813 2117 999 2183 poenitentiam
1018 2117 1063 2167 hic
1087 2126 1180 2183 agunt.
1208 2117 1260 2176 Qui

728 2189 802 2239 enirn
816 2187 1003 2238 verecundiam
1019 2187 1166 2239 hominum
1180 2187 1263 2254 inspi-

728 2260 765 2312 cit
778 2275 850 2309 nunc
864 2261 960 2318 solum,
984 2259 1040 2309 Deo
1061 2269 1154 2311 autem
1174 2260 1262 2326 inspi-

727 2333 821 2393 ciente,
836 2348 893 2382 non
909 2332 1105 2384 verecundatur
1120 2348 1200 2399 agere
1210 2333 1261 2383 ali·

727 2403 801 2470 quod
836 2401 1048 2467 inconveniens,
1087 2419 1176 2471 neque
1204 2404 1261 2455 vult

728 2474 855 2540 poer'ritere
881 2482 907 2525 et
934 2475 1122 2538 transmutari;
1156 2475 1187 2526 in
1215 2474 1261 2525 illo

727 2546 780 2608 die,
794 2545 921 2595 universo
937 2545 1001 2595 orbe
1016 2555 1149 2596 terrarum
1170 2546 1262 2597 consi·

727 2617 854 2676 derante,
894 2614 1118 2681 exemplificatur.
1162 2617 1263 2667 Omnia

728 2691 802 2743 enim
822 2693 901 2742 utin
928 2691 1047 2757 imagine
1069 2702 1134 2742 tunc
1153 2692 1264 2743 stabunt

729 2764 875 2815 secundum
897 2765 991 2814 oculos
1020 2758 1196 2825 nostros,'ut
1216 2778 1264 2830 pet·

729 2852 757 2887 se
786 2836 980 2887 condemnatus
1003 2836 1196 2903 unusquisque
1218 2835 1262 2887 sit

729 2909 768 2959 De
789 2908 893 2974 reliquo
911 2907 1002 2973 igitur,
1018 2909 1041 2957 si
1059 2924 1114 2957 non
1128 2907 1187 2958 vult
1200 2906 1263 2974 quis

728 2979 860 3046 divulgari
875 2995 936 3047 quae
956 2996 1005 3030 sua
1019 2991 1083 3031 sunt
1095 2981 1124 3030 in
1145 2979 1261 3040 iliadis,

728 3061 804 3102 sanet
815 3051 869 3116 jam
888 3052 1011 3116 vulnera3
1034 3051 1117 3101 instat
1139 3050 1217 3101 enim
1230 3050 1263 3102 de

728 3121 834 3187 reliquo
867 3137 999 3172 noxarum
1024 3131 1142 3188 tempus.
1171 3121 1264 3174 Simus

730 3207 834 3259 semper
860 3192 963 3259 parati,
990 3208 1045 3242 non
1074 3206 1185 3258 semper
1210 3191 1262 3243 ho·

729 3281 791 3317 rum
811 3274 969 3332 potestatem
991 3263 1164 3315 habebimus.
1186 3264 1263 3325 Quo-

729 3339 808 3400 circa,
824 3338 869 3389 hic
891 3338 1080 3411 poeniteamus,
1102 3347 1134 3389 ut
1147 3338 1264 3406 itapro-

728 3411 826 3478 pitium
833 3411 920 3462 Deum
934 3411 1104 3462 inveniamus
1113 3412 1264 3464 secundum

729 3483 848 3535 futuram
873 3484 955 3546 diem,
980 3493 1006 3535 et
1019 3483 1105 3535 multa
1127 3484 1266 3551 potiamur

729 3559 786 3625 ejus
808 3558 949 3610 clementia
973 3575 980 3609 :
1006 3577 1020 3607 n
1044 3557 1103 3610 haec
1122 3559 1265 3628 Cla-raos-

729 3636 825 3682 lomus
