2632 4320
500 765 820 893 VITAE

520 1127 648 1179 nomm
664 1127 794 1208 nosnni

98 1426 446 1602 isso
554 1425 1208 1600 annisi]

375 1843 546 1928 PARS
604 1839 938 1929 SECUNDA

555 2254 722 2326 CAPUT
748 2256 763 2322 1

264 2558 317 2624 De
337 2555 547 2648 coaffessione
562 2577 651 2626 verae
659 2555 764 2648 fidei,
782 2577 883 2646 quam
905 2557 1038 2622 Petrus

476 2671 564 2762 fecit
578 2694 649 2764 pro
667 2670 835 2740 omnibus.

497 2920 641 2983 Matthaei
663 2941 729 3003 cap.
759 2923 807 2983 16.

130 3175 140 3208 1
161 3158 262 3209 Sconus
275 3176 401 3211 sncunnm
414 3175 515 3210 sannis.
527 3187 558 3197 -
572 3159 630 3210 Pri·
682 3187 712 3196 -
727 3160 792 3210 Post
812 3159 951 3228 praemissa
966 3175 1029 3226 ergo
1051 3159 1121 3210 venit
1133 3159 1214 3209 lesus

94 3244 140 3277 ma
159 3243 220 3293 pars
235 3229 297 3280 libri
315 3230 405 3296 hujus,
421 3244 482 3296 quae
495 3229 629 3296 praecedit,
682 3239 811 3296 tanquam
837 3231 964 3294 Salvator,
998 3229 1099 3296 ubique
1121 3230 1215 3278 lumen

95 3298 200 3347 nullam
213 3299 246 3350 de
260 3300 387 3350 Passione
400 3299 567 3350 mentionem
582 3316 630 3351 ex·
682 3300 810 3351 doctrinae
828 3316 964 3366 spargens,
979 3301 1081 3366 ubique
1095 3298 1214 3364 perditos

94 3384 188 3435 presse
214 3369 291 3435 facit;
319 3373 435 3423 secunda
458 3370 521 3422 vero
552 3388 629 3438 pars,
682 3385 820 3436 quaerens,
846 3371 948 3436 ubique
976 3371 1133 3438 poenitentes
1160 3369 1216 3418 sal·

95 3457 158 3508 quae
181 3442 227 3493 hic
253 3444 390 3510 sequitur,
419 3444 571 3511 frequenter
597 3447 631 3497 de
682 3459 760 3505 vam,
786 3445 813 3495 in
833 3451 929 3510 partes
954 3456 980 3496 et
1003 3443 1069 3494 fines
1090 3441 1215 3502 civitatis,

96 3513 224 3564 Passione
239 3513 303 3565 facit
315 3515 490 3585 mentionem,
504 3525 530 3566 et
547 3526 629 3568 totam
682 3531 743 3581 quae
767 3516 904 3568 Caesarea·
924 3515 1045 3580 Philippi
1063 3514 1215 3574 vocabatur,

95 3584 217 3635 continet
234 3586 397 3649 Passionem,
412 3598 439 3638 et
457 3602 550 3638 eorum
569 3602 630 3654 quae
682 3588 727 3636 sed
743 3602 815 3637 nunc
830 3588 932 3638 Paneas
948 3585 1054 3635 dicitur.
1074 3584 1217 3651 Philippus

95 3655 166 3705 ultra
182 3665 248 3705 sunt
260 3656 365 3709 seriem.
682 3661 755 3710 enim
769 3660 924 3720 Tetrarcha,
937 3660 1017 3709 frater
1033 3658 1156 3718 Herodis,
1176 3655 1217 3706 ci-

129 3742 143 3774 2
160 3728 384 3779 Unniscnsannm
398 3731 521 3780 Pnnnn
542 3747 626 3782 smus.
681 3731 792 3782 vitatem
807 3731 881 3781 illam
901 3727 1040 3779 renovavit
1059 3738 1086 3780 et
1100 3725 1216 3793 amplia·

159 3845 227 3895 Vm
241 3845 303 3896 Jssu
318 3845 435 3907 Canism,
448 3862 534 3897 nonus
558 3848 602 3898 111.
1110 3861 1118 3895 1
