2632 4320
327 249 374 300 DE
388 246 565 301 1NV1anls
581 248 628 298 ΑΙ)
643 246 803 311 NUPTlAS,
819 246 897 298 ETC.

57 366 108 415 hoc
123 365 245 415 multum
259 363 368 414 deberet
387 379 439 414 nos
452 373 559 423 terrere,
571 372 598 414 et

58 436 95 487 ad
121 434 306 486 humilitatem
329 449 445 493 movere,
472 434 537 500 quia
558 443 598 484 est

56 507 138 557 nobis
162 506 308 566 incertum,
338 516 433 556 utrum
455 504 542 556 simus
564 505 597 555 de

58 578 107 629 illu
120 592 205 644 parvo
217 591 331 627 numero
348 577 503 628 electorum.
519 575 596 626 Unde

58 648 214 714 Gregorius
227 665 235 698 :
251 648 361 698 «Tanto
372 663 435 713 ergo
448 646 501 696 sibi
510 661 597 696 unus-

1134 244 1185 296 263

650 361 784 424 dentium
802 371 885 421 sexta,
906 361 970 428 quia
991 375 1089 427 magna
1104 360 1139 410 de
1157 374 1186 411 se

650 441 883 501 presumpserunt
902 433 1034 483 credendo
1046 440 1073 481 et
1084 431 1185 496 majora

648 507 780 573 jactando,
797 505 872 555 unde
887 520 968 570 supra
979 505 1096 555 sNonne
1110 517 1183 554 man·

649 578 816 628 ducavimns.
842 591 935 628 coram
980 582 1018 638 te,
1052 581 1079 626 et
1116 574 1184 625 bibi—

648 663 715 712 mus,
743 658 813 710 etc.;
835 658 861 698 et
889 647 1013 714 sequitur
1035 662 1042 696 ε
1068 646 1110 696 Ibi
1130 645 1183 696 erit

55 718 175 785 quisque
188 726 298 779 metuat,
316 717 382 768 etin
401 716 555 767 humilitate
566 731 596 767 se
640 720 725 787 fletus
745 724 772 769 et
790 718 893 769 stridor
907 718 1043 779 dentium·
1058 716 1181 782 septima,

54 791 199 857 deprimat,
227 799 328 856 quanto
363 789 387 839 si
420 789 457 839 sit
493 789 595 839 electus

55 861 172 927 ignorat,
191 860 255 927 quia
274 861 348 926 quod
365 875 435 925 saepe
449 860 594 911 dicendum

54 941 105 991 est,
115 940 143 982 et
164 931 224 982 sine
243 930 380 982 oblivione
398 931 591 981 retinendum:

54 1001 142 1052 Multi
157 1008 220 1052 sunt
241 1002 338 1064 vocati,
358 1002 441 1066 pauci
456 1016 520 1053 vero
536 1001 593 1052 ele-

55 1076 93 1126 cti
104 1092 114 1125 .·
127 1093 143 1122 n
158 1074 217 1125 haec
230 1075 396 1140 Gregorius.

88 1162 104 1212 7
139 1146 245 1197 Faunus
268 1162 302 1196 aa
333 1162 446 1199 srnruon
474 1160 593 1196 nentrum

56 1233 163 1269 suerrus
181 1234 208 1268 ur
232 1218 384 1269 Evandrum
396 1233 547 1268 naounrua.
560 1244 593 1255 -

56 1290 93 1341 Et
116 1289 266 1339 notandum
291 1290 364 1355 quod
388 1289 440 1339 hoc
459 1289 590 1339 verbum:

58 1364 100 1415 Ibi
121 1363 176 1414 erit
190 1363 276 1429 fletus
296 1369 323 1413 et
338 1363 441 1413 stridor
463 1362 599 1424 dentium,

58 1435 87 1485 in
99 1444 206 1500 septem
215 1434 282 1484 locis
295 1433 433 1499 Evangelii
443 1432 551 1498 legitur,
565 1443 592 1483 et

58 1506 110 1556 hoc
132 1514 226 1554 contra
251 1515 355 1570 septem
380 1505 448 1555 vitia
474 1504 592 1554 maxime

57 1578 241 1644 praelatorum,
261 1579 410 1627 secundum
430 1577 504 1643 quod
526 1576 592 1626 ubi-

58 1665 112 1716 que
134 1648 164 1698 in
181 1648 341 1713 precedenti
361 1648 449 1698 littera
472 1647 593 1698 redditur

58 1734 159 1770 causa:
177 1719 265 1785 prima
279 1734 359 1770 causa
380 1728 429 1779 est,
448 1718 512 1784 quia
522 1718 591 1767 male

57 1789 234 1851 intraverunt,
253 1790 354 1840 scilicet
368 1805 415 1856 per
435 1804 590 1850 nummum,

59 1878 115 1913 non
137 1877 187 1928 per
208 1863 305 1928 Deum,
328 1878 377 1929 per
406 1863 589 1928 cupiditatem,

57 1952 112 1986 uon
145 1951 194 2000 per
217 1936 365 1994 caritatem,
396 1937 468 1987 unde
492 1935 593 1986 dicitur

58 2008 103 2059 hic
116 2024 124 2059 τ
140 2007 280 2069 Quomodo
291 2008 342 2058 huc
353 2009 462 2059 intrasti
474 2023 525 2060 non
539 2009 592 2059 lta-

60 2081 122 2130 lens
136 2085 234 2130 nesoem
243 2079 397 2144 nuptialem,
414 2089 439 2129 et
453 2079 593 2146 sequitur:

59 2151 99 2202 lbi
124 2150 179 2202 erit
200 2149 281 2216 fletus
293 2156 320 2201 et
340 2149 444 2200 stridor
457 2151 592 2208 dentium

58 2222 185 2281 secunda,
204 2220 268 2287 quia
291 2221 361 2271 male
385 2221 517 2280 vixerunt,
535 2236 591 2270 non

57 2293 128 2344 sicut
143 2300 273 2357 pastores,
288 2292 334 2342 sed
356 2291 426 2342 sicut
439 2293 591 2357 praedones,

58 2379 113 2414 uon
128 2362 201 2413 sicut
222 2361 359 2428 Episcopi,
374 2363 420 2411 sed
445 2362 517 2412 sicut
530 2361 592 2426 epi-

58 2435 141 2496 curei,
157 2434 232 2484 unde
245 2448 328 2499 supra
341 2434 375 2484 de
389 2447 507 2499 sagena:
523 2433 593 2483 Ma-

59 2509 98 2560 los
108 2513 199 2558 autem
207 2505 292 2571 foras
305 2507 443 2568 miserunt,
460 2515 486 2554 et
500 2504 593 2570 sequi-

59 2589 103 2629 tur
132 2594 144 2628 t
171 2576 215 2628 ln·
245 2575 298 2626 erit
320 2575 406 2642 fletus
431 2581 458 2625 et
487 2575 591 2624 stridor

57 2647 192 2712 dentium
221 2646 307 2709 tertia,
332 2645 397 2713 quia
420 2643 488 2695 alios
512 2658 593 2694 scan-

57 2718 249 2778 dalizaverunt,
287 2717 357 2767 sicut
397 2717 465 2782 lapis
501 2716 591 2766 subito

58 2802 200 2839 occurrens
217 2787 289 2853 pedi,
310 2786 373 2837 facit
392 2787 483 2852 ipsum
502 2786 592 2852 cespi-

58 2869 113 2911 tare
141 2868 171 2910 et
197 2858 343 2922 offendere,
373 2860 447 2909 unde
480 2872 590 2924 supra:

58 2929 96 2980 Et
116 2929 300 2995 colligentia
320 2943 405 2995 regno
423 2929 481 2995 ejus
501 2929 591 2980 omnia

58 3000 199 3062 scandala,
217 3009 245 3052 et
259 2999 403 3066 sequitur:
421 3000 463 3050 Ibi
474 2999 592 3066 eritfle-

56 3081 102 3125 ιω
130 3079 159 3124 ei
187 3073 291 3124 stridor
318 3073 453 3136 dentium3
488 3082 592 3138 quarta,

58 3145 124 3213 quia
135 3145 164 3196 in
179 3146 301 3196 docendo
316 3156 343 3196 et
356 3147 471 3211 regendo
482 3144 594 3195 inutiles

56 3218 177 3282 fuerunt,
204 3218 278 3269 unde
300 3216 371 3268 infra
384 3234 393 3268 ε
406 3218 519 3268 Servum
551 3215 594 3266 in-

58 3289 149 3339 utilem
166 3287 295 3355 proiieite
320 3290 347 3339 in
364 3289 489 3339 tenebras
515 3294 595 3340 exte-

56 3359 155 3424 riores,
171 3369 199 3411 et
219 3360 343 3427 sequitur
353 3361 423 3428 ‚albi
444 3361 496 3411 erit
509 3360 595 3426 fletus

53 3439 80 3485 et
104 3432 212 3485 stridor
240 3433 378 3497 dentium5
403 3433 508 3499 quinta,
529 3434 594 3499 quia

55 3503 182 3555 subditos
194 3513 222 3555 et
235 3503 362 3570 superbia
373 3504 448 3554 verbi
465 3513 492 3555 et
505 3505 597 3555 arari-

51 3574 90 3626 tia
101 3573 166 3626 facti
182 3583 387 3642 oppresserunt,
411 3575 483 3625 unde
506 3575 594 3627 infra:

54 3644 90 3696 Si
110 3644 220 3697 delenit
248 3659 344 3696 servus
367 3645 464 3707 maluo,
492 3660 595 3698 moram

46 3716 128 3784 jacit
146 3717 281 3769 Dominm
300 3731 384 3777 meus,
399 3727 449 3768 etc.
464 3733 470 3780 ;
484 3725 594 3783 partem

55 3801 136 3838 suam
144 3793 229 3854 ponet
249 3802 308 3839 cnm
324 3788 489 3856 hypocritis,
505 3800 532 3840 et
548 3806 595 3840 se-

54 3858 152 3926 quitur
169 3858 238 3910 sliri
264 3859 317 3910 erit
332 3859 418 3925 fletus
441 3866 467 3910 et
489 3861 594 3912 stridor

648 791 712 858 quia
729 807 784 840 non
800 789 993 855 poenituerunt,
1014 787 1093 838 elatio
1108 787 1182 838 enim

647 861 781 926 superbiae
793 868 923 926 repugnat
935 858 1083 908 humilitati
1098 857 1182 924 poeni-

647 932 746 991 tentiae,
760 931 831 982 unde
852 945 932 995 supra
948 930 982 979 de
996 928 1182 979 Centurioue:

647 1005 715 1056 Filii
724 1011 813 1056 autem
822 1005 902 1071 regni
912 1004 1049 1070 ejicientur
1056 1003 1140 1068 foras
1154 1003 1181 1053 in

646 1079 769 1130 tenebras
791 1079 952 1138 exteriores
979 1087 1005 1127 et
1033 1077 1182 1142 sequitur:

646 1153 687 1203 lbi
701 1151 754 1202 erit
759 1153 843 1218 fletiis
857 1156 884 1201 et
896 1150 999 1201 stridor
1011 1149 1140 1199 dentiam.

677 1221 693 1272 8
719 1223 828 1282 Quurnu
843 1222 1000 1272 Canrsrmnr
1025 1219 1184 1271 vocanrtm?

645 1323 676 1333 -
691 1294 746 1344 Has
777 1309 841 1360 ergo
870 1293 973 1344 Christi
1004 1302 1031 1342 et
1053 1291 1182 1342 Ecclesiae

646 1367 755 1434 nuptias
776 1376 832 1416 tota
852 1375 944 1416 mente
962 1365 1116 1431 diligamus,
1131 1364 1183 1414 ha·

644 1457 705 1491 rum
732 1440 838 1507 gaudiis
861 1439 1016 1490 coelestibus
1045 1437 1181 1488 indefessa

645 1514 778 1563 bonorum
793 1511 947 1562 intentione
960 1511 1120 1576 jungamur;
1134 1508 1183 1559 has
1226 1517 1228 1520 ·

644 1584 708 1650 quia
730 1597 778 1649 per
799 1581 881 1632 fidem
905 1581 992 1631 vocati
1007 1580 1181 1640 intravimus,

644 1655 747 1704 mundo
766 1652 918 1702 dilectionis
934 1650 1028 1700 habitu
1049 1650 1183 1701 celebrare

642 1738 775 1782 curemus,
793 1731 946 1788 nostraeque
961 1719 1077 1770 actionis
1096 1719 1180 1769 simul

643 1808 669 1847 et
697 1792 867 1861 cogitationis
886 1791 1004 1842 maculas
1024 1799 1085 1840 ante
1107 1789 1180 1840 diem

643 1865 755 1917 extremi
769 1862 945 1921 discriminis,
967 1860 1018 1926 ipsi
1033 1859 1180 1911 sollicitius

644 1936 822 1990 examinando
859 1936 1005 1995 diluamus,
1042 1948 1076 1982 ne
1111 1933 1179 1983 forte

644 2021 708 2061 tunc
723 2007 875 2075 ingrediens
890 2020 951 2068 rex,
974 2005 997 2055 si
1015 2004 1115 2055 viderit
1128 2017 1181 2054 nos

645 2080 790 2147 iiuptialem
803 2078 921 2128 caritatis
943 2083 1043 2128 vestem
1061 2090 1113 2126 non
1127 2075 1181 2125 lta-

645 2154 742 2214 bentes,
761 2150 850 2215 ejiciat
871 2165 931 2210 nos,
946 2155 974 2198 et
994 2147 1094 2212 ligatis
1108 2161 1124 2196 a
1138 2143 1182 2196 fa-

646 2226 743 2275 cultate
765 2223 836 2273 bene
858 2221 957 2287 agendi
984 2220 1106 2270 manibus
1129 2231 1183 2268 no·

645 2297 717 2359 stris,
731 2309 763 2347 ac
772 2295 897 2361 pedibus,
913 2294 940 2344 in
955 2294 1080 2343 tenebras
1094 2291 1183 2341 mittat

644 2370 807 2419 exteriores.
824 2366 853 2417 Si
868 2365 932 2432 quis
945 2364 1019 2414 enim
1032 2363 1059 2412 in
1074 2372 1183 2426 tempo-

645 2452 673 2488 re
685 2437 776 2503 judicii
790 2435 873 2486 fuerit
887 2437 1013 2485 inventus
1030 2433 1081 2482 sub
1093 2430 1185 2480 norni-

644 2524 677 2558 ne
703 2508 860 2558 Christiano
885 2520 941 2554 non
971 2503 1076 2552 habens
1102 2514 1184 2565 opera

645 2576 803 2636 Christiani,
834 2576 927 2626 statim
954 2571 1123 2631 corripietur,
1153 2579 1182 2620 et

643 2649 734 2700 audiet
766 2649 839 2698 istud
867 2663 883 2697 a
914 2662 977 2712 rege
1005 2643 1058 2695 sibi
1087 2643 1140 2692 dici
1169 2657 1180 2692 e

644 2720 745 2784 Amice,
766 2721 896 2786 quomodo
919 2719 969 2769 ltuc
992 2715 1102 2767 intrasti
1128 2726 1180 2765 non

643 2793 743 2843 labens
767 2798 865 2842 vestem
899 2787 1071 2856 nuptialem?
1093 2787 1178 2847 Quasi

643 2864 758 2914 diceret:
770 2863 872 2928 thuid
886 2859 1058 2914 Christianus
1074 2874 1102 2909 es
1111 2858 1180 2910 effe-

643 2944 711 2992 ctus,
743 2948 805 2984 cum
841 2949 921 2999 opera
953 2941 1000 2982 tua
1032 2945 1089 2980 nou
1122 2930 1179 2981 sint

645 3006 807 3057 Christiani?
827 3007 924 3056 Nullus
945 3005 1035 3072 itaque
1051 3005 1085 3055 de
1097 3003 1187 3055 vocal

644 3075 718 3126 tione
729 3077 981 3142 praesumat,-donec
999 3076 1033 3126 de
1056 3075 1180 3142 adeptio·

646 3161 680 3197 ne
699 3145 763 3196 finis
795 3161 905 3198 securus
939 3146 1047 3198 existat.
1074 3148 1180 3197 Omnes

645 3220 756 3287 quidem
772 3232 848 3272 vocat
861 3222 935 3272 Deus
950 3222 1088 3272 voluntate
1101 3228 1181 3270 ante-

646 3292 764 3353 cedente,
796 3294 944 3343 secundum
977 3307 1060 3358 quam
1090 3301 1180 3340 omnes

646 3362 765 3413 homines
777 3364 835 3414 vult
847 3365 939 3414 salvos
946 3363 1014 3430 fieri
1020 3379 1030 3425 ,·
1045 3371 1070 3411 et
1089 3369 1180 3410 tamen

642 3433 728 3500 pauci
745 3440 807 3484 sunt
827 3434 913 3498 electi,
929 3434 993 3500 quia
1009 3432 1085 3499 pauci
1101 3429 1182 3480 beati-
1204 3455 1207 3461 ·

647 3505 768 3556 tudinem
804 3499 1022 3573 consequuntur,
1059 3511 1181 3568 respectu

648 3593 748 3628 eorum.
756 3578 804 3644 qui
819 3579 1041 3629 condemnantur.
1061 3574 1183 3626 Nonnul-

648 3647 666 3696 li
694 3649 805 3714 quidem
831 3649 930 3709 vocati,
953 3662 1001 3698 nec
1030 3646 1180 3711 incipiunt;

648 3723 774 3772 nonnulli
794 3737 858 3773 vero
874 3723 903 3772 in
924 3721 1003 3771 bonis
1020 3734 1081 3786 quae
1095 3719 1183 3770 incoe-

647 3802 744 3857 perurit
755 3792 868 3842 minime
882 3792 1043 3858 persistunt3
1060 3800 1085 3840 et
1099 3789 1180 3840 multi

646 3862 727 3913 fidem
744 3863 902 3929 percipiunt,
922 3863 968 3913 sed
984 3871 1105 3929 respectu
1119 3874 1181 3910 nra·
