2632 4320
144 205 187 259 .66
435 208 612 260 SECUNDAE
628 208 755 259 PARTIS
770 211 888 263 CAPUT
904 214 972 265 vm.

149 333 212 375 sunt
230 332 310 374 testes
333 324 476 374 inducendi
494 325 527 374 ad
542 323 604 374 facti
617 340 682 390 pro-

149 397 297 460 bauionem,
311 397 358 462 qui
371 396 446 461 prius
460 397 566 448 fuerant
578 398 681 448 inducti

147 468 181 527 ad
195 467 285 519 fratris
310 479 438 519 secretam
459 470 680 530 admonitionem,

147 538 240 605 utqui
262 541 399 590 emendari
415 541 502 592 noluit
515 541 681 606 correptione

146 610 270 671 fraterna,
293 612 321 661 in
343 613 442 676 judicio
456 614 596 664 convictus
610 629 681 663 coer-

147 690 237 730 ceatur
252 697 268 731 a
283 682 394 735 malitia.
419 685 496 744 Quos
513 694 603 734 autem
624 700 680 733 non

145 761 222 816 potes
233 752 412 818 corripiendo,
426 764 474 805 aut
491 755 627 804 monendo
638 755 680 804 vel

139 825 295 875 accusando
318 836 482 886 convertere,
504 826 611 876 studeas
624 827 680 876 sal-

146 902 201 943 tem
215 896 316 945 orando
329 897 477 962 acquirere.

180 961 194 1012 3
224 964 303 1015 Parus
333 982 473 1016 asccnnrrs
499 982 610 1017 austrea
632 981 680 1016 nac

87 1054 91 1061 ·
146 1051 280 1088 muniar
302 1055 442 1090 voasurrs.
466 1039 620 1090 -Deinde
646 1041 680 1090 ad

146 1124 253 1173 poenam
277 1111 411 1175 peccantis
432 1112 538 1177 publice
552 1112 679 1177 procedit,

148 1179 239 1230 dicens
254 1181 308 1231 :Si
324 1188 411 1232 aulem
426 1189 452 1233 et
464 1183 615 1234 Ecclesiam
629 1198 680 1234 non

146 1251 272 1312 audierit,
300 1263 461 1317 praeceptum
485 1254 587 1318 praelati
615 1269 681 1303 con-

147 1322 301 1382 temnendo,
327 1322 365 1372 sit
386 1322 434 1373 tibi
456 1324 526 1374 sicut
549 1324 681 1374 Ethnicus

146 1397 173 1440 et
192 1391 366 1454 Publicanos,
382 1393 411 1442 in
429 1409 543 1443 numero
568 1393 680 1443 fratrum

146 1478 203 1511 non
226 1464 433 1528 computandus,
449 1464 476 1513 id
490 1475 530 1514 est
544 1474 681 1531 separetur

146 1536 364 1587 acommunione
378 1536 500 1587 fidelium
515 1553 562 1603 per
578 1553 681 1587 excom-

145 1604 357 1656 municationem
380 1618 407 1657 et
434 1623 575 1658 censuram
601 1608 681 1658 eccle-

144 1673 294 1739 siasticam
315 1686 341 1726 et
364 1678 453 1728 devita
472 1695 535 1728 eum
550 1689 679 1744 tanquam

142 1742 300 1794 haereticum
321 1757 348 1797 et
362 1750 637 1813 excommunicatum,
649 1760 680 1800 ut

143 1817 183 1867 vel
208 1819 302 1868 saltem
334 1821 435 1885 pudore
458 1823 622 1888 corrigatur,
654 1832 680 1872 et

145 1889 299 1954 opprobriis
316 1893 441 1943 salvetur.
458 1893 592 1942 Ethnicus
607 1893 679 1943 dici-

144 1971 188 2010 tur
211 1962 336 2027 gentilis3
353 1955 456 2028 ’Έθνος
478 1962 552 2011 enim
573 1963 678 2027 Graece,

145 2049 212 2099 gens
225 2043 264 2083 est
275 2034 379 2084 Latine.
397 2033 559 2083 Publicanus
571 2034 678 2098 dicitur,

146 2106 193 2171 qui
218 2107 291 2157 lucra
314 2106 398 2156 seculi
411 2115 528 2155 sectatur
544 2122 591 2171 per
605 2107 679 2158 frau-

147 2177 223 2236 dem,
245 2175 316 2226 iurta
352 2186 378 2227 et
411 2177 543 2241 perjuria,
569 2178 612 2227 vel
632 2178 679 2242 qui

147 2247 318 2312 publicorum
328 2256 434 2297 exactor
446 2257 486 2296 est
499 2247 679 2313 vectigalium.

149 2318 340 2382 Proponuntur
365 2328 456 2368 autem
480 2317 525 2367 isti
545 2318 572 2367 in
589 2334 680 2368 exem-

146 2387 241 2452 plum,
266 2388 329 2453 quia
353 2388 423 2453 apud
451 2389 575 2448 iudaeos,
603 2389 680 2454 quasi

144 2460 370 2511 excommunicati
383 2461 525 2521 habentur,
540 2477 594 2511 non
607 2463 679 2512 enim

144 2531 184 2582 eis
196 2542 353 2597 coutuntur;
370 2543 396 2583 et
411 2533 440 2582 in
461 2533 512 2583 hoc
533 2534 611 2599 culpa
623 2535 681 2599 ejus

144 2615 171 2656 et
212 2605 357 2671 pertinacia
394 2605 480 2671 magis
518 2606 681 2657 detestabilis

145 2679 305 2729 ostenditur.
333 2679 521 2729 Detestabilior
542 2680 614 2730 enim
641 2690 681 2731 est

145 2747 174 2797 in
190 2749 285 2799 eodem
298 2764 395 2813 genere
409 2749 518 2814 peccati,
529 2759 555 2799 et
570 2752 681 2815 paribus

145 2818 207 2869 aliis
222 2818 441 2877 circumstantiis,
457 2819 504 2884 qui
522 2821 573 2868 sub
589 2821 679 2870 norni-

145 2903 180 2939 ne
208 2887 296 2939 fidelis
323 2888 380 2955 agit
407 2904 488 2954 opera
514 2888 679 2951 infidelium,

145 2974 228 3024 quam
240 2959 288 3025 qui
302 2968 392 3025 aperte
406 2959 528 3010 Gentiles
541 2969 612 3010 sunt.
626 2961 680 3010 Nec

144 3039 236 3081 tamen
264 3031 324 3082 ideo
350 3031 510 3098 negligenda
542 3042 581 3083 est
608 3034 680 3084 salus

146 3101 218 3166 ejus3
233 3117 295 3151 nam
311 3111 336 3152 et
352 3101 475 3168 ipsorum
492 3103 642 3153 Gentilium
654 3114 680 3155 et

144 3170 356 3222 Publicanorum
378 3174 491 3223 salutem
514 3189 621 3240 semper
634 3174 679 3223 in-

144 3245 289 3313 quirimus·
304 3245 394 3296 Prima
412 3262 475 3312 ergo
494 3248 626 3314 correptio
640 3258 680 3298 est

145 3317 256 3380 amoris;
283 3317 409 3376 secunda,
435 3318 558 3381 timoris3
593 3319 678 3379 tertia,

145 3390 281 3457 pudoris:
297 3390 361 3456 quia
384 3390 472 3456 primo
496 3391 577 3442 frater
600 3408 679 3443 revo-

145 3463 246 3513 candus
269 3471 310 3512 est
329 3477 434 3525 timore;
459 3472 485 3531 et
507 3461 530 3512 si
553 3462 606 3512 hoc
625 3478 679 3512 non

145 3533 260 3598 proficit,
286 3534 448 3603 revocandus
464 3543 504 3584 est
524 3533 634 3597 timore;
653 3543 679 3584 et

143 3603 167 3653 si
181 3605 234 3656 hoc
255 3620 308 3655 non
322 3604 430 3664 sufficit,
453 3605 616 3655 revocandus
638 3615 678 3655 est

144 3674 256 3739 pudore.
281 3677 351 3727 Sane
376 3675 519 3741 praedictus
542 3675 607 3725 ordo
623 3674 678 3726 fra-

145 3753 227 3796 ternae
241 3745 418 3813 correptionis
436 3744 599 3810 intelligitur
618 3754 677 3796 tan-

144 3819 202 3866 tum
220 3818 253 3869 de
267 3818 463 3870 criminalibus.
478 3818 571 3867 Solent
585 3826 677 3868 autem

736 327 891 378 claustrales
914 343 943 379 se
965 328 994 379 in
1016 329 1074 379 suis
1087 329 1213 395 capitulis
1223 346 1266 381 ac-

735 412 836 458 cusare,
846 414 901 448 non
915 399 1055 464 praemissa
1065 401 1252 453 admonitione
1256 420 1264 467 ;

734 478 823 518 caveat
844 478 934 519 tamen
957 485 1094 531 accusans,
1119 486 1154 521 ne
1173 473 1266 524 hocad

734 537 932 599 infamandum,
955 540 1003 589 sed
1025 540 1059 589 ad
1079 541 1266 608 corrigendum

734 608 828 673 faciat3
844 610 909 675 quia
923 611 1000 660 aliter
1012 611 1128 677 graviter
1141 625 1266 678 peccaret

733 681 848 731 Felicior
861 692 902 732 est
918 681 964 748 qui
979 683 1101 748 seipsum
1114 696 1230 746 accusat,
1242 697 1267 738 et

733 753 933 804 excusationem
946 755 1118 806 aliundenon
1127 768 1267 823 exspectat.

710 891 715 898 Ι
733 823 768 873 Et
790 840 824 874 ne
844 824 907 890 quis
928 827 1059 891 superbus
1077 829 1268 892 sequestratio-

734 911 807 958 nem,
826 896 868 946 vel
893 897 1207 951 excommunicationem
1231 910 1267 951 ta·

734 967 786 1017 lem
799 977 992 1027 contemneret,
1005 977 1166 1033 potestatem
1175 970 1269 1023 tribuit

733 1036 880 1102 Apostolis,
906 1047 936 1087 ut
959 1038 1045 1088 sciant
1067 1039 1116 1105 qui
1139 1055 1156 1089 a
1170 1040 1268 1092 talibus

733 1107 904 1169 damnantur,
928 1124 1023 1158 eorum
1036 1110 1200 1161 sententiam
1214 1128 1268 1162 non

733 1181 977 1244 contemnendam;
999 1181 1064 1247 quia
1082 1183 1167 1232 robur
1182 1192 1208 1233 et
1221 1182 1268 1234 fir·

734 1249 855 1299 mitatem
879 1250 993 1301 habeta
1014 1252 1071 1301 Deo
1092 1251 1268 1303 confirmante

734 1318 764 1367 in
777 1319 853 1382 coelo,
869 1321 943 1385 quod
962 1320 1087 1371 minister
1100 1323 1159 1386 ejus
1170 1321 1233 1374 facit
1243 1322 1269 1373 in

733 1400 812 1440 terra.
823 1390 900 1440 Unde
914 1390 999 1441 dicit:
1013 1393 1097 1441 Amen
1110 1392 1172 1444 dico
1186 1392 1268 1455 vobit,

733 1475 893 1527 quaecunqua
917 1462 1072 1528 ligaveritis
1104 1479 1188 1530 super
1211 1471 1269 1516 ter·

733 1546 802 1596 ram,
817 1532 845 1582 id
866 1543 907 1583 est
930 1533 959 1583 in
980 1534 1101 1585 Ecclesia
1125 1536 1269 1595 militante,

732 1604 766 1653 ab
779 1619 809 1653 ea
825 1605 1000 1665 excludendo,
1026 1613 1105 1656 crunt
1127 1607 1221 1674 ligata
1245 1614 1270 1659 et

733 1673 759 1723 in
776 1675 852 1738 coelo,
869 1675 950 1725 idest
974 1677 1003 1726 in
1026 1676 1146 1728 Ecclesia
1170 1678 1269 1729 trium-

734 1744 841 1810 phante,
865 1746 930 1811 quia
943 1747 1004 1797 talis
1020 1747 1155 1798 sententia
1169 1748 1269 1799 confir·

733 1815 850 1864 mabitur
871 1815 964 1865 divino
979 1816 1131 1881 judici03el
1152 1833 1271 1883 quoectm·

732 1899 781 1950 que
790 1885 926 1935 solveritis
936 1900 1016 1952 super
1027 1892 1139 1949 terram,
1151 1890 1269 1939 vocando

732 1957 764 2005 ad
780 1956 904 2006 Ecclesiae
923 1957 1064 2021 unitatem,
1085 1965 1167 2008 crunt
1181 1960 1270 2011 solida

733 2026 798 2076 etin
816 2026 891 2090 coelo,
907 2042 954 2092 per
968 2027 1086 2078 divinam
1101 2029 1271 2094 approbatio

735 2114 806 2148 nem.
822 2100 859 2148 Ac
879 2098 917 2149 sic
929 2099 999 2150 dicat
1012 2117 1019 2150 ς
1034 2101 1175 2152 Sententia
1185 2112 1272 2153 vestra

733 2169 811 2220 firma
824 2171 905 2220 stabit
916 2171 946 2221 in
964 2172 1115 2237 abjiciendo
1132 2182 1272 2226 contuma-

733 2255 800 2300 cem,
818 2249 844 2290 et
867 2240 896 2289 in
916 2241 1069 2307 recipiendo
1084 2243 1269 2308 poenitentem,

733 2312 854 2362 adhibita
870 2323 960 2363 tamen
980 2314 1069 2364 debita
1084 2316 1230 2382 diligentia
1239 2316 1267 2367 in

732 2383 842 2434 serendo
858 2384 1026 2437 sententiam.
1046 2385 1108 2437 Sive
1124 2397 1216 2439 autem
1227 2388 1267 2454 ju-

734 2465 782 2516 ste,
798 2455 853 2505 sive
869 2455 967 2520 injuste
985 2455 1148 2521 proferatur,
1164 2472 1266 2525 semper

734 2528 864 2579 sententia
886 2528 1002 2594 pastoris
1026 2529 1149 2581 timenda
1161 2541 1220 2595 est;
1234 2546 1264 2581 ne

733 2600 802 2651 forte
825 2602 902 2667 culpa
921 2615 983 2666 quae
997 2616 1052 2650 non
1076 2600 1107 2650 fit
1131 2617 1165 2652 ex
1178 2617 1264 2669 opere,

721 2673 778 2733 ‚fiat
793 2690 826 2724 ex
840 2675 964 2725 elatione.
981 2675 1038 2724 Hoc
1057 2673 1124 2724 dicit
1144 2675 1179 2726 ad
1194 2690 1265 2725 com·

733 2746 934 2796 mandationem
955 2745 1123 2796 auctoritatis
1136 2745 1264 2803 Ecclesia,

733 2825 759 2865 et
787 2816 821 2864 ad
856 2825 985 2866 terrorem
1024 2824 1213 2881 peccatorum;
1239 2824 1265 2867 ut

734 2894 904 2934 coerceantur
926 2901 941 2937 a
964 2886 1053 2946 malis,
1075 2896 1101 2936 et
1120 2887 1265 2952 poeniteant

733 2958 767 3007 de
796 2959 966 3020 commissis,
1001 2960 1110 3025 quando
1143 2960 1265 3019 audiunt,

732 3028 805 3093 quod
826 3028 871 3080 hic
895 3029 922 3078 in
947 3040 1016 3080 terra
1033 3038 1143 3095 propter
1163 3031 1265 3097 culpam
1307 3038 1312 3059 ²

733 3100 817 3166 ligati,
839 3100 956 3167 ligamur
980 3110 1006 3150 et
1030 3101 1060 3150 in
1084 3099 1169 3153 coelis.
1190 3099 1266 3162 Quod
1309 3120 1312 3155 :

731 3190 795 3224 vero
811 3174 856 3225 hic
870 3175 1029 3240 generaliter
1048 3174 1180 3226 omnibus
1200 3173 1267 3225 dici·
1310 3190 1312 3229 ἑ

731 3255 785 3307 tur,
804 3246 906 3297 dictum
918 3246 971 3296 luit
985 3261 1065 3311 supra
1077 3246 1158 3297 Petro
1172 3245 1267 3313 singu·
1309 3288 1312 3293 .

732 3318 831 3378 lariter,
849 3318 877 3368 in
889 3333 944 3384 quo
959 3328 1048 3369 tamen
1062 3333 1158 3369 omnes
1172 3316 1267 3369 intelli·

732 3402 842 3457 guntur.
1310 3436 1312 3445 .

762 3477 781 3526 4
804 3462 864 3513 Duo
886 3478 1010 3513 consona
1033 3478 1068 3514 nx
1093 3478 1195 3514 uuroats
1217 3477 1268 3513 curt

732 3532 881 3593 Eccnasrn,
920 3549 1020 3591 aursus
1056 3548 1269 3585 exconumar

731 3620 891 3656 nataturus.
906 3634 937 3644 -
951 3606 1054 3656 Deinde
1067 3615 1098 3658 ut
1120 3614 1268 3672 peccatores

731 3692 786 3728 non
809 3687 984 3728 contemnant
1012 3692 1122 3743 poenam
1155 3693 1210 3744 qua
1235 3675 1268 3727 ab

732 3747 849 3798 Ecclesia
874 3748 1069 3809 excluduntur,
1103 3748 1183 3813 ponit
1215 3747 1268 3797 duo

731 3818 873 3870 commoda
894 3834 927 3870 ex
956 3819 1060 3871 unitate
1089 3828 1117 3871 et
1143 3833 1268 3873 commu·
