2632 4320
121 283 168 333 DE
184 283 319 335 PASCHA
336 287 382 336 ET
396 286 511 338 VARllS
527 286 635 338 HUJUS
651 288 798 341 NOMINIS
812 291 1101 358 ACCEPT10NIBUS.
1134 293 1185 354 375

73 399 145 467 quit,
164 415 220 464 pro
243 401 319 451 nobis
343 416 444 467 passeis
467 408 518 465 est,
544 419 603 455 ecce

73 471 203 536 primum,
219 474 291 538 quod
306 483 346 523 est
360 475 504 540 diligenter
515 475 603 527 cordis

70 542 151 592 oculo
178 543 392 608 inspiciendum,
417 546 492 596 robis
516 547 602 597 relin-

70 629 154 681 quens
167 617 328 683 exeanplwn,
346 624 377 668 ut
390 619 537 684 sequantui
555 634 602 670 ve-

70 686 158 751 stigia
180 686 245 752 rjus,
270 702 332 737 ecce
351 689 512 750 seeundum,
528 690 602 756 quod

71 767 112 808 est
134 757 276 809 effioadtet
295 759 323 808 in
340 758 409 810 facto
428 760 601 812 imitandum.

102 844 118 878 2
134 829 213 878 Tou
225 843 287 880 atra
299 830 411 881 Crrnrsrr
423 847 512 882 rasam
527 846 601 882 eutr.

70 928 100 938 -
130 899 209 951 Circa
234 901 355 964 primum
383 901 524 952 sciendum
552 911 601 960 est,

69 969 144 1036 quod
165 969 190 1020 si
212 985 262 1021 nos
281 971 374 1022 omnia
395 988 455 1038 quae
475 972 602 1023 Christus

70 1041 99 1091 in
127 1042 233 1092 mundo
259 1057 353 1107 passus
379 1053 437 1104 est,
471 1044 602 1095 vellemus

69 1125 201 1177 emerere,
221 1113 428 1165 innumerabilia
448 1115 543 1181 utique
564 1131 603 1166 es·

70 1193 140 1246 tent,
155 1185 303 1250 praesertim
316 1201 378 1235 cum
390 1195 445 1237 tota
458 1187 512 1237 vita
525 1186 602 1237 Chri·

69 1255 104 1306 sti
119 1257 148 1306 ia
163 1258 242 1308 terris
260 1259 381 1324 quaedam
401 1259 492 1326 passio
511 1259 601 1311 fuerit.

71 1331 220 1393 Nimirum,
234 1348 296 1382 cum
312 1333 394 1383 etiam
411 1344 468 1384 tota
484 1333 539 1385 vita
552 1351 602 1385 cu-

70 1404 181 1470 juslibet
203 1406 370 1467 Christiani,
399 1407 422 1457 si
452 1407 601 1458 secundum

69 1477 245 1543 Evangelium
266 1478 338 1529 vivat
347 1516 357 1544 ,Ι
383 1480 508 1545 quaedam
537 1496 601 1530 crux

69 1558 152 1614 atque
170 1550 331 1615 martyrium
346 1551 390 1614 sit,
415 1560 446 1601 ut
465 1553 601 1618 Augusti-

69 1633 120 1669 nus
131 1619 209 1679 dicit,
224 1631 325 1686 quanto
339 1620 426 1686 magis
446 1621 497 1672 ltoc
520 1622 602 1672 indn-

71 1692 184 1742 bittbile
195 1703 235 1743 est
250 1693 284 1743 de
302 1694 363 1759 ipso
382 1695 501 1745 Domino
515 1695 602 1745 ‘Chri-

69 1773 120 1826 tto,
143 1764 192 1830 qui
215 1764 391 1831 Evangelium
418 1766 548 1826 condidit,
575 1776 602 1816 et

69 1833 96 1882 in
114 1834 205 1899 seipso
217 1833 413 1900 perfectissime
426 1837 600 1902 adimplevit?

71 1905 244 1956 Exordiendo
258 1906 332 1956 enim
346 1922 362 1957 a
374 1908 524 1974 primordio
544 1908 599 1960 Na-

68 1977 183 2028 tivitatis
203 1994 269 2040 suae,
286 1979 388 2046 inspice
402 1996 484 2046 quam
500 1997 601 2048 pauper

73 2059 154 2100 natus
167 2048 229 2111 fuit,
243 2050 291 2117 qui
306 2067 355 2102 nec
367 2051 537 2102 domicilium
550 2068 601 2103 ne-

68 2135 123 2186 que
136 2131 223 2171 vestes
236 2121 342 2182 habuit,
352 2124 399 2172 sed
412 2122 439 2172 in
451 2122 498 2173 vili
510 2123 600 2174 diver-

68 2189 143 2241 sorio
158 2200 247 2252 natus,
265 2191 294 2242 in
316 2192 429 2258 praesepi
443 2207 524 2258 super
538 2192 600 2244 feno

68 2261 168 2328 exiguo
178 2271 239 2312 ante
254 2262 332 2312 bruta
343 2262 471 2313 animalia
486 2262 601 2314 reclina-

68 2343 122 2394 tus,
138 2334 235 2400 pannis
255 2335 356 2385 vilibus
376 2335 515 2385 involutus
532 2335 600 2402 fuit;

68 2415 162 2456 octavo
177 2405 221 2455 die
235 2406 413 2456 circumcisus
428 2407 489 2466 fuit,
508 2407 600 2471 etjam

68 2476 229 2543 sanguinem
244 2493 324 2528 suum
336 2494 384 2545 pro
397 2477 476 2528 nobis
488 2477 601 2528 fundere

68 2549 167 2615 coepit;
187 2550 285 2601 deinde
307 2551 521 2618 persecutionem
542 2551 599 2601 He-

68 2620 144 2672 rodis
162 2620 269 2687 fugiens
294 2624 324 2674 in
340 2623 487 2689 AEgyptum
502 2623 600 2687 depor-

66 2700 150 2752 tatus,
175 2702 204 2742 et
228 2692 292 2743 inde
314 2694 420 2744 rediens
447 2706 494 2758 per
517 2702 600 2743 totam

67 2760 213 2827 pueritiam
240 2773 267 2813 et
290 2763 494 2815 adolescentiam
521 2777 599 2813 suam

68 2835 228 2900 parentibus
252 2836 397 2901 subjectus,
423 2846 449 2886 et
468 2852 523 2887 non
546 2835 600 2886 du-

68 2903 146 2955 bium
161 2905 190 2956 in
201 2922 299 2973 magna
310 2916 464 2972 paupertate
474 2908 600 2957 educatus

67 2976 128 3028 mit
157 2977 264 3028 Dehinc
290 2977 449 3029 adveniente
479 2988 600 3044 tempore

65 3047 232 3099 ostensionis
255 3063 319 3111 suae,
343 3047 446 3113 inspice
462 3047 599 3114 quomodo

66 3128 192 3184 tempore
212 3117 304 3184 magni
324 3116 433 3183 frigoris
453 3117 600 3183 baptizatus

65 3188 98 3238 in
118 3187 200 3255 aquis
223 3185 331 3254 frigidis
353 3189 439 3254 mergi
462 3188 556 3251 voluit,
574 3198 600 3238 et

65 3261 207 3327 quomodo
226 3269 348 3327 ternpore
370 3261 462 3326 jejunii
482 3262 599 3328 quadra-

66 3330 142 3397 ginta
158 3330 265 3381 dieram
280 3331 436 3381 continuato
452 3342 601 3382 maceratus

66 3401 134 3463 tuit,
162 3412 189 3454 et
217 3413 331 3468 quantas
356 3413 419 3452 tunc
449 3418 464 3453 a
490 3403 600 3452 diabolo

66 3471 231 3524 tentadones
240 3472 381 3541 sustinuit,
393 3484 508 3540 quantas
518 3473 599 3524 etiam

66 3542 181 3610 iniurias
206 3552 234 3594 et
256 3544 434 3594 contumelias
458 3559 474 3594 a
499 3543 600 3595 Judaeis

64 3613 221 3682 frequenter
247 3629 344 3680 passus
369 3613 430 3675 fuit,
456 3629 530 3664 nunc
554 3614 601 3664 di-

64 3685 192 3737 centibus
214 3686 306 3753 ipsnm
326 3701 342 3736 a
362 3686 483 3736 damone
503 3685 600 3736 obses-

65 3771 150 3818 sum,
178 3772 252 3808 nunc
279 3756 494 3818 samaritanum,
528 3773 599 3808 nunc

68 3838 219 3881 voratorem
254 3839 282 3880 et
321 3827 379 3880 vini
425 3839 600 3895 potatorem,

66 3914 141 3952 nunc
160 3898 391 3951 de'fornicatione
405 3911 508 3961 natum,
526 3916 598 3952 nunc

656 405 855 473 blasphemum,
871 423 943 459 nunc
958 410 1051 474 populi
1070 411 1190 466 seducto-

655 491 725 538 rem,
745 484 771 528 et
794 479 851 528 alia
872 480 957 530 multa
977 481 1190 546 blasphemantes

655 547 779 598 dicebant
787 549 815 598 t'n
825 563 897 612 eum,·
913 550 1094 602 nihilominus
1105 553 1137 602 ad
1148 553 1189 602 fa·

654 630 695 670 cta
712 619 843 684 injuriosa
858 634 929 686 saepe
942 623 1106 673 attentabant
1123 638 1188 689 pro-

654 693 765 755 cedere,
800 707 872 742 nunc
901 694 1022 744 volentes
1050 710 1113 744 eum
1141 696 1187 745 la-

655 765 755 831 pidare,
774 779 848 816 nunc
869 765 904 815 de
923 766 1068 832 supercilio
1087 767 1188 816 montis

654 836 829 902 praecipitare.
867 836 972 901 Inspice
1007 837 1087 887 etiam
1125 852 1187 887 cum

654 917 755 971 quanto
775 907 865 956 labore
885 906 991 965 vixerit,
1011 907 1075 973 quia
1096 908 1188 974 quoti-

654 978 698 1028 die
711 988 768 1027 erat
782 977 930 1043 praedicans
953 978 980 1027 in
995 980 1107 1043 templo,
1122 979 1188 1030 etin

654 1064 799 1115 synagoga,
816 1060 842 1100 et
862 1050 896 1100 de
915 1050 1021 1100 civitate
1042 1050 1071 1100 in
1093 1053 1188 1102 civita·

654 1130 719 1180 tem,
733 1122 767 1171 de
784 1131 855 1171 terra
875 1122 902 1171 in
922 1131 1020 1172 terram
1041 1124 1187 1187 perambu-

654 1193 727 1252 lavit,
743 1192 773 1242 in
793 1192 915 1243 oratione
929 1207 999 1257 saepe
1015 1193 1188 1258 pernoctavit,
1263 1250 1265 1255 ‚

655 1261 778 1313 infirmos
801 1263 904 1314 multos
924 1263 1040 1327 curavit,
1064 1265 1189 1315 obsessos

654 1335 805 1385 adaemone
818 1335 951 1394 liberavit,
966 1344 1088 1384 mortuos
1103 1334 1189 1385 susci-

654 1406 729 1466 tavit,
746 1405 949 1456 multitudinem
968 1405 1129 1456 esurientem
1147 1421 1189 1472 pa-

653 1475 707 1540 vit;
724 1487 750 1527 et
761 1476 944 1526 nihilominus
956 1476 985 1526 in
999 1475 1043 1526 his
1059 1476 1188 1528 omnibus

654 1556 754 1597 naturae
768 1547 874 1612 legibus
889 1547 1035 1611 subjectus,
1054 1547 1129 1606 fami,
1146 1547 1187 1597 si-

654 1621 685 1681 ti,
707 1631 733 1672 et
749 1621 846 1672 ceteris
865 1620 1069 1672 infirmitatibus
1094 1621 1187 1672 horni-

654 1692 707 1752 nis,
721 1691 825 1758 absque
839 1701 929 1742 umen
945 1701 1061 1757 peccato,
1078 1691 1187 1758 exposi-

643 1777 698 1827 ,tus
720 1765 780 1816 fuit.
807 1765 874 1815 Ecce
894 1765 1034 1831 quomodo
1058 1775 1114 1815 tota
1133 1765 1187 1816 vita

653 1837 740 1888 suain
753 1836 891 1886 laboribus
902 1847 928 1886 et
940 1836 1113 1902 passionibus
1126 1835 1186 1896 fuit,

652 1909 699 1958 sed
713 1906 842 1958 omnibus
856 1906 957 1957 talibus
972 1906 1138 1967 Passionem,
1153 1908 1186 1957 de

652 1993 706 2044 qua
726 1993 798 2028 nunc
817 1977 987 2028 tractandum
1010 1986 1059 2036 est,
1079 1986 1186 2027 antece-

651 2049 778 2100 dentibus
793 2047 912 2111 omissis,
927 2047 1028 2113 inspice
1044 2047 1187 2113 diligenter

652 2119 717 2186 quid
737 2119 766 2169 in
785 2119 834 2170 hac
850 2118 988 2178 sustinuit,
1007 2129 1034 2168 et
1054 2118 1186 2184 praecipue

652 2190 780 2240 articulos
805 2200 831 2240 et
853 2198 951 2255 puncta
976 2189 1129 2248 Passionis,
1157 2189 1185 2238 in

652 2261 753 2329 quibus
772 2261 888 2328 singulis
909 2261 1037 2311 Christus
1057 2259 1186 2310 notabili·

653 2344 694 2383 ter
706 2348 800 2399 passus
815 2333 875 2384 fuit.

685 2404 699 2455 3
715 2407 870 2456 sarciamus
883 2419 971 2455 ranan
985 2421 1062 2456 noma
1078 2419 1186 2454 sarasar

653 2492 683 2531 m,
696 2477 823 2526 Passionis
836 2490 976 2525 viarurort
993 2490 1136 2524 muniuit
1151 2489 1184 2524 rr

654 2559 782 2596 virtonurt
804 2560 967 2594 ammonuit.
988 2573 1020 2582 -
1040 2545 1116 2594 Circa
1135 2543 1186 2594 hoe

652 2626 740 2666 autem
759 2616 898 2666 sciendum
919 2625 968 2678 est,
990 2616 1072 2680 quod,
1096 2629 1187 2664 secun·

652 2687 718 2736 dum
732 2687 923 2752 Augustinum,
937 2701 993 2734 non
1008 2686 1097 2735 solum
1109 2684 1187 2749 quid·

652 2756 718 2823 quid
742 2755 806 2806 boni
821 2755 948 2805 Christus
963 2755 992 2804 in
1012 2765 1082 2806 terra
1096 2753 1184 2820 gessit,

652 2828 699 2878 sed
717 2835 744 2876 et
759 2826 892 2893 quidquid
907 2825 971 2876 mali
989 2825 1128 2881 sustinuit,
1143 2835 1186 2874 to-

652 2907 710 2949 tum
729 2897 869 2963 disciplina
890 2912 999 2946 morum
1027 2896 1093 2955 fuit,
1115 2895 1186 2945 unde

653 2969 744 3020 Passio
762 2969 873 3020 Domini
901 2969 930 3020 in
954 2985 982 3020 se
1002 2967 1186 3035 complectitur

651 3054 761 3091 omnem
774 3041 967 3107 perfectionem
985 3042 1141 3100 hominum,
1156 3039 1185 3089 in

652 3116 702 3165 hac
715 3114 770 3164 vita
788 3114 960 3180 possibilem3
978 3115 1106 3182 quoniam
1125 3129 1185 3164 om-

652 3185 696 3236 nia
719 3200 801 3250 opera
823 3185 996 3251 perfectionis
1020 3200 1079 3252 quae
1103 3183 1186 3233 Chri·

651 3265 708 3306 stus
730 3270 853 3322 unquam
875 3257 904 3306 in
923 3256 1072 3322 Evangelio
1086 3252 1185 3315 docuit,

652 3328 710 3393 ipse
729 3327 760 3378 in
778 3329 926 3395 semetipso
943 3329 972 3379 in
994 3343 1043 3378 sua
1060 3325 1186 3376 Passione

652 3399 846 3465 perfectissime
866 3401 1030 3467 adimplevit.
1048 3400 1139 3464 ltaque
1158 3397 1186 3447 in

652 3485 729 3521 cruce
738 3472 849 3522 Domini
862 3482 902 3523 est
916 3471 979 3522 linis
989 3469 1068 3536 Legis
1082 3481 1108 3519 et
1120 3469 1187 3520 Scri·

652 3553 753 3608 ptura,
780 3544 810 3594 in
834 3544 960 3594 Passione
980 3543 1050 3606 ejus,
1080 3556 1186 3592 summa

652 3617 743 3666 omnis
760 3614 943 3681 perfectionis,
955 3616 983 3664 in
999 3623 1085 3664 morte
1098 3613 1187 3678 ipsius

651 3696 691 3737 est
710 3685 910 3736 consummatio
929 3685 1020 3735 omnis
1041 3683 1186 3734 sermonis.

652 3759 730 3810 Unde
748 3757 894 3823 Apostolus
910 3757 1036 3807 dicebat:
1052 3757 1116 3807 Non
1133 3755 1185 3822 jae-

628 3890 630 3897 ·
653 3829 741 3879 dicavi
757 3841 798 3877 me
819 3827 924 3893 aliquid
944 3829 1014 3878 seire
1037 3828 1106 3877 inter
1127 3839 1184 3888 voe,

654 3903 706 3952 nisi
720 3902 813 3952 Jesum
832 3902 977 3964 Christum,
995 3908 1021 3952 et
1039 3902 1108 3952 hunc
1121 3915 1186 3952 eru-
