2632 4320
299 261 307 320 ἱ
346 259 393 310 DE
409 254 585 308 INVITATIS
601 254 648 303 AD
665 253 831 316 NUPTIAS,
853 255 929 306 ETC.

69 375 98 437 li,
115 375 143 425 id
164 384 205 426 est
224 376 368 426 habentem
384 373 464 424 fidem
485 371 543 421 sine
563 385 607 419 ca·

69 445 157 496 ritate.
176 445 282 496 Dicitur
301 456 390 496 autem
409 442 503 493 caritas
523 440 606 490 vestis

68 516 226 582 nuptialis:
246 516 311 583 quia
329 515 395 582 tegit
409 512 606 579 turpitudinem

68 596 259 654 peccatorum
284 588 350 654 quia
375 585 491 652 protegit
515 599 531 634 a
556 581 605 631 fri-

67 674 135 726 gore
155 659 352 724 tentationum3
372 658 436 724 quia
450 666 528 707 ornat
542 670 604 704 mu-

66 746 136 782 nere
158 730 295 781 donorum
313 739 340 780 et
358 730 505 791 virtutum,
524 737 559 789 et,
576 736 606 776 ut

68 801 135 852 dicit
147 801 328 867 Augustinus,
345 799 440 850 dividit
452 800 521 848 inter
533 796 605 848 filios

67 871 143 938 regni
170 883 196 922 et
223 871 392 938 perditionis.
414 870 467 921 Ubi
494 869 604 934 Grego-

66 945 128 996 rius
144 963 153 995 .·
168 963 182 990 «
198 945 278 995 Recte
299 943 394 994 caritas
409 943 538 1009 nuptialis
558 957 604 992 ve-

69 1018 118 1068 stis
134 1026 254 1080 vocatur,
271 1017 335 1083 quia
350 1017 419 1066 hanc
437 1016 466 1066 in
483 1030 511 1065 se
528 1015 603 1065 Con-

68 1088 141 1139 ditor
147 1098 239 1138 noster
249 1087 353 1147 habuit,
362 1089 426 1137 dum
433 1086 465 1136 ad
474 1085 604 1136 sociandae

69 1159 121 1210 sibi
138 1159 264 1215 Ecclesiae
279 1157 386 1223 nuptias
401 1157 483 1206 venit.
495 1156 547 1215 Qui
560 1171 604 1205 er-

69 1244 103 1295 go
119 1244 170 1295 per
184 1227 323 1278 caritatem
334 1228 408 1278 venit
421 1227 454 1283 ad
467 1227 603 1285 homines,

67 1302 193 1354 eamdem
211 1301 347 1352 caritatem
362 1301 481 1350 innotuit
501 1309 603 1349 vestem

69 1390 128 1426 esse
140 1373 299 1439 nuptialem.
313 1373 459 1425 Sciendum
475 1388 538 1422 vero
553 1381 601 1430 est,

67 1446 132 1512 quia
149 1445 221 1495 sicut
237 1444 265 1493 in
282 1444 389 1494 duobus
410 1443 502 1509 lignis,
520 1457 602 1508 supe-

68 1517 133 1568 riori
146 1516 270 1567 videlicet
285 1526 311 1567 et
326 1515 458 1575 inferiori,
468 1515 549 1566 vestis
561 1524 603 1564 te-

12 1592 13 1597 ’
68 1590 155 1652 xitur;
171 1587 208 1637 ita
224 1587 253 1637 in
267 1588 373 1638 duobus
384 1587 523 1652 praeceptis
537 1585 602 1635 cari-

69 1669 109 1711 tas
129 1659 267 1709 habetur:
291 1658 319 1708 in
338 1658 480 1715 dilectione
502 1656 603 1707 scilicet

69 1731 128 1792 Dei,
145 1741 172 1780 et
193 1729 222 1779 in
240 1728 386 1778 dilectione
401 1727 526 1794 proximi.
542 1728 602 1776 Duo

67 1815 131 1866 ergo
143 1814 252 1850 necesse
268 1809 308 1849 est
321 1799 426 1861 habeat,
441 1808 471 1848 ut
485 1797 602 1848 caritatis

69 1879 202 1936 praecepta
213 1869 354 1928 custodiat,
368 1868 492 1935 quisquis
504 1868 602 1918 habere

68 1941 97 2005 in
112 1940 218 2006 nuptiis
231 1950 333 1991 vestem
347 1939 494 2006 nuptialem
508 1948 601 1991 curat:

68 2022 203 2079 quatenus
219 2026 266 2062 nec
281 2026 313 2061 ex
331 2010 518 2076 compassione
536 2026 602 2075 pro-

67 2085 154 2144 ximi,
184 2083 439 2148 contemplationem
467 2081 602 2147 relinquat

67 2153 132 2219 Dei;
157 2168 207 2204 nec
230 2154 292 2218 plus
309 2168 391 2218 quam
414 2152 492 2202 debet
511 2151 601 2202 inhae·

67 2239 130 2275 rens
151 2223 373 2288 contemplationi
390 2223 454 2282 Dei,
472 2238 600 2288 ‘compas-

66 2295 172 2345 sionem
189 2293 295 2358 abjiciat
313 2293 438 2358 proximi.
456 2294 599 2344 Sciendum

66 2379 177 2431 quoque
191 2374 231 2413 est
247 2365 319 2428 quod
333 2363 390 2428 ipsa
406 2363 515 2414 dilectio
533 2378 599 2428 pro-

66 2437 134 2489 ximi
152 2437 181 2486 in
196 2436 303 2486 duobus
321 2437 460 2502 praeceptis
476 2435 600 2486 subdivi-

66 2507 149 2571 ditur,
166 2521 229 2555 cum
244 2505 355 2572 quidam
371 2506 483 2571 Sapiens
504 2506 574 2556 dicat
591 2523 598 2556 :

67 2579 151 2631 Omne
161 2579 232 2644 quod
245 2578 292 2628 tibi
303 2578 394 2628 oderis
400 2578 476 2643 fier-i,
494 2578 554 2628 vide
567 2593 600 2629 ue

65 2650 148 2701 alteri
170 2649 282 2714 sacias;
308 2659 334 2699 er
355 2664 403 2715 per
427 2649 598 2714 semetipsam

66 2720 172 2772 Veritas
186 2719 321 2784 pradicat,
337 2719 429 2770 dicens
443 2737 450 2771 t
464 2719 598 2780 Quaecun-

65 2806 115 2858 que
126 2790 209 2842 vultis
225 2795 252 2841 ut
267 2789 369 2846 faciant
383 2790 457 2840 uobis
471 2790 596 2854 honriueS,

65 2868 92 2913 et
102 2877 150 2913 vos
161 2861 254 2912 eadem
260 2861 351 2926 facite
362 2860 427 2910 illis.
440 2860 543 2911 Caritas
554 2877 599 2911 au-

65 2944 119 2985 tem
130 2948 193 2984 vera
207 2941 256 2992 est,
271 2947 333 2982 curn
350 2941 376 2981 et
393 2931 422 2981 iu
436 2932 491 2982 Deo
505 2932 598 2997 diligi-

65 3015 109 3056 tur
126 3003 241 3065 amicus‚
256 3013 282 3053 et
303 3013 412 3068 propter
432 3004 518 3055 Deum
531 3003 597 3053 dili·

65 3078 137 3145 gitur
160 3076 298 3127 inimicus.
323 3077 419 3141 Magna
440 3085 502 3126 sunt
525 3077 595 3135 haec,

64 3148 118 3199 alta
130 3157 197 3198 sunt
220 3145 288 3209 haec,
305 3156 331 3196 et
350 3145 444 3202 multis
463 3146 495 3195 ad
516 3146 596 3196 exhi-

64 3218 185 3269 bendum
206 3216 336 3278 difficilia;
361 3217 407 3266 sed
431 3227 521 3266 tamen
545 3216 596 3266 ista

64 3299 105 3341 est
117 3288 202 3340 vestis
221 3287 357 3353 nuptialis.
379 3287 510 3353 Quisquis
527 3287 595 3337 hanc

63 3361 225 3412 recumbens
245 3375 298 3409 non
324 3358 417 3419 habet,
440 3359 493 3423 jam
518 3358 595 3409 solli-

63 3431 133 3483 citus
145 3439 256 3493 metuat,
267 3428 432 3494 ingrediente
445 3443 515 3494 rege,
527 3428 595 3495 quin

63 3505 187 3556 mittatur
203 3502 275 3552 foras
296 3519 303 3552 :
321 3521 335 3550 u
355 3503 412 3551 haec
432 3502 593 3568 Gregorius.

60 3574 101 3626 Et
107 3575 149 3626 ait
158 3574 209 3637 illi,
221 3587 445 3639 unumquemque
457 3574 531 3623 enirn
541 3573 594 3623 ho-

62 3644 166 3696 minem
186 3644 215 3693 in
230 3642 327 3707 judicio
347 3643 509 3708 particulari,
532 3660 593 3694 cum

61 3713 191 3774 moritur,
207 3711 395 3763 universorum
408 3712 493 3764 ludex
509 3714 594 3764 inter-

60 3793 146 3853 rogat,
164 3781 304 3851 quomodo
324 3782 352 3832 in
369 3782 421 3833 fide
441 3783 594 3835 Christiana

60 3871 90 3909 se
118 3853 261 3918 habuerit3
288 3853 392 3910 sedin
423 3852 478 3905 fine
509 3871 593 3905 mun-

1147 257 1196 314 261

661 367 689 417 di
720 368 846 434 loquetur
881 369 931 420 toti
959 368 1077 421 humano
1114 387 1199 438 gene-

661 439 684 490 ri
702 457 708 490 :
725 441 826 503 Amice,
843 441 905 492 fidei
918 442 1131 508 participatione,
1147 445 1193 496 sed

661 526 717 560 non
734 511 902 576 operatione;
918 512 1002 563 debiti
1016 513 1189 579 obligatione,

660 581 707 631 sed
731 597 785 631 non
808 582 958 643 solutione;
985 584 1112 645 nomine,
1134 601 1189 636 non

659 669 696 704 re.
716 655 833 705 Vocatur
851 671 914 721 ergo
935 668 1058 721 peccator
1080 659 1192 719 amicus,

659 737 769 792 propter
782 725 862 776 fidem
884 727 1038 792 informem,
1053 746 1113 796 quae
1136 746 1189 781 no-

659 797 718 847 titia
741 799 864 864 qu'aedam
881 807 930 856 est,
953 809 979 849 et
1000 800 1048 849 Dei
1075 803 1187 863 donum,

657 867 718 918 licet
734 884 788 919 non
810 867 926 919 sufficiat
942 870 974 919 ad
996 870 1126 934 salutem3
1141 889 1188 923 vo-

657 947 730 987 catur
764 938 845 988 etiarn
867 939 979 998 amicus,
1004 936 1112 1007 propter
1133 959 1184 993 na-

657 1001 754 1071 tur'am,
770 1026 824 1078 qua
850 1012 883 1062 ad
907 1012 1051 1079 imaginem
1078 1016 1126 1065 Dei
1153 1025 1193 1066 est

655 1082 751 1145 factus,
768 1085 819 1143 vel,
834 1083 898 1149 quia
908 1084 960 1134 fuit
969 1085 1103 1136 invitatus.
1117 1087 1193 1148 Quo·

656 1153 734 1203 modo
753 1153 803 1202 huc
823 1154 933 1204 intrasti
947 1154 1018 1204 inter
1037 1171 1187 1223 congrega-

654 1223 766 1283 tionem,
779 1224 880 1275 scilicet
892 1224 1022 1288 fidelium,
1033 1242 1185 1277 sacramen-

656 1303 682 1344 ta
717 1295 841 1345 Ecclesiae
878 1295 1066 1362 suscipiendo,
1106 1297 1186 1348 fidem

656 1368 778 1418 Ecclesiae
795 1367 948 1419 confitendo
968 1382 994 1420 et
1017 1386 1067 1422 riou
1088 1371 1189 1436 habeus

655 1444 751 1488 vestem
785 1439 940 1503 nuptialem,
967 1440 1069 1491 scilicet
1097 1456 1185 1507 opera,
1268 1459 1271 1466 ·

656 1509 715 1559 sine
734 1509 835 1575 quibus
851 1508 917 1559 fides
931 1521 972 1560 est
995 1512 1116 1562 mortua?
1135 1514 1185 1570 vel,

654 1589 765 1634 vestem⁴
782 1583 938 1648 nuptialem,
962 1584 1062 1636 scilicet
1089 1586 1186 1636 carita·

654 1663 717 1713 tem,
738 1654 802 1719 quia
819 1655 920 1720 absque
941 1654 987 1704 tali
1010 1665 1081 1706 veste
1106 1672 1187 1706 nemo

654 1726 686 1774 ad
715 1726 935 1775 communionem
958 1724 1079 1776 fidelium
1104 1728 1185 1778 debet

653 1796 785 1854 accedere,
807 1794 936 1860 quoniam
957 1796 1071 1860 dignum
1092 1807 1141 1856 est,
1157 1808 1188 1848 ut

654 1865 825 1916 convivantes
849 1865 901 1930 ipsi
923 1881 1022 1931 sponso
1040 1867 1068 1927 in
1092 1867 1187 1919 habitu

654 1937 707 1986 sint
720 1935 882 1996 conformes,
901 1938 949 2002 qui
973 1937 1081 1989 vesteni.
1097 1939 1187 1990 induit

653 2009 788 2060 caritatis?
819 2009 922 2060 Caritas
953 2010 1051 2062 dicitur
1080 2012 1187 2063 uestis:

653 2090 712 2131 tum
735 2081 799 2146 quia
822 2081 909 2147 operit
928 2082 1033 2143 delicta,
1051 2092 1109 2133 tum
1122 2083 1186 2149 quia

653 2150 770 2201 calefacit
790 2151 932 2212 desideria,
956 2163 1015 2204 turn
1044 2154 1108 2220 quia
1127 2153 1195 2218 sine,

653 2236 755 2272 canon
777 2222 881 2287 placent
905 2224 960 2273 Deo
980 2239 1060 2290 opera
1081 2233 1182 2276 nostra.

652 2295 756 2345 Dicitur
769 2306 859 2345 autem
873 2298 1004 2362 nuptialis
1019 2317 1028 2349 .·
1043 2299 1108 2365 quia
1123 2314 1184 2350 ma-

651 2365 768 2416 rimonia
782 2366 851 2416 fiunt
863 2378 970 2432 propter
982 2370 1129 2420 amicitiam
1144 2386 1186 2421 re-

652 2435 830 2497 formandam,
852 2437 1064 2490 confirmandam
1084 2451 1113 2503 et
1132 2457 1183 2492 au-

651 2508 773 2572 gendam.
790 2509 819 2557 ln
835 2508 1009 2559 matrimonio
1027 2510 1110 2574 igitur
1120 2511 1183 2562 Filii

651 2579 709 2638 Dei,
726 2580 798 2646 quod
814 2578 875 2629 fecit
891 2595 953 2629 cum
969 2591 1064 2630 natura
1084 2581 1184 2632 huma-

651 2665 693 2708 na,
709 2650 826 2701 amicitia
841 2649 910 2700 inter
930 2651 1018 2700 Deum
1038 2661 1064 2701 et
1078 2666 1128 2701 nos
1144 2662 1184 2702 est

650 2718 802 2780 reformata,
825 2730 953 2786 perpetuo
977 2719 1140 2781 confirmata,
1156 2731 1183 2772 et

650 2791 729 2841 etiam
754 2801 933 2856 augmentata.
960 2792 992 2842 Et
1021 2801 1083 2842 nota
1109 2793 1182 2858 quod

649 2860 829 2911 existentium
855 2860 883 2910 in
910 2861 1012 2926 nuptiis
1041 2862 1143 2913 Christi
1173 2880 1180 2912 ι

650 2931 759 2996 plurimi
777 2940 839 2981 sunt
853 2931 939 2981 induti
955 2946 1030 2981 sacco
1043 2932 1179 2997 avaritiae3

648 3003 732 3069 aliqui
750 3013 813 3053 sunt
835 3003 923 3053 induti
946 3019 1066 3070 purpura
1089 3021 1182 3072 super-

649 3074 714 3135 biae;
729 3073 813 3138 aliqui
828 3088 893 3124 auro
905 3074 993 3125 inanis
1007 3075 1115 3140 gloriae3
1128 3076 1180 3126 ali-

648 3146 695 3210 qui
712 3146 828 3212 pellibus
842 3147 934 3198 ovium
952 3149 1085 3199 simulatae
1098 3150 1181 3214 justi-

648 3217 691 3267 tiae
703 3233 711 3281 3
724 3216 806 3281 aliqui
820 3218 902 3268 armis
917 3218 1079 3281 iracundiae3
1096 3219 1180 3284 aliqui

648 3286 748 3336 habent
780 3287 973 3338 vestimentum
1013 3287 1179 3339 sordidatum

648 3368 753 3424 peccato
776 3359 906 3422 luxuriae,
934 3361 1018 3426 aliqui
1036 3361 1178 3410 laceratum

646 3431 822 3482 dissecatione
835 3432 961 3493 invidiae;
974 3433 1058 3497 aliqui
1074 3432 1178 3481 iucom-

646 3501 765 3566 positum
777 3503 938 3569 negligentia
955 3503 1078 3565 accidiae;
1094 3501 1179 3569 aliqui

648 3573 722 3622 molli
742 3573 843 3624 intuitu
860 3574 1075 3638 complacentiae3
1093 3572 1178 3638 aliqui

647 3643 728 3692 nimis
757 3644 905 3707 affluentes,
930 3644 1074 3695 voracitate
1100 3643 1179 3709 gulae.

646 3713 685 3764 De
694 3714 795 3780 quibus
804 3714 934 3764 omnibus
946 3714 974 3763 in
986 3713 1124 3779 Sophonia
1134 3714 1180 3766 di-

646 3786 736 3837 citur:
759 3787 876 3837 Visitabo
907 3801 988 3852 super
1019 3801 1109 3839 omues
1133 3790 1179 3855 qui

646 3857 733 3909 induti
746 3864 809 3909 sunt
821 3863 893 3908 ueste
899 3858 1058 3924 peregriua.
