2632 4320
163 278 217 342 450
581 253 864 331 tuonx'ctturun

225 524 343 577 CAPUT
368 525 462 578 XLIX.
479 554 508 566 -
525 527 567 578 De
580 526 690 579 talentis
705 533 731 579 et
745 527 851 579 bonite
867 526 982 583 Domino
996 528 1084 579 annis
1098 527 1221 580 traditis.
1283 597 1288 617 .

181 710 190 744 1
210 694 336 746 Parabola
349 695 382 745 de
396 693 504 745 talentis
518 694 617 760 specia-
780 698 852 747 lenta
867 697 951 748 servis
964 696 1077 748 tradita?
1234 697 1279 765 359

192 765 253 817 liter
266 767 300 817 ad
318 767 443 833 praelatos
458 775 591 832 spectans.
641 764 692 818 355
765 767 886 819 8Altera
906 769 1031 834 parabola
1044 769 1079 819 de
1092 767 1209 821 homine

177 856 193 890 2
218 840 337 901 Quinam
358 849 423 892 sunt
448 840 617 906 duplicantes
780 839 867 889 nobili
894 840 986 892 decem
1013 838 1099 891 servis
1131 854 1210 892 mnas

192 919 218 961 et
238 911 434 961 abscondentes
460 909 578 961 talenta?
642 906 693 960 355
780 908 871 958 decern
887 909 1016 960 tradente.
1233 908 1277 977 359

179 980 193 1031 3
225 982 369 1034 Praemium
393 997 542 1042 servorum,
569 980 616 1048 qui
766 979 888 1047 oser-vis
901 979 1041 1031 retributio
1054 980 1125 1031 data.
1232 977 1275 1030 360

191 1051 350 1104 fructificare
363 1054 462 1104 talenta
476 1051 602 1103 fecerunt.
637 1049 690 1121 356Ι
754 1067 785 1102 00
800 1052 995 1120 Unusquisque
1012 1052 1148 1103 talentum
1162 1066 1209 1103 ac·

174 1123 391 1189 4Reprehensio
406 1124 474 1175 servi
489 1122 569 1190 pigri.
643 1120 695 1189 357
781 1122 867 1189 cepit,
892 1123 968 1189 cujus
996 1122 1077 1174 debet
1100 1121 1211 1172 reddere

177 1193 352 1247 §Talentum
366 1197 400 1247 ab
414 1212 445 1247 eo
460 1195 589 1247 aufertur.
643 1194 696 1247 358
781 1192 923 1245 rationem.
1233 1191 1276 1243 360

177 1264 193 1314 6
206 1267 323 1318 Mittitur
334 1268 362 1318 in
375 1267 498 1318 tenebras
509 1265 621 1317 exterio
755 1278 783 1313 00
810 1263 928 1324 Quinam
951 1264 1034 1315 vitam
1053 1264 1210 1330 religiosam

193 1355 244 1391 res.
645 1337 697 1390 358
783 1333 909 1399 amplecti
924 1334 1040 1386 debent?
1235 1333 1275 1384 360

179 1426 194 1476 7
219 1411 291 1470 Quid
308 1410 418 1477 signant
439 1409 562 1477 quinque
576 1418 619 1460 ta·

307 1631 422 1684 CAPUT
438 1633 469 1684 L.
485 1661 515 1671 -
528 1631 571 1684 De
584 1631 757 1684 ventilatione
770 1643 844 1682 areae
860 1631 888 1682 in
901 1636 1024 1683 extremo
1030 1629 1149 1698 jndicio.

184 1844 192 1878 1
226 1828 391 1880 Adveniente
419 1829 538 1880 Domino
558 1844 621 1880 cum
757 1843 788 1878 10
803 1827 879 1879 Sicut
895 1825 1037 1877 retributio
1053 1827 1089 1877 ita
1104 1826 1213 1892 punitio

197 1902 308 1969 Angelis
320 1902 352 1952 ad
366 1902 547 1967 judicandum,
560 1917 622 1953 con·
783 1900 834 1951 erit
845 1909 952 1951 aeterna.
1236 1896 1280 1964 369

197 1972 379 2039 gregabuntur
393 1987 487 2023 omnes
499 1981 600 2040 gentes.
647 1969 697 2022 363
757 1989 784 2022 00
802 1973 858 2024 Cur
871 1972 903 2022 de
922 1971 1107 2022 misericordia
1121 1971 1212 2037 potius

183 2044 350 2109 aseparatio
370 2043 505 2094 bonorum
523 2053 549 2095 et
563 2059 623 2094 ma·
725 2090 727 2105 ,
784 2057 866 2109 quam
889 2042 922 2092 de
951 2041 1054 2107 justitia
1078 2040 1214 2107 disquire-

200 2114 299 2165 lorum.
648 2110 728 2179 364·
786 2112 848 2164 tur?
1237 2109 1281 2176 370

184 2184 289 2247 3Quid
303 2186 374 2238 dicet
388 2187 445 2237 Rex
462 2187 560 2238 bonis?
649 2185 703 2252 364
759 2198 789 2233 12
813 2181 951 2237 Sententia
990 2180 1094 2232 iudicis
1127 2181 1214 2233 eritne
1315 2188 1316 2199 ¹

182 2272 199 2319 4
213 2256 301 2322 Opera
313 2257 503 2308 misericordiae
516 2258 548 2308 ad
563 2273 624 2308 cor·
786 2254 913 2306 mentalis
925 2269 960 2304 an
973 2253 1093 2304 vocalis?
1234 2251 1278 2316 370

198 2343 249 2394 pus
263 2327 431 2392 pertinentia.
651 2327 701 2380 365
759 2325 789 2377 03
806 2323 1002 2376 Retributionis
1019 2334 1047 2376 et
1060 2324 1213 2377 damnatio-

184 2397 197 2448 5
215 2399 304 2464 Opera
319 2397 510 2450 misericordiae
524 2399 557 2450 ad
571 2397 627 2450 ani·
788 2398 832 2449 nis
846 2412 941 2449 causae.
1236 2392 1280 2459 370

199 2485 272 2521 mam
290 2470 461 2538 pertinentia.
649 2469 702 2523 366
761 2485 805 2534 04,
818 2467 1065 2521 Praedestinationis
1094 2477 1120 2518 et
1143 2482 1214 2534 prte-

182 2541 199 2590 6
215 2541 287 2602 Quid
301 2543 371 2593 dicet
385 2543 442 2593 Rex
456 2541 554 2593 malis?
649 2541 701 2596 366
786 2541 903 2593 scientiae
914 2540 1070 2592 discrimen.
1234 2536 1274 2602 370

184 2627 199 2677 7
217 2611 361 2671 Quomodo
385 2611 513 2663 Christus
531 2622 572 2664 est
595 2612 624 2662 in
759 2612 789 2666 05
808 2614 979 2665 Providentia
992 2613 1040 2664 Dei
1062 2628 1118 2664 non
1132 2612 1214 2678 cogit,

199 2681 328 2732 membris
349 2682 492 2734 Ecclesiae?
649 2680 701 2750 367
786 2700 833 2736 nec
849 2683 921 2735 tollit
941 2684 1091 2736 libertatem
1110 2681 1215 2734 arbitrii

184 2752 200 2803 8
215 2753 341 2804 Avaritiae
355 2753 517 2820 redargutio.
539 2750 541 2755 '
649 2752 701 2805 368
785 2756 994 2822 pradestinatio.

182 2841 199 2892 9
226 2825 370 2884 Quomodo
396 2823 530 2874 audienda
556 2838 623 2888 ope·
758 2825 790 2877 06
805 2826 965 2892 Exemplum
979 2823 1099 2891 religiosi
1112 2824 1216 2890 praesci-

200 2911 261 2945 rum
275 2893 466 2945 misericordia
486 2892 623 2945 sufficien·
778 2898 805 2949 ·ti
820 2906 846 2947 et
860 2897 962 2948 salvati.

200 2968 255 3018 tia?
647 2964 700 3018 368

221 3188 340 3240 CAPUT
358 3189 404 3239 Ll.
420 3216 452 3227 -
465 3189 508 3241 De
520 3188 631 3241 Pascha
644 3195 670 3240 et
682 3188 800 3241 diversis
813 3189 893 3256 hujus
906 3190 1021 3242 nominis
1034 3189 1233 3258 acceptionibus.

190 3399 197 3435 t
217 3385 344 3437 Christus
371 3392 411 3434 est
435 3384 571 3449 exemplar
594 3384 623 3432 in
729 3385 732 3423 l
772 3385 984 3450 4Tradentium
1006 3384 1150 3436 Christum
1172 3385 1214 3435 di·

200 3468 293 3508 monte
307 3465 496 3507 monstratum.
653 3454 705 3522 374
729 3493 732 3503 .
788 3470 871 3507 versre
886 3457 1047 3508 voluntates.

187 3547 200 3578 2
228 3529 297 3579 Tota
325 3527 379 3578 vita
407 3523 508 3576 Christi
538 3524 627 3590 passio
774 3526 863 3579 5Vox
880 3528 978 3579 Pascha
990 3527 1167 3579 multifariam
1179 3542 1215 3578 ac·

201 3599 261 3650 fuit.
651 3594 731 3662 375.
787 3596 895 3662 cipitur.

187 3669 200 3721 3
232 3668 380 3734 Specialius
417 3678 508 3718 tamen
548 3665 627 3716 nobis
729 3673 732 3735 1
771 3666 858 3718 6Cur
883 3668 984 3718 Pascha
1005 3667 1108 3719 dicitur
1125 3679 1212 3720 trans-

201 3742 301 3809 praebet
311 3741 340 3792 in
352 3740 481 3792 Passione
495 3739 625 3790 virtutum
729 3758 732 3792 t
789 3737 859 3790 itus?
1028 3784 1031 3791 .

200 3812 353 3878 exemplum
377 3823 402 3862 et
428 3810 556 3861 vitiorum
577 3825 627 3860 an·
729 3796 732 3857 l
775 3827 790 3876 7
813 3810 926 3861 Reditus
951 3809 1054 3860 Christi
1069 3811 1097 3860 in
1115 3810 1214 3860 Betha-

200 3887 325 3937 tidotum.
653 3881 703 3948 375
729 3865 732 3941 l
789 3882 872 3932 niam.
