2632 4320
127 248 175 299 DE
186 247 381 300 EJECTIONE
391 246 629 299 VENDENTIUM
642 249 689 300 ET
703 250 892 304 EMENTIUM
902 253 949 304 DE
957 254 1110 306 TEMPLO.
1142 271 1191 306 221

80 381 189 419 scamus
216 365 246 416 in
279 365 353 417 nulla
381 381 502 432 unquam
530 366 612 431 hujus

79 438 164 491 seculi
204 437 297 488 laetitia
338 436 435 489 habere
473 437 610 498 fiduciam,

80 511 196 563 scientes
220 509 348 576 quoniam
371 515 494 561 extrema
514 511 612 576 gaudii

80 589 169 641 luctus
186 594 318 654 occupas,-
331 589 377 638 sed
402 589 432 639 in
454 587 499 638 die
523 592 611 639 bono-

79 675 152 723 rum,
168 675 225 710 non
239 660 412 711 immemores
423 660 510 711 simus
523 661 611 712 muo-

79 747 152 783 rum.
166 731 217 782 His
227 730 301 782 enim
312 731 428 783 mixtum
443 742 484 783 est
494 747 611 798 praesens

80 803 215 864 seculum,
241 819 295 854 non
310 803 475 855 secularibus
495 813 610 865 tantum,

80 874 128 927 sed
147 873 230 926 etiam
253 874 440 940 spiritualibus
458 875 534 926 viris.
550 875 611 926 ldeo

56 1001 60 1005 ,
79 947 127 1014 qui
137 947 219 1013 coepit
228 946 303 1012 prius
308 946 406 1012 facere
417 962 495 1014 quam
507 947 609 1011 docere,

78 1035 138 1071 non
150 1019 234 1070 modo
248 1019 346 1081 verbis,
360 1020 407 1072 sed
420 1020 502 1071 etiam
517 1035 611 1072 exem-

80 1091 134 1158 plis
163 1091 317 1153 ostendens,
353 1091 417 1158 quia
439 1093 525 1144 omnis
546 1106 611 1143 caro

74 1161 172 1227 fenum
192 1162 323 1212 erumnis
342 1161 435 1227 gloria
459 1162 517 1230 eJus
533 1163 613 1229 quasi

72 1233 131 1301 flos
138 1232 211 1300 seui,
227 1218 408 1299 proces’sionis
421 1233 507 1284 voluit
527 1233 611 1300 gloria

79 1303 233 1365 sublimari,
256 1304 366 1370 quando
391 1303 442 1354 sibi
470 1303 612 1355 imminere

80 1375 208 1442 cognovit
240 1375 312 1425 diem
343 1375 611 1441 ignominiosissimae

80 1445 223 1512 passionis.
235 1446 431 1511 spiritualibus
444 1456 533 1497 autem
552 1447 612 1512 spi-

80 1517 194 1568 ritualia
204 1523 411 1582 comparantur:
421 1516 450 1566 in
460 1515 611 1580 processio-

80 1588 245 1656 nequidem
266 1588 381 1640 coelestis
400 1587 492 1652 patriae
512 1603 611 1653 reprae-

665 376 802 420 sentamus
812 369 939 436 gloriam;
950 371 979 422 in
991 373 1195 436 Passionevero,

665 448 847 492 monstramus
866 441 948 493 viam.
975 444 1004 494 ln
1026 445 1194 510 processione

664 511 801 575 rapiemur
812 511 838 562 in
847 513 958 564 nubibus
968 515 1072 566 obviam
1085 516 1194 568 Christo

664 581 691 631 in
705 595 780 645 aera,
793 584 901 648 quando
914 584 1078 650 suscipietur
1092 586 1120 637 in
1136 603 1193 638 coe-

664 653 723 704 lesti
746 655 892 705 Jerusalem
906 656 1032 708 Christus
1050 658 1194 718 Dominus,

664 725 890 790 applaudentibus
925 737 952 778 et
985 731 1196 781 acclamantibus

662 798 784 865 undique
805 799 912 866 populis
934 800 1077 868 utriusque
1099 803 1196 854 Testa-

664 872 758 933 menti,
768 872 845 939 quasi
854 873 902 940 qui
917 875 1101 940 praecedebant
1111 877 1195 942 etqui

664 943 864 1008 sequebantur:
877 944 1040 995 Benedictus
1059 947 1105 1011 qui
1125 948 1197 998 veuit

650 1013 691 1064 in
710 1015 815 1066 nomine
827 1016 944 1067 Domini.
971 1017 1001 1066 ln
1025 1019 1197 1082 processione

664 1088 838 1140 considerasti
857 1106 912 1156 quo
927 1091 1127 1156 properandum
1150 1091 1195 1154 sit,

664 1161 736 1211 disce
753 1161 782 1212 in
797 1162 926 1214 Passione
943 1180 998 1231 quo
1017 1165 1136 1214 eundum
1151 1164 1196 1214 sit.

664 1231 817 1283 Tribulatio
841 1233 915 1284 enim
935 1248 1052 1297 praesens
1074 1233 1117 1284 via
1135 1233 1196 1284 vitae

665 1311 713 1363 est,
727 1302 770 1353 via
786 1303 887 1369 gloriae,
901 1305 945 1355 via
957 1305 1042 1371 regni.
1054 1304 1196 1356 Tolerabi-

664 1374 719 1424 lem
754 1375 867 1440 proinde
896 1377 1017 1427 laborem
1059 1375 1196 1427 Passionis

665 1445 752 1497 reddit
768 1446 854 1512 gloria
867 1446 1055 1512 processionis,
1067 1447 1196 1514 quoniam

665 1516 764 1567 amanti
791 1516 859 1567 nihil
881 1526 921 1568 est
943 1517 1079 1568 difficile:
1102 1538 1115 1565 u
1140 1519 1198 1569 haec

666 1587 836 1638 Bernartius,

572 1783 707 1833 ORATIO

113 1926 232 1978 Domine
245 1926 310 1978 lesu
324 1925 442 1991 Christe,
457 1925 506 1992 qui
528 1924 608 1976 verbo
629 1933 656 1976 et
670 1925 792 1992 exemplo
812 1926 899 1992 magis
921 1926 1037 1978 docuisti
1057 1942 1109 1978 nos
1130 1926 1194 1978 llere

81 2014 165 2067 quam
182 1999 278 2060 ridere,
289 2000 400 2051 obsecro
417 2009 443 2050 te
460 2014 508 2066 per
523 1997 693 2049 beatissimas
707 1998 846 2064 lacrymas,
861 2009 889 2050 et
900 2015 995 2051 omnes
1010 1999 1199 2051 miserationes

79 2082 149 2138 tuas,
162 2072 229 2123 doce
249 2088 293 2124 me
314 2083 345 2124 ut
357 2084 463 2139 peccata
483 2088 544 2124 mea
566 2083 592 2124 et
613 2071 731 2138 pericula
745 2071 917 2125 imminentia
932 2088 1038 2138 semper
1052 2073 1158 2125 videam
1173 2084 1200 2123 et

80 2159 263 2210 cognoscam
289 2161 323 2196 ne
336 2144 439 2196 inimici
461 2143 524 2208 mei,
546 2143 648 2196 scilicet
667 2143 823 2195 daemonum
846 2144 1043 2210 suggestiones,
1062 2154 1199 2212 tempora-

79 2216 149 2268 lium
165 2231 257 2267 rerum
274 2216 500 2283 pulchritudines,
512 2227 539 2268 et
560 2215 679 2267 carnales
701 2216 850 2283 voluptates
871 2217 1050 2278 circumdent,
1078 2233 1200 2284 coangu-

80 2297 161 2351 stent,
177 2290 249 2340 etad
264 2298 362 2340 terram
381 2299 551 2355 prosternant
569 2285 632 2352 'me3
644 2303 677 2339 ne
691 2287 771 2351 filios,
786 2289 890 2341 scilicet
903 2305 1007 2351 sensus,
1029 2289 1161 2357 cogitatus
1170 2300 1201 2340 et

80 2368 159 2410 actus
170 2374 256 2422 meos,
271 2369 296 2411 et
309 2359 433 2411 ordinem
447 2360 579 2412 virtutum
590 2361 738 2421 destruant,
749 2371 780 2412 ut
794 2360 858 2412 inde
871 2360 978 2412 laudem
987 2370 1023 2426 te,
1035 2370 1062 2412 et
1074 2359 1201 2413 confitear

81 2429 191 2482 nomini
202 2440 260 2492 tuo,
274 2431 424 2484 Altissime.
442 2432 538 2482 Arnen.

492 2759 660 2830 CAPUT
686 2759 805 2827 XXIX

180 3010 233 3079 De
256 3011 404 3080 secunda
434 3009 596 3096 ejectione
623 3008 840 3078 vendentium
868 3020 900 3078 et
923 3008 1106 3078 ementium

544 3126 586 3195 de
610 3125 714 3217 templ
739 3178 746 3194 .

493 3347 639 3410 Matthaei
660 3350 727 3430 cup.⁴
751 3368 800 3409 21.

123 3571 133 3606 1
151 3554 384 3608 Doutuusturmr
401 3572 428 3608 ru
446 3573 580 3609 raurtuu.
594 3587 623 3596 -
672 3558 812 3610 videbatur
826 3559 856 3610 in
870 3559 937 3609 duas
951 3565 1039 3623 partes
1056 3571 1063 3605 ε
1079 3567 1204 3617 unapars

88 3625 175 3677 Venit
192 3635 284 3679 autem
300 3628 378 3680 iesus
393 3629 492 3681 directe
505 3630 538 3680 ad
553 3641 623 3683 tem·
671 3628 816 3679 vocabatur
858 3633 986 3691 sanetum,
1027 3623 1075 3676 ubi
1118 3637 1202 3688 prope

87 3696 177 3765 plum,
200 3704 228 3750 et
249 3699 363 3751 intravit
397 3699 423 3752 in
449 3700 545 3766 ipsum.
568 3702 621 3754 Ubi
671 3701 773 3753 ostium
787 3701 871 3752 sancti
886 3708 1039 3751 sanctorum
1053 3705 1109 3747 erat
1122 3695 1204 3746 altare

88 3778 156 3821 nota
177 3769 252 3837 quod
269 3771 400 3837 templum
422 3771 554 3838 accipitur
566 3773 619 3824 ali·
671 3773 775 3826 incensi
792 3789 840 3825 seu
861 3770 1046 3838 thymiamatis
1071 3783 1137 3819 auro
1158 3778 1197 3819 tc·

85 3841 198 3908 quaudo
212 3856 262 3909 pro
277 3843 359 3894 domo
371 3842 477 3912 templi,
490 3844 565 3911 quod
576 3844 621 3896 di·
669 3854 752 3910 ctum,
765 3860 859 3896 mensa
874 3839 1077 3910 propositionis,
1095 3847 1120 3891 et
1137 3853 1201 3891 can-
