2632 4320
136 335 188 386 DE
202 335 300 385 REGE
315 333 377 395 QUI
392 333 527 384 VOLUIT
544 334 626 385 Rnr.
644 333 786 385 PONERE
801 333 876 384 CUM
893 333 992 384 SERV.
1008 333 1092 384 SUlS.
1142 344 1179 399 7¹.

61 450 130 500 enim
142 451 218 501 Deus
228 448 309 516 ponitv
319 448 452 500 rationem
467 464 529 499 cum
540 464 593 499 ser-

61 523 107 584 ris,
130 524 239 574 scilicet
262 521 436 584 hominibus3
454 537 516 572 nam
537 536 594 571 om-

59 595 133 646 nium
143 603 222 645 actus
236 594 308 643 Deus
317 593 428 643 discutit
441 592 594 660 diligenter,

58 676 83 716 et
107 667 208 717 merita
239 665 369 730 cujusque
395 663 539 724 examinat,
567 674 594 714 et

58 739 108 789 hoc
125 756 133 789 ι
150 754 200 804 per
212 736 371 803 Scripturas,
387 752 433 802 per
450 746 593 797 creaturas,

57 826 103 876 per
117 809 298 872 confessores,
314 824 362 875 per
376 807 593 858 humiliationem

56 881 174 947 propriae
192 880 374 944 conscientiae,
396 880 491 950 nolens
508 879 594 929 ratio-

58 968 121 1002 nem
150 953 186 1002 de
214 951 291 1002 factis
321 950 448 1001 humanis
480 949 595 1016 exigere.

58 1026 153 1075 Potest
164 1039 232 1090 ergo
247 1025 305 1074 haec
320 1024 445 1089 parabola
455 1024 488 1074 ad
500 1039 595 1090 propo

56 1097 143 1148 situm
165 1096 261 1162 aptari,
277 1107 304 1147 et
326 1096 364 1147 sic
379 1096 476 1162 exponi
491 1112 498 1146 τ
512 1095 594 1146 Assi-

56 1162 182 1218 niilatum
206 1173 248 1217 est
271 1181 385 1233 regnum
410 1167 546 1229 coelorum,
567 1166 594 1215 id

57 1248 98 1289 est
117 1248 207 1289 status
223 1238 350 1289 Ecclesiae
374 1237 526 1301 militantis,
548 1251 595 1286 seu

57 1310 203 1374 presentis
228 1308 368 1374 temporis,
396 1323 458 1374 quae
481 1323 595 1373 regnum

57 1381 192 1432 coelorum
207 1380 316 1441 dicitur,
334 1390 393 1430 tum
407 1379 473 1445 quia
491 1377 596 1444 legibus

57 1452 119 1502 coeli
134 1451 286 1517 subjicitur,
301 1461 360 1501 turn
375 1449 440 1516 quia
462 1451 494 1499 de
512 1464 542 1499 ea
562 1449 595 1498 ad

57 1523 157 1573 coelum
173 1522 338 1587 pervenitur,
356 1520 457 1573 homini
473 1519 543 1586 regi,
568 1519 594 1568 id

57 1603 99 1644 est
109 1593 233 1657 Christo,
247 1592 293 1658 qui
310 1602 350 1644 est
363 1607 444 1642 verus
467 1591 550 1641 homo
570 1600 596 1639 et

58 1682 140 1718 verus
152 1666 235 1726 Deus,
257 1667 314 1715 Rex
339 1681 434 1731 regum
457 1675 483 1715 et
498 1664 595 1714 Domi-

60 1753 115 1788 nus
128 1736 331 1787 dominantium
342 1752 349 1799 ;
360 1737 406 1802 qui
417 1736 501 1787 voluit
514 1735 596 1786 rufio·

59 1826 122 1862 nem
133 1825 233 1877 ponere
247 1825 304 1861 cum
315 1810 402 1860 servis
416 1810 481 1872 suis,
495 1809 596 1859 scilicet

60 1881 231 1940 horninibus,
254 1896 372 1946 quorum
387 1888 427 1930 est
452 1878 594 1938 Dominus,

60 1951 129 2018 quia
146 1951 178 2001 ad
197 1951 287 2018 ipsum
302 1949 418 2016 pertinet
432 1949 596 2000 examinatio

60 2026 226 2076 meritorum
242 2024 437 2092 quorumlibet,
456 2033 482 2074 et
499 2023 597 2088 singu-

59 2098 214 2150 lommAEt
228 2097 378 2148 notandum
402 2096 475 2163 quod
498 2094 596 2145 Domi-

60 2185 116 2220 nus
142 2178 225 2234 pouet
253 2184 303 2219 nos
328 2168 361 2219 ad
385 2166 543 2218 rationem:
563 2165 596 2215 de

59 2239 192 2291 omnibus
208 2239 287 2289 bonis
301 2238 464 2301 commissis,
478 2248 504 2287 et
515 2235 597 2287 bonis

59 2310 187 2373 omissis;
205 2310 324 2376 itemque
346 2309 378 2360 de
393 2309 471 2359 malis
488 2307 597 2358 anobis

59 2380 229 2443 commissis,
240 2390 267 2430 et
286 2381 319 2430 de
332 2379 412 2429 malis
426 2378 535 2429 anobis
552 2377 596 2426 di-

60 2451 166 2502 missis.
182 2451 221 2501 De
244 2450 334 2516 primo
357 2459 398 2500 est
421 2448 547 2514 parabola
563 2448 596 2497 de

60 2522 153 2572 villico
168 2521 329 2586 iniquitatis,
344 2530 371 2570 et
386 2521 437 2570 ista
454 2527 595 2583 computa-

59 2593 99 2644 tio
128 2594 245 2642 multum
280 2592 400 2643 timenda
428 2599 481 2655 εει,
511 2589 596 2638 multa

62 2663 139 2714 enim
152 2665 225 2713 bona
237 2663 317 2713 nobis
326 2661 472 2712 commissa
484 2669 557 2720 sunt,
570 2668 597 2708 et

61 2733 154 2800 magni
166 2734 275 2795 valoris,
290 2733 413 2784 scilicet:
431 2732 502 2781 bona
516 2739 596 2780 natu-

61 2805 216 2872 rae,gratiae
240 2816 268 2856 et
295 2804 420 2865 fortunae,
444 2803 478 2854 de
495 2802 596 2868 quibus

63 2876 193 2926 omnibus
208 2885 315 2942 oportet
327 2876 439 2926 reddere
451 2874 594 2932 rationem,

64 2948 180 3015 qualiter
192 2948 232 2998 eis
254 2948 297 2998 usi
312 2949 406 2999 ninus.
430 2947 466 2998 Et
491 2947 515 2997 si
538 2961 594 2996 non

63 3018 226 3069 haberemus
252 3019 361 3069 reddere
380 3018 514 3068 rationem
542 3015 594 3065 nisi

64 3091 97 3141 de
112 3100 242 3156 ternpore,
258 3092 375 3141 multum
386 3100 457 3140 esset
471 3087 550 3138 nobis
564 3087 596 3135 ti-

65 3161 211 3225 mendum3
233 3177 313 3211 omne
334 3160 408 3210 enirn
427 3169 535 3223 tempus
550 3156 596 3206 ho-

67 3231 134 3281 mini
158 3231 312 3298 impensum
334 3231 486 3296 requiretur
508 3228 542 3278 ab
562 3243 594 3277 eo

67 3303 179 3368 qualiter
207 3302 287 3354 fuerit
314 3317 471 3368 expensum,
497 3311 524 3351 et
541 3315 596 3350 una

68 3372 132 3424 hora
144 3373 275 3439 temporis
293 3382 381 3438 potest
396 3373 480 3423 horno
494 3371 595 3421 absolvi

69 3458 84 3493 a
102 3445 201 3505 debito,
223 3455 249 3495 et
269 3460 384 3510 reguum
405 3445 534 3494 coelornrn
549 3444 595 3492 lu-

69 3515 139 3566 crari.
154 3515 193 3565 De
213 3515 331 3566 secundo
353 3524 395 3565 εει
419 3513 544 3580 parabola
563 3513 597 3562 de

70 3588 183 3655 talentis3
199 3598 226 3639 et
251 3589 310 3638 haec
330 3588 410 3639 etiam
432 3586 597 3653 computatio

71 3660 181 3710 multum
205 3668 247 3710 est
265 3658 395 3718 timenda,
416 3673 478 3708 cum
501 3657 598 3707 Domi*

71 3744 118 3780 nus
131 3730 203 3781 dicat
215 3730 317 3780 ibidem
332 3746 339 3780 ι
354 3730 394 3780 Et
404 3729 522 3779 inutilem
536 3744 597 3779 ser-

70 3814 126 3850 m
131 3802 258 3869 projicite
268 3801 294 3851 in
306 3801 428 3850 tenebras
435 3801 597 3850 exteriores.

70 3869 105 3920 De
114 3871 203 3930 tertio,
213 3870 376 3936 computatio
389 3871 469 3920 etiam
479 3871 596 3920 multum

70 3952 107 3993 est
119 3943 249 4007 timenda,
274 3958 337 3993 curn
353 3942 488 3992 Dominus
503 3941 594 4008 positu

644 465 691 499 rus
707 449 743 499 sit
757 448 891 499 rationem
903 449 984 499 etiain
996 448 1030 498 de
1041 447 1180 513 cogitatio*

645 520 726 571 nibus
751 529 778 570 et
795 520 882 570 verbis
902 521 1005 571 otiosis.
1023 519 1062 571 De
1081 528 1181 585 quarro-

645 602 685 642 est
697 591 822 657 parabola
836 607 966 657 proesens3
980 601 1007 642 et
1023 592 1080 642 haec
1098 604 1181 642 corn-

645 665 748 730 putatio
766 664 883 714 multum
904 675 945 715 est
972 665 1101 724 timenda,
1118 678 1179 729 pro·

645 745 702 801 pter
715 733 808 784 vitium
823 734 1034 799 ingratitudinis,
1049 734 1123 800 quod
1134 743 1175 785 est

645 807 721 858 valde
734 807 926 872 periculosum.

677 896 693 930 2
710 881 850 930 Pnnnaonn
865 895 898 928 na
909 895 978 929 naas
988 895 1109 930 rorante
1124 895 1179 929 nna

645 966 744 1001 rinnau
758 965 860 1000 rosana
873 965 927 999 cun
947 966 1037 1000 suavis
1054 942 1123 1002 suis.
1146 976 1177 991 -·

646 1021 685 1070 Ει
709 1034 767 1071 cum
787 1021 912 1085 coepisset
927 1020 1057 1070 rationem
1065 1034 1175 1087 ponere,

647 1094 674 1143 id
690 1104 731 1144 est
742 1093 838 1144 merita
847 1102 873 1143 et
885 1092 1064 1143 conscientias
1078 1093 1178 1143 exami-

647 1183 719 1229 nare,
746 1168 772 1217 in
795 1182 848 1234 qua
872 1167 1068 1217 examinatione
1096 1167 1200 1216 modo>

647 1255 751 1300 sumus,
766 1240 812 1289 sed
833 1240 1004 1305 postmodum
1022 1238 1131 1288 dabitur
1145 1237 1179 1288 de

647 1312 728 1362 nobis
741 1313 882 1373 sententia,
897 1317 1046 1362 secundum
1062 1310 1177 1361 merita:

649 1385 764 1435 Oblatas
777 1391 818 1435 est
828 1399 896 1434 unus
907 1384 953 1450 qui
968 1384 1078 1434 debebat
1090 1383 1178 1433 decem
1258 1394 1261 1401 ·

647 1459 733 1509 millia
750 1459 860 1522 talenta,
877 1458 904 1508 id
926 1466 967 1508 est
988 1457 1122 1524 obligatus
1146 1457 1179 1506 ad

647 1546 775 1596 magnam
800 1545 926 1596 poenam,
958 1539 1068 1596 propter
1094 1529 1180 1578 multa

646 1613 761 1669 peccata.
788 1602 923 1652 indebito
942 1601 1021 1651 istius
1038 1602 1184 1651 denotatur

647 1674 762 1741 gremias
791 1684 817 1723 et
851 1673 1031 1723 numerositas
1055 1680 1180 1738 peccato-

647 1761 726 1809 rum3
742 1753 768 1793 et
780 1743 911 1808 accipitur
924 1743 1119 1793 determinatus
1132 1757 1180 1791 nu*

648 1832 739 1867 merus
768 1830 817 1880 pro
846 1813 1064 1865 indeterminato.
1100 1811 1179 1862 Unde

647 1887 838 1952 Augustinus:
852 1885 949 1945 «Quia
969 1885 1023 1934 Lex
1044 1883 1073 1932 in
1088 1883 1180 1933 decent

648 1956 786 2023 praeceptis
801 1955 1014 2016 commendatur,
1037 1953 1082 2003 ille
1095 1951 1180 2002 debe-

648 2028 693 2078 bat
711 2028 802 2077 decem
830 2026 917 2077 millia
940 2027 1110 2084 talentorum,
1133 2036 1182 2088 per

648 2099 721 2166 quod
744 2097 838 2149 omnia
864 2108 970 2164 peccata
993 2097 1179 2162 designantur,

649 2187 711 2238 quae
733 2171 835 2222 scilicet
856 2183 947 2223 contra
957 2173 1057 2238 Legem
1071 2169 1149 2220 fiunt.
1163 2185 1178 2214 r

649 2246 715 2295 Cum
732 2251 820 2295 autem
837 2245 1018 2307 manahem,
1033 2243 1100 2293 unde
1114 2240 1180 2292 red&

648 2316 733 2377 deret,
751 2315 779 2364 id
796 2325 837 2365 est
852 2331 913 2365 cum
929 2330 984 2365 non
1002 2322 1093 2380 posset
1110 2311 1179 2362 viri-

648 2386 699 2436 bus
712 2386 770 2436 suis
784 2387 840 2437 Deo
857 2385 1006 2436 satisfacere
1022 2399 1072 2450 pro
1086 2397 1179 2449 pecca-

647 2457 697 2520 tis;
714 2458 798 2507 homo
808 2457 881 2506 enim
895 2471 942 2522 per
957 2471 984 2505 se
995 2463 1082 2520 potest
1092 2467 1178 2514 ruere,

647 2528 693 2578 sed
708 2544 761 2577 non
774 2541 921 2592 resurgere,
942 2538 1032 2590 perse
1046 2522 1180 2573 offendere

647 2608 673 2649 et
687 2613 802 2664 peccare,
813 2612 844 2646 ac
859 2612 906 2662 per
920 2597 971 2646 hoc
985 2593 1108 2643 debiturn
1119 2609 1179 2644 con·

646 2669 761 2727 trahere,
781 2669 827 2718 sed
846 2683 901 2717 non
916 2682 963 2732 per
977 2679 1005 2716 se
1019 2663 1178 2725 satisfacere,

649 2740 702 2790 nisi
717 2738 802 2806 gratia
816 2738 865 2788 Dei
880 2737 1035 2800 accedente3
1050 2744 1076 2785 et
1088 2735 1110 2785 si
1126 2735 1179 2785 ho·

647 2828 693 2861 mo
719 2827 767 2876 pro
791 2826 847 2860 uno
871 2802 975 2860 tantum
994 2816 1101 2873 peccato
1124 2822 1179 2856 non

647 2883 746 2934 sufficit
758 2881 915 2939 satisfacere,
925 2881 1012 2942 multo
1025 2879 1118 2928 minus
1130 2893 1179 2944 pro

647 2956 737 3005 decem
745 2953 868 3003 millibus
877 2962 1046 3019 peccatorum
1057 2949 1183 3000 talentis:

641 3027 728 3094 jussit
743 3039 806 3090 ergo
818 3038 875 3074 eum
890 3023 1021 3074 Dominus
1032 3021 1179 3072 venumda-

646 3097 681 3160 ri,
695 3096 722 3145 in
731 3095 887 3145 servitutem
896 3109 989 3159 poenae,
1000 3093 1072 3158 quia,
1086 3107 1181 3142 secun·

647 3170 713 3218 dum
747 3168 910 3233 Remigium,
947 3166 1064 3232 pretium
1097 3165 1179 3228 huius

647 3239 759 3303 venditi,
775 3239 938 3306 supplicium
950 3250 991 3290 εει
1005 3236 1137 3298 damnati3
1152 3242 1179 3286 ei

649 3326 762 3363 uxorem
786 3311 852 3378 ejus,
872 3310 898 3360 id
922 3322 964 3362 est
986 3308 1183 3375 concupiscens

649 3384 725 3443 nam,
737 3399 769 3432 ex
781 3398 835 3450 qua
844 3383 1034 3449 concipiuntur
1046 3378 1109 3430 mall
1119 3377 1180 3438 filii,

649 3460 675 3505 et
682 3454 763 3520 filios
777 3454 843 3521 ejus,
862 3454 888 3503 id
904 3465 944 3504 est
959 3453 1028 3503 mala
1043 3464 1136 3516 opera3
1152 3449 1181 3499 in

649 3524 762 3575 homine
775 3524 848 3574 enim
868 3525 980 3590 spiritus
994 3534 1034 3573 est
1050 3521 1099 3579 vir,
1114 3535 1180 3570 sen-

650 3597 759 3647 sualitas
772 3597 881 3656 mulier,
906 3612 953 3661 per
973 3608 1090 3660 quorum
1102 3606 1185 3642 com-⁴

650 3668 810 3718 mixtionem
836 3667 896 3726 filii,
915 3666 942 3715 id
963 3674 1002 3715 est
1026 3679 1108 3730 opera
1134 3680 1182 3730 ge-

650 3750 789 3801 nerantur3
817 3753 930 3789 uxorem
960 3750 1023 3800 ergo
1054 3740 1081 3784 et
1103 3736 1183 3802 filios

650 3808 814 3871 venumdari,
832 3817 873 3857 est
893 3822 942 3872 pro
956 3804 1181 3870 concupiscentiis

651 3879 833 3938 interioribus,
850 3887 876 3926 et
890 3876 968 3927 malis
987 3875 1114 3941 operibus
1134 3889 1185 3924 ert-²

649 3949 793 4000 terioribus
810 3962 918 4013 poenam
932 3947 1043 4004 solvere,
1054 3946 1127 4011 quod
1142 3954 1184 3997 est
