2632 4320
151 227 199 277 ua
215 225 317 278 cour.
335 227 441 277 varra
462 226 563 288 riusa
582 225 683 286 Qunu
701 226 839 278 paraus
854 206 958 280 rscrr
976 229 1046 280 rao
1062 229 1184 283 ouum.
1216 232 1230 284 3

105 342 156 392 Sed
170 352 198 392 et
211 341 336 406 discipuli
349 342 544 409 Episcoporum
566 344 640 409 lipo-

104 416 240 467 atolorum
260 413 432 470 instruuntur
452 416 584 482 exemplo,
610 425 640 465 ut

104 486 308 552 qualescunque
337 485 481 550 opiniones
504 485 640 537 audierint

103 557 172 607 foris
203 558 236 607 de
262 556 403 622 Episcopis
430 557 497 616 suis,
525 557 640 609 referant

103 628 152 679 eia.
171 647 185 675 n
196 629 227 678 ln
241 628 292 678 hoc
308 638 397 679 autem
414 629 486 694 quod
506 629 639 680 Dominus

102 700 136 749 ab
152 699 292 764 Apostolis
305 698 430 764 quaesivit
444 699 477 750 de
489 698 541 750 fide
552 700 641 751 turba-

103 785 175 832 rum,
190 769 265 819 dedit
280 768 429 834 intelligere
444 770 517 836 quod
536 770 639 836 praelati

102 842 234 892 reddituri
250 852 314 892 sunt
326 841 459 894 rationem
472 843 507 894 de
515 841 569 893 fide
580 843 642 894 sub·

101 914 234 977 diturum.

133 999 152 1048 4
168 984 264 1034 Venta:
283 997 426 1033 wasnaum
448 999 587 1035 orruroaas
608 999 641 1033 ua

102 1057 236 1107 Ourrsro.
261 1083 291 1094 -
321 1056 354 1105 Et
381 1054 444 1121 quia
472 1056 506 1106 de
531 1054 640 1106 Christo

103 1137 184 1177 erant
205 1127 285 1177 varia:
306 1126 445 1192 opiniones
469 1127 498 1178 in
527 1127 640 1192 populo,

104 1198 166 1248 ideo
183 1196 309 1262 discipuli
333 1197 529 1263 responderunt
548 1198 641 1248 dicen-

103 1269 150 1328 do,
174 1268 249 1332 quod
273 1266 319 1317 alii
343 1267 462 1318 dicerent
491 1282 553 1318 eum
582 1283 641 1318 esse

103 1339 238 1389 loannem
262 1332 420 1402 Baptistam,
441 1337 489 1404 qui
511 1338 541 1388 in
563 1349 640 1389 utero

103 1412 201 1462 matris
229 1411 334 1476 positus
369 1410 502 1461 sentiebat
531 1411 639 1462 Domini

101 1483 284 1550 praesentiam,
299 1493 327 1532 et
340 1492 449 1548 propter
469 1481 639 1549 Baptismum

101 1567 130 1607 et
143 1555 206 1606 vitae
225 1555 417 1616 eminentiam
435 1556 512 1620 cujus
527 1556 638 1622 opinio-

101 1631 147 1680 nis
170 1629 221 1679 fuit
237 1629 366 1687 Herodes,
388 1637 415 1679 et
437 1628 479 1680 sui
501 1645 638 1697 sequaces.

101 1702 180 1753 Unde
198 1701 383 1767 Theophilus:
397 1718 411 1747 u
426 1701 504 1752 Multi
521 1717 638 1769 namque

99 1772 234 1837 putabant
254 1770 326 1835 quod
352 1770 466 1821 loannes
485 1787 500 1821 a
522 1773 638 1824 mortuis

98 1841 269 1900 surrexisset,
283 1841 353 1890 sicut
369 1851 403 1893 et,
411 1841 530 1893 Herodes
544 1844 637 1896 crede-

99 1914 162 1971 bat,
184 1921 211 1961 et
233 1922 294 1976 post
317 1911 537 1964 resurrectionem
558 1929 636 1966 suam

98 1982 230 2033 miracula
253 1991 440 2048 perpetrasset.
461 2001 475 2029 a
498 1984 552 2036 ruit
573 2002 636 2038 vero

97 2055 225 2105 dicebant
245 2070 307 2104 eum
328 2069 388 2104 esse
412 2055 509 2115 Eliam‚
527 2068 636 2124 propter

98 2127 191 2176 zelum
213 2125 331 2176 veritatis
360 2141 442 2192 quem
470 2127 581 2192 habuit;
610 2142 636 2182 et

99 2206 212 2262 propter
228 2196 354 2261 potentiae
377 2196 547 2259 evidentiam,
571 2201 635 2267 quia

99 2269 196 2334 ignem
219 2269 252 2318 de
277 2270 343 2319 coelo
366 2269 471 2334 posuit;
484 2278 510 2320 et
523 2272 588 2337 quia
601 2275 634 2323 ad

100 2341 203 2392 coelum
225 2351 327 2406 raptus,
350 2341 467 2393 creditur
489 2342 553 2394 inde
577 2361 635 2396 esse

99 2421 239 2461 venturus.
251 2411 304 2460 lilii
318 2411 471 2468 ieremiam,
483 2429 531 2480 pro
543 2417 636 2467 sancti-

98 2491 164 2540 tate,
184 2481 231 2547 qui
249 2481 427 2533 sanctificatus
447 2482 499 2534 fuit
517 2484 546 2535 in
558 2496 635 2538 utero

100 2552 205 2615 matris,
217 2560 243 2602 et
256 2563 364 2617 propter
375 2551 531 2617 patientiam
544 2555 573 2607 in
585 2557 635 2607 ad-

97 2622 194 2681 versis,
209 2634 237 2672 et
252 2632 359 2688 propter
376 2621 538 2675 beneficium
552 2627 635 2678 mise-

96 2693 230 2753 ricordiae,
254 2693 317 2759 quia
335 2693 428 2758 populi
443 2705 547 2759 peccata
562 2690 636 2763 plap-

98 2765 141 2814 xit
168 2775 194 2814 et
213 2766 373 2815 lamentatus
395 2764 455 2816 fuit.
474 2766 529 2817 Alii
544 2780 633 2820 autem

99 2852 189 2886 unum
213 2837 247 2886 de
271 2837 421 2902 Prophetis,
456 2837 556 2890 scilicet
584 2841 636 2892 Eli·

99 2924 196 2967 saeum,
213 2920 321 2974 propter
336 2909 518 2961 excellentiam
533 2913 636 2978 sapien·

100 2983 159 3041 tioe,
169 2982 262 3032 habuit
275 2983 349 3033 enim
358 2983 493 3048 duplicem
508 2985 634 3051 spiritum

102 3052 187 3113 Eliae;
203 3054 253 3111 vel,
268 3054 333 3119 quia
346 3053 463 3104 surrexit
476 3070 548 3106 unus
566 3058 635 3109 alius

100 3124 137 3173 de
150 3122 269 3190 antiquis
285 3123 427 3189 Prophetis
442 3124 589 3189 prioribus.
601 3129 635 3179 Et

100 3195 141 3244 sic
163 3204 236 3259 patet
257 3194 356 3244 divisio
379 3194 477 3245 erroris
498 3195 583 3248 habiti
602 3200 635 3250 de

99 3265 164 3314 lesu
184 3280 201 3314 a
220 3264 348 3328 diversis;
370 3262 409 3315 sic
439 3264 528 3316 adhuc
553 3267 635 3320 hodie

99 3335 241 3387 variantur
260 3335 385 3387 homines
408 3334 570 3401 inquirendo
590 3355 635 3391 sa-

99 3407 198 3466 lutem,
224 3407 281 3458 siue
308 3406 511 3458 beatitudinem.
543 3410 636 3464 Unus-

99 3478 219 3544 quisque
240 3477 313 3528 enim
338 3477 413 3542 ponit
441 3477 634 3532 beatitudinem

98 3546 128 3597 in
141 3548 262 3614 eoquod
279 3546 378 3612 diligit,
396 3554 423 3596 et
444 3547 496 3599 hoc
519 3565 568 3615 pro
580 3552 636 3604 Deo

97 3621 173 3682 colit,
188 3620 266 3688 quia,
277 3619 425 3671 seeundum
443 3624 634 3690 Augustianis,

98 3691 153 3743 hoe
175 3693 211 3742 ab
230 3690 342 3743 homine
364 3690 470 3752 colitur,
487 3695 563 3759 quod
581 3711 636 3762 prm

97 3763 197 3815 ceteris
212 3762 311 3828 diligit.

133 3831 147 3883 5
166 3836 318 3888 aninmo
330 3831 412 3884 Prrar
425 3833 564 3889 Camaruu
576 3853 637 3892 asse

586 3922 598 3951 Ι

693 344 792 395 limma
815 344 867 396 Dar
888 360 1068 397 murinum
1082 346 1232 399 -Deinde

692 416 775 481 exigit
798 431 813 466 a
834 414 977 481 discipulis
998 415 1135 482 propriam
1154 417 1188 468 de
1202 433 1231 468 se

692 485 901 546 confessionem,
918 484 1035 536 dicens:
1055 487 1108 538 Vos
1130 494 1229 551 autem,

693 557 726 607 ab
742 556 803 607 aliis
823 555 940 618 discreti,
961 555 1009 621 qui
1032 571 1086 607 non
1109 555 1173 607 eatis
1196 557 1229 608 de

693 629 779 687 turba,
799 629 847 680 aed
859 627 914 679 mei
928 626 1053 692 discipuli
1067 627 1162 693 quibus
1177 628 1230 679 da-

694 707 749 751 tum
782 705 823 751 est
855 713 933 751 nosse
959 699 1118 765 mysterium
1147 699 1229 766 regni

693 775 796 836 Dei,....
809 773 855 840 qui
869 773 938 825 estis
951 772 1002 823 lux
1016 772 1160 833 mundis..
1175 772 1232 838 qai-

694 849 742 898 bus
756 847 844 899 ovinia
858 859 1020 912 quaecunque
1031 845 1125 896 audivi
1139 860 1158 895 a
1169 845 1231 896 Pa·

694 925 736 968 tre
749 932 806 968 meo
821 923 884 968 note
899 915 959 982 seri
960 952 1009 974 .....
1023 913 1099 981 quon
1112 929 1153 966 me
1172 927 1231 967 esse

694 988 809 1040 dicitis?
824 987 908 1048 Quasi
929 986 1049 1039 diceret:
1064 987 1092 1038 Si
1115 985 1161 1036 alii
1183 1001 1230 1038 er·

694 1069 755 1111 rant
772 1059 902 1125 opinione
917 1057 983 1109 falsa
997 1057 1029 1107 de
1043 1071 1103 1119 me;
1125 1071 1173 1108 vos
1187 1065 1231 1108 ta-

694 1148 758 1182 men
773 1147 829 1182 non
850 1129 953 1181 debetis
968 1143 1063 1187 errare,
1075 1127 1123 1193 qui
1136 1125 1230 1179 tandiu

694 1214 801 1252 mecum
816 1200 906 1252 fuistis
914 1215 922 1263 ;
936 1208 963 1250 et
976 1213 1062 1250 meam
1079 1197 1230 1248 doctrinam

693 1274 817 1334 audistis,
831 1283 858 1324 et
872 1272 999 1323 miracula
1022 1280 1094 1322 tanta
1113 1267 1230 1320 vidistis.

693 1345 843 1414 Respondit
860 1350 949 1395 autem
963 1343 1063 1393 Petrus
1079 1355 1128 1406 pro
1144 1338 1231 1391 omni·

694 1420 753 1479 bus,
767 1415 869 1467 scilicet
877 1429 927 1482 pro
939 1428 968 1464 se
981 1422 1007 1463 et
1016 1427 1065 1476 pro
1077 1409 1148 1471 aliis,
1163 1408 1228 1475 quia

692 1503 788 1538 omnes
802 1501 887 1537 unum
902 1484 1031 1543 sciebant,
1048 1491 1075 1533 et
1091 1480 1163 1540 idem
1175 1494 1233 1532 sen-

692 1560 811 1623 tiebant;
838 1558 899 1610 licet
924 1556 970 1607 alii
1000 1552 1122 1620 Apostoli
1149 1551 1230 1603 etiam

692 1631 801 1690 scirent,
811 1629 861 1680 iste
876 1639 975 1688 tamen,
985 1636 1114 1690 tanquam
1129 1621 1229 1682 senior,

691 1717 720 1751 ac
736 1701 860 1767 princeps
873 1708 900 1747 et
920 1706 998 1762 caput
1013 1695 1140 1752 aliorum,
1153 1691 1184 1743 lit
1195 1707 1227 1744 os

690 1771 774 1821 totius
795 1769 915 1835 collegii;
937 1783 968 1816 a:
982 1781 1037 1832 prae
1056 1765 1186 1815 omnibus
1200 1774 1226 1814 et

691 1858 739 1909 pro
758 1841 888 1893 omnibus
910 1836 1058 1904 respondit,
1074 1835 1121 1901 qui
1134 1833 1228 1884 omni-

690 1914 740 1965 bus
761 1926 874 1982 praeesse
889 1918 917 1961 et
931 1909 1057 1976 prodesse
1071 1905 1174 1956 debuit.
1188 1905 1228 1957 Ex

689 2002 744 2051 quo
761 1995 831 2051 patet
847 1982 920 2049 quod
945 1979 1077 2047 praecipue
1092 1977 1126 2028 ad
1151 1975 1223 2027 Petri

688 2070 870 2109 successorem
886 2053 1001 2120 pertinet
1011 2047 1164 2102 certificatio
1177 2047 1224 2097 du·

689 2128 851 2179 bitationum
865 2125 899 2175 de
911 2121 973 2183 fide,
985 2131 1011 2172 et
1024 2117 1223 2187 pertinentibus

687 2202 720 2252 ad
734 2199 864 2251 eamdem.
878 2199 972 2248 Petrus
986 2193 1069 2260 igitur
1087 2205 1169 2242 nona
1182 2205 1225 2257 pa-

688 2273 818 2331 rentibus,
839 2269 885 2321 sed
905 2282 920 2318 a
943 2267 1020 2316 Patre
1038 2261 1139 2314 coelesti
1158 2261 1227 2312 edo·

686 2354 755 2403 ctus,
769 2342 818 2393 Dei
826 2339 926 2390 Filium
937 2346 963 2387 et
973 2333 1112 2387 hominem
1122 2330 1227 2391 videns,

687 2424 834 2480 utrumque
846 2409 1002 2475 complexus
1016 2415 1058 2456 est
1062 2420 1070 2468 ;
1086 2419 1116 2455 ac
1129 2402 1224 2453 verita·

687 2497 742 2537 tem
767 2485 868 2535 divinae
884 2493 910 2532 et
932 2480 1058 2529 humanae
1073 2484 1183 2535 naturae,
1198 2473 1225 2524 id

688 2566 728 2606 est
743 2570 838 2606 verum
860 2554 948 2603 Deum
974 2557 1000 2597 et
1024 2545 1176 2602 hominem,
1195 2542 1225 2592 in

687 2627 781 2676 eodem
796 2621 939 2688 supposito
950 2615 1102 2677 confitetur,
1112 2613 1224 2665 dicens:

691 2697 735 2748 Tu
764 2711 793 2746 es
823 2693 948 2746 Christus
974 2688 1065 2741 Fttius
1087 2685 1139 2737 Dei
1162 2683 1226 2736 viui.

688 2769 773 2831 Quasi
787 2767 858 2818 dicat
871 2781 877 2815 :
897 2764 940 2814 Tu
953 2776 982 2813 es
995 2759 1129 2819 Christus,
1146 2755 1172 2806 id
1185 2765 1226 2806 est

688 2841 771 2891 homo
802 2833 950 2886 secundum
975 2829 1049 2896 quod
1074 2836 1170 2877 unctus
1197 2839 1226 2876 es

689 2912 750 2960 oleo
775 2906 866 2974 gratiae
887 2916 947 2969 proe
965 2897 1145 2967 participibus
1160 2894 1224 2961 tuis,

688 2994 714 3034 et
732 2983 771 3032 sic
790 2977 929 3031 confitetur
943 2975 1000 3040 ejus
1016 2969 1223 3029 humanitatem,

688 3056 717 3107 in
734 3070 787 3122 qua
802 3061 899 3103 unctus
920 3056 960 3099 est
979 3046 1038 3097 oleo
1056 3041 1146 3110 gratim
1169 3055 1224 3107 prae

687 3126 759 3186 aliis3
775 3134 800 3175 et
813 3138 842 3174 es
856 3120 946 3173 Filius
960 3117 1013 3171 Dei
1027 3112 1156 3166 naturalis
1169 3109 1225 3162 sci·

688 3199 758 3257 licet,
772 3205 799 3246 et
814 3209 867 3245 non
883 3190 1033 3256 adoptivus,
1047 3187 1117 3237 sicut
1127 3183 1183 3246 alii,
1197 3192 1225 3232 et

688 3285 736 3336 per
768 3279 937 3330 consequens
973 3260 1093 3326 ejusdem
1123 3265 1225 3305 naturae

688 3356 749 3391 eum
774 3339 831 3390 Deo
853 3337 937 3398 Patre,
961 3343 987 3384 et
1012 3331 1052 3383 sic
1082 3324 1226 3405 confitetur

688 3411 746 3475 ejus
760 3405 944 3467 divinitatem
959 3414 987 3454 et
1006 3399 1080 3452 addit
1104 3395 1168 3459 atii,
1195 3394 1224 3446 id

689 3493 729 3534 est
754 3476 984 3532 incommutabilis
998 3485 1024 3526 et
1036 3467 1139 3529 aeterni,
1160 3466 1226 3535 quia

690 3550 796 3605 Hebraei
822 3553 1018 3601 consueverunt
1030 3554 1124 3591 vocare
1138 3539 1225 3616 Deum

688 3622 791 3681 vivum,
805 3619 838 3670 ad
850 3615 1028 3670 differentiam
1038 3620 1064 3663 et
1074 3609 1225 3686 distinctio

690 3709 753 3746 nem
767 3691 896 3742 falsorum
911 3689 1033 3743 deorum,
1048 3680 1096 3749 qui
1112 3694 1167 3731 non
1177 3691 1223 3727 aa·

689 3774 765 3822 vunt,
791 3776 870 3828 quos,
885 3757 987 3810 scilicet
1004 3755 1115 3812 Gentes.
1136 3747 1179 3803 uel
1191 3746 1226 3797 de

687 3833 804 3892 mortuis
830 3828 999 3892 bominibus,
1012 3826 1056 3880 vel
1071 3824 1105 3877 de
1128 3821 1224 3875 meen-
