2632 4320
325 271 373 322 DE
388 272 596 324 ABLUTIONE
612 272 738 324 PEDUM'
749 272 1022 328 DlSClPULORUM.

95 388 144 456 qui
157 396 204 439 est·
220 385 285 438 finis
306 387 446 453 perficiens
467 398 495 439 et
509 403 635 439 censuim

95 472 187 519 mens,
198 457 300 508 dilexit
311 473 357 509 eos
370 459 475 524 utique,
490 468 521 509 ut
540 468 568 509 et
579 458 631 524 ipsi

94 530 131 580 de
147 529 204 579 boc.
222 529 327 579 mundo
345 529 393 579 ubi
407 540 491 589 erant,
505 530 537 580 ad
553 539 633 594 caput

94 616 187 663 mum,
213 602 288 668 quod
315 601 381 652 hinc
407 603 549 653 transisset
573 603 633 667 ejus

93 816 169 867 letus
178 815 353 882 significatur,
368 815 431 867 finis
442 831 505 867 vero
517 815 632 866 ultimus

93 897 134 939 est
160 887 298 938 beatitudo
320 903 396 949 vera,
420 902 482 954 quae
507 887 632 938 consistit

95 960 124 1010 in
146 960 217 1010 clara
244 960 293 1010 Dei
318 961 424 1011 visione
450 970 477 1010 et
500 959 631 1011 fruitione

94 1030 305 1097 perfecta31icet
324 1043 415 1082 autem
434 1031 527 1082 omnis
546 1031 633 1082 homo

95 1101 189 1152 debeat
211 1102 245 1152 ad
270 1102 342 1152 hunc
366 1102 449 1153 finem
474 1101 630 1168 proximum

94 1173 225 1240 diligere,
249 1175 372 1240 praelatus
396 1185 497 1234 tamem
516 1173 564 1241 qui
590 1181 630 1223 est

94 1245 203 1297 Christi
213 1245 340 1308 vicarius,
359 1247 513 1314 specialiter
524 1256 633 1297 tenetur

93 1331 158 1383 erga
170 1331 236 1368 euos
250 1318 373 1368 subditos
386 1321 442 1369 ltaec
456 1317 553 1368 iacere.

128 1402 145 1437 a
165 1387 301 1439 Cursrus
319 1405 416 1440 suaorr
429 1403 633 1440 tamassanus

96 1472 244 1510 omnuim
260 1476 426 1511 navaturus.
448 1489 478 1497 —
493 1460 535 1510 Et
556 1473 633 1510 coena

90 1531 180 1596 lacu,
208 1532 309 1582 scilicet
328 1533 391 1599 agni
415 1532 557 1598 paschalis,
573 1545 633 1582 eum

95 1603 221 1655 diabulus
240 1605 359 1655 misisset
380 1606 406 1655 in
429 1619 485 1667 cor,
504 1605 531 1654 id
548 1602 632 1654 estin

95 1676 261 1727 volanntem
276 1677 366 1738 Judae,
382 1692 438 1726 non
454 1677 553 1727 directe
569 1685 634 1725 tan-

96 1762 179 1815 qum
201 1750 366 1799 voluntatem
383 1765 505 1810 movens,
520 1748 567 1799 sed
588 1748 633 1798 im-

96 1819 196 1870 directe
217 1829 346 1885 tanquam
373 1819 397 1869 ei
422 1834 580 1886 suggerens,
604 1824 634 1868 att

97 1891 218 1942 truderet
239 1905 306 1952 eum,
331 1890 432 1941 scilicet
449 1892 551 1952 lesum,
564 1905 633 1940 con-

97 1960 222 2012 sentiens·
234 1960 384 2026 iniquitati,
406 1960 451 2010 die
471 1961 547 2012 enim
560 1975 633 2025 prae-

96 2032 201 2084 oedenti
218 2048 280 2083 eum
294 2032 450 2083 vendiderat
461 2031 634 2099 suggestione

95 2103 208 2154 diaboli.
231 2104 365 2155 Diabolus
388 2104 489 2170 quippe
510 2120 565 2154 non
593 2111 634 2154 est

96 2173 237 2225 immissor
263 2175 455 2240 cogitationum
490 2175 632 2235 malarum,

96 2245 143 2297 sed
156 2245 294 2309 incensor3
310 2245 374 2311 quia
384 2245 494 2296 tentatio
508 2260 587 2312 pram
601 2259 635 2295 ea

96 2315 209 2366 homine
231 2325 288 2376 est,
312 2332 394 2382 quam
423 2316 550 2367 diabolus
577 2330 632 2365 non

96 2385 231 2447 immittit,
246 2387 292 2436 sed
307 2386 459 2437 immissam
473 2387 507 2437 ab
520 2388 634 2438 homine

96 2457 186 2526 inqu
207 2459 333 2520 intendit,
359 2469 386 2510 et
406 2459 528 2510 accendit
545 2469 634 2510 tenen-

96 2531 173 2582 tione
193 2530 314 2581 hominis
335 2541 458 2598 percepta
474 2546 522 2597 per
544 2531 634 2598 aliqua

96 2603 177 2670 signa
199 2604 337 2655 exteriora.
365 2605 452 2655 Aliter
478 2604 552 2654 enim
580 2620 634 2654 non

98 2683 193 2742 potest
214 2674 355 2725 hominem
375 2675 497 2739 dejicere,
515 2673 568 2724 nisi
581 2673 635 2724 ho-

99 2762 147 2797 mo
160 2746 413 2813 seipsum‘dejiciat,
428 2758 455 2798 et
474 2746 546 2796 hosti
561 2761 635 2797 arma

97 2821 201 2883 reddat,
216 2822 244 2872 id
259 2831 298 2873 est
313 2822 367 2872 nisi
384 2821 552 2889 suggestioni
565 2837 634 2872 cun-

98 2893 215 2958 sentiat5
238 2909 312 2956 nam,
334 2895 483 2944 secundum
499 2893 635 2960 Augusti-

98 2980 180 3030 Μ,
211 2982 257 3033 per
282 2967 421 3017 diabolum
452 2966 635 3033 suggestiones

97 3037 295 3098 immittuntur,
311 3047 337 3088 et
351 3037 478 3088 humanis
493 3037 635 3103 cogitatio-

99 3107 183 3158 nibus
198 3108 355 3159 miscentur.
373 3108 423 3158 llis
445 3124 512 3174 ergo
532 3108 568 3157 ita
593 3107 636 3157 fa-

98 3177 161 3240 ctis,
189 3181 286 3242 scieas,
315 3179 393 3230 Jesus
407 3189 438 3229 ut
466 3175 546 3238 Deus,
571 3179 636 3244 qaia

99 3249 191 3300 onmia
210 3250 288 3301 dedit
305 3250 331 3300 ei
343 3251 429 3300 Pater
443 3250 471 3298 tit
485 3263 593 3312 mantes,
607 3248 635 3298 id

99 3329 142 3372 est
169 3320 198 3370 in
228 3330 404 3386 potestatem,
435 3320 516 3370 etiam
545 3320 636 3385 ipsum

98 3389 258 3441 traditorem
275 3401 301 3441 et
324 3400 519 3456 persecutores,
537 3404 569 3439 ex
581 3405 636 3455 quo

100 3470 174 3528 potet
189 3462 218 3512 in
233 3463 342 3515 Christo
365 3462 505 3529 plenitudo
518 3462 637 3512 scientiae

100 3541 132 3583 et
145 3533 301 3598 potestatis,
326 3539 353 3584 et
366 3533 429 3598 quia
443 3547 460 3582 a
477 3533 536 3582 Deo
551 3532 639 3582 exirit

100 3602 132 3653 in
155 3603 289 3653 mundum
314 3603 434 3663 veniens,
459 3617 507 3652 nec
533 3602 638 3652 Patrem

99 3673 238 3736 deserens,
254 3681 280 3724 et
291 3675 329 3725 ad
342 3676 428 3725 Deum
443 3674 527 3736 vadit,
547 3672 640 3724 omnia

101 3761 165 3814 qum
185 3746 328 3812 acquisivit
353 3747 423 3797 Patri
448 3745 588 3806 reducens,
613 3753 641 3796 et

103 3833 163 3869 nott
178 3833 229 3869 nos
241 3818 413 3885 relinquens,
432 3818 519 3868 sciens
535 3832 564 3867 se
582 3832 641 3867 esse

103 3889 208 3955 Regem
224 3903 327 3954 regum,
343 3900 369 3939 et
381 3889 530 3939 Dominum
550 3887 642 3938 domi-

1172 278 1222 348 391

685 388 820 451 nantium,
843 406 891 442 nec
916 392 1017 443 oblitus
1040 407 1069 443 se
1093 408 1152 445 esse
1172 395 1223 447 Dei

684 458 786 509 Filium
811 462 969 526 naturalem,
984 472 1011 512 et
1025 479 1080 512 non
1096 463 1224 530 ignorans

684 545 763 581 suam
782 531 991 592 sublimitatem
1014 534 1139 599 quamvis
1161 536 1223 587 talis
1310 556 1314 565 ·

661 646 665 671 ,
684 613 762 665 esset,
781 613 808 655 et
826 605 907 655 talem
928 622 957 657 se
977 607 1065 667 sciret,
1085 616 1176 659 tamen
1191 609 1221 659 in
1296 610 1298 615 '

94 672 242 725 dilectione
268 674 420 724 transirent.
459 674 508 723 Per
538 673 632 723 Jesum
661 684 664 690 ·

92 743 142 810 qui
156 744 234 795 saites
249 743 443 809 interpretatur,
457 744 545 794 bonus
560 757 634 809 ptae-
661 738 664 783 ³
685 763 792 815 magnae
812 759 913 800 nostrae
929 752 1083 816 exemplum
1106 751 1223 803 humili-

661 844 664 849 ·
684 819 756 880 tatis,
771 836 827 870 non
842 820 890 870 Dei
905 820 1014 871 Domini
1036 824 1083 873 sed
1101 823 1222 875 hominis

685 690 790 741 niagnte
811 689 867 726 suae
892 676 1000 742 pietatis
1026 677 1165 741 indicium,
1191 679 1221 729 in

684 889 754 939 servi
765 890 873 971 'implet
893 890 1029 956 officium3
1051 893 1179 944 humiliat
1193 908 1222 944 se

683 971 715 1010 ut
734 961 879 1021 ministret,
894 962 958 1028 quia
972 963 1047 1013 venit
1060 965 1221 1015 ministrare

660 1068 663 1103 ,
683 1037 776 1083 sinon
796 1032 956 1095 ministrari,
972 1035 1110 1100 assurgit
1125 1049 1144 1084 a
1164 1048 1222 1085 cce-

684 1116 730 1165 na,
748 1103 844 1154 volens
863 1104 950 1155 lavare
975 1106 1057 1169 pedes
1079 1105 1224 1170 discipulo·

684 1189 758 1224 rum.
770 1173 814 1223 Ex
827 1190 882 1240 quo
902 1175 1059 1226 universum
1085 1177 1224 1227 conculcat

684 1254 830 1305 tumorem,
847 1247 912 1296 dum
930 1248 953 1297 is
973 1247 1022 1313 qui
1044 1247 1099 1297 exit
1116 1263 1132 1298 a
1155 1247 1222 1307 Deo,

685 1327 712 1369 et
734 1319 769 1369 ad
794 1320 883 1369 Deum
912 1320 1004 1383 radit,
1030 1321 1112 1386 pedes
1136 1322 1225 1372 lavare

684 1389 780 1439 voluit.
804 1389 957 1441 Locuturus
980 1391 1081 1458 quippe
1108 1392 1225 1458 Evange

685 1459 761 1520 iista,
782 1459 817 1510 de
838 1470 912 1511 tanta
925 1461 1036 1511 Domini
1059 1462 1220 1522 bumilitate,

686 1531 766 1597 prius
776 1533 835 1597 ejus
848 1533 1038 1585 celsitudinem
1053 1535 1140 1586 voluit
1151 1550 1224 1586 com·

686 1602 814 1652 mendare
837 1604 868 1652 ad
894 1609 1110 1670 exaggerandum
1134 1605 1224 1672 ipsiu

686 1673 797 1724 Domini
809 1674 1001 1736 bumilitatem,
1020 1688 1045 1727 et
1057 1680 1089 1729 ad
1105 1693 1223 1729 monen-

685 1745 752 1795 dum
766 1761 825 1807 nos,
841 1756 874 1796 ut
884 1758 987 1813 quanto
1009 1749 1100 1814 magni
1118 1762 1223 1808 sumus,

684 1817 864 1869 humiliemur
876 1819 904 1868 in
919 1820 1058 1879 omnibus,
1078 1830 1104 1870 et
1120 1821 1154 1870 de
1171 1820 1224 1871 do·

685 1890 728 1942 nis
740 1891 792 1942 Dei
809 1907 951 1958 nunquam
969 1894 1169 1959 superbiamus.
1186 1895 1223 1944 Ac

685 1961 710 2012 si
730 1976 777 2028 pet
793 1961 847 2012 boc
861 1963 965 2014 dicatur
985 1964 1093 2014 homini
1108 1981 1115 2014 t
1131 1964 1161 2014 Si
1178 1964 1224 2015 ille

686 2034 735 2100 qui
752 2034 840 2086 Filius
859 2035 908 2086 Dei
932 2047 996 2095 erat,
1012 2048 1037 2087 et
1052 2037 1124 2087 Patri
1138 2052 1226 2104 aeqtm

685 2107 730 2168 lis,
744 2122 823 2157 suam
837 2123 853 2157 a
868 2108 926 2159 Deo
944 2108 1085 2160 inclinavit
1107 2110 1226 2174 majesta-

686 2187 760 2239 tem,
784 2188 815 2228 ut
839 2178 996 2230 humiliaret
1021 2195 1052 2230 se
1080 2180 1113 2230 ad
1145 2178 1226 2246 pedes

686 2250 819 2315 hominis,
844 2251 911 2316 quid
934 2252 1016 2303 debet
1035 2252 1122 2304 facere
1144 2253 1228 2303 miser

688 2327 782 2388 homo,
797 2325 846 2392 qui
862 2336 902 2377 est
920 2336 990 2378 terra
1005 2337 1032 2378 et
1051 2326 1141 2378 cinis?
1159 2328 1227 2378 Sur-

687 2407 755 2465 gunt
784 2398 865 2448 etiam
899 2399 990 2450 statim
1022 2409 1050 2450 et
1082 2396 1226 2465 discipuli,

687 2469 843 2534 ignorantes
866 2486 920 2537 quo
945 2470 1010 2520 velit
1026 2471 1074 2520 ire.
1097 2471 1156 2535 lpse
1175 2484 1227 2519 atr·

687 2552 743 2591 tem
766 2541 905 2591 descendit
935 2557 996 2591 cum
1020 2541 1059 2591 eis
1088 2541 1116 2590 in
1140 2541 1226 2592 alium
1281 2540 1285 2551 '

688 2611 778 2679 locum
810 2610 924 2661 inferius
952 2610 980 2660 in
1004 2610 1096 2660 eadem
1122 2612 1224 2675 domo,

688 2682 785 2732 subtus
797 2682 973 2732 coenaculum.
995 2682 1063 2731 Nam
1088 2680 1118 2730 in
1138 2694 1223 2746 supe-

687 2755 753 2805 riori
776 2765 849 2821 parte
872 2756 970 2805 domus
992 2752 1126 2805 Palaestini
1141 2752 1225 2804 facie-

688 2826 751 2876 bant
764 2826 908 2889 coenacula,
924 2834 950 2876 et
966 2824 1076 2875 inferius
1089 2823 1223 2874 cubicula.

687 2898 757 2947 Sunt
779 2906 869 2946 autem
897 2895 925 2945 in
953 2906 1046 2945 monte
1069 2894 1136 2944 Sion
1163 2894 1224 2944 duae

688 2967 804 3032 capellae,
819 2965 866 3016 ubi
887 2976 963 3015 erant
978 2965 1100 3016 canonici
1113 2964 1223 3031 regula-

687 3052 730 3087 res
749 3051 811 3087 cum
832 3036 945 3096 Abbate,
968 3037 1119 3087 secundum
1144 3049 1227 3101 regu-

687 3108 741 3158 lam
755 3107 825 3158 beati
841 3108 986 3174 Augustini
1005 3108 1123 3158 Domino
1142 3105 1227 3157 mini-
1262 3142 1269 3157 .

688 3189 803 3230 strantes
818 3195 825 3228 :
840 3194 896 3231 una
916 3179 1052 3246 superior,
1077 3179 1123 3230 ubi
1147 3190 1223 3229 coena

688 3247 755 3299 facta
775 3247 836 3309 fuit,
857 3259 884 3300 et
908 3250 1027 3311 Spiritus
1050 3251 1164 3300 Sanctus
1182 3260 1225 3296 su·

688 3332 737 3383 per
761 3318 910 3386 discipulos
931 3318 1084 3380 descendit;
1107 3316 1160 3367 alia
1184 3315 1225 3365 ire-

688 3389 781 3451 fen'or,
795 3391 843 3441 ubi
857 3392 983 3442 Christus
998 3389 1077 3455 pedes
1086 3385 1228 3453 discipulis

690 3461 762 3522 lavit,
777 3471 803 3512 et
814 3463 862 3521 eis,
873 3462 961 3527 januis
970 3459 1079 3519 clausis,
1089 3456 1228 3524 apparuit,

690 3532 736 3583 cui
755 3533 914 3598 contiguum
935 3529 1128 3587 coemeterium,
1153 3527 1229 3594 quod

691 3602 791 3652 dicitur
805 3602 939 3652 bonorum
949 3601 1069 3650 virorum
1081 3596 1228 3663 possessio,

691 3674 741 3724 ubi
762 3674 887 3738 sepultus
917 3670 969 3720 fuit
997 3671 1090 3720 beatus
1113 3667 1229 3733 Steph-

694 3761 755 3806 nus,
768 3745 939 3803 Nicodamus,
953 3742 1093 3802 Gamaliel,
1105 3750 1132 3791 et
1142 3740 1231 3791 Abiba

695 3829 757 3866 mm
781 3812 843 3863 aliis
865 3812 935 3862 viris·
955 3811 1064 3870 sanctis,
1084 3808 1131 3859 ubi
1148 3807 1230 3859 etiam

696 3896 737 3938 est
750 3884 924 3951 sepulchrum
948 3883 1032 3935 David
1054 3891 1082 3932 et
1105 3880 1230 3932 Salomo-
