<?xml version="1.0" encoding="UTF-8"?>
<!DOCTYPE html PUBLIC "-//W3C//DTD XHTML 1.0 Transitional//EN"
    "http://www.w3.org/TR/xhtml1/DTD/xhtml1-transitional.dtd">
<html xmlns="http://www.w3.org/1999/xhtml" xml:lang="en" lang="en">
 <head>
  <title>
</title>
<meta http-equiv="Content-Type" content="text/html;charset=utf-8" />
  <meta name='ocr-system' content='tesseract 3.04.00' />
  <meta name='ocr-capabilities' content='ocr_page ocr_carea ocr_par ocr_line ocrx_word'/>
</head>
<body>
  <div class='ocr_page' id='page_1' title='image "./vitajesuchristi01rigogoog_0161.png"; bbox 0 0 2632 4320; ppageno 0'>
   <div class='ocr_carea' id='block_1_1' title="bbox 132 279 961 334">
    <p class='ocr_par' dir='ltr' id='par_1_1' title="bbox 132 279 961 334">
     <span class='ocr_line' id='line_1_1' title="bbox 132 279 961 334; baseline -0.001 -1"><span class='ocrx_word' id='word_1_1' title='bbox 132 281 180 334; x_wconf 83' lang='lat'>152</span> <span class='ocrx_word' id='word_1_2' title='bbox 431 279 605 332; x_wconf 87' lang='lat' dir='ltr'>SECUNDAE</span> <span class='ocrx_word' id='word_1_3' title='bbox 621 279 745 330; x_wconf 80' lang='lat' dir='ltr'>PARTIS</span> <span class='ocrx_word' id='word_1_4' title='bbox 759 280 877 333; x_wconf 81' lang='lat' dir='ltr'><strong>CAPUT</strong></span> <span class='ocrx_word' id='word_1_5' title='bbox 892 281 961 333; x_wconf 83' lang='lat' dir='ltr'>XIX.</span> 
     </span>
    </p>
   </div>
   <div class='ocr_carea' id='block_1_2' title="bbox 123 395 662 2518">
    <p class='ocr_par' dir='ltr' id='par_1_2' title="bbox 123 395 662 2518">
     <span class='ocr_line' id='line_1_2' title="bbox 126 395 662 462; baseline -0.009 -13"><span class='ocrx_word' id='word_1_6' title='bbox 126 404 298 449; x_wconf 90' lang='lat' dir='ltr'>occurrerunt</span> <span class='ocrx_word' id='word_1_7' title='bbox 316 396 350 458; x_wconf 90' lang='lat' dir='ltr'>ei,</span> <span class='ocrx_word' id='word_1_8' title='bbox 362 395 426 462; x_wconf 90' lang='lat' dir='ltr'>quia</span> <span class='ocrx_word' id='word_1_9' title='bbox 439 396 493 445; x_wconf 90' lang='lat' dir='ltr'>ritu</span> <span class='ocrx_word' id='word_1_10' title='bbox 507 396 662 462; x_wconf 81' lang='lat' dir='ltr'>Legis&#39;Mo-</span> 
     </span>
     <span class='ocr_line' id='line_1_3' title="bbox 126 467 661 533; baseline -0.007 -14"><span class='ocrx_word' id='word_1_11' title='bbox 126 468 201 519; x_wconf 84' lang='lat' dir='ltr'>saicae</span> <span class='ocrx_word' id='word_1_12' title='bbox 231 467 308 533; x_wconf 84' lang='lat' dir='ltr'>quasi</span> <span class='ocrx_word' id='word_1_13' title='bbox 340 467 475 516; x_wconf 88' lang='lat' dir='ltr'>immundi</span> <span class='ocrx_word' id='word_1_14' title='bbox 503 478 598 530; x_wconf 90' lang='lat' dir='ltr'>erant,</span> <span class='ocrx_word' id='word_1_15' title='bbox 627 467 661 516; x_wconf 91' lang='lat' dir='ltr'>ab</span> 
     </span>
     <span class='ocr_line' id='line_1_4' title="bbox 126 539 661 605; baseline -0.006 -14"><span class='ocrx_word' id='word_1_16' title='bbox 126 540 239 591; x_wconf 83' lang='lat' dir='ltr'>urbibus</span> <span class='ocrx_word' id='word_1_17' title='bbox 257 549 284 589; x_wconf 92' lang='lat' dir='ltr'>et</span> <span class='ocrx_word' id='word_1_18' title='bbox 301 539 409 604; x_wconf 84' lang='lat' dir='ltr'>oppidis</span> <span class='ocrx_word' id='word_1_19' title='bbox 424 539 534 602; x_wconf 83' lang='lat' dir='ltr'>exclusi,</span> <span class='ocrx_word' id='word_1_20' title='bbox 550 555 597 589; x_wconf 91' lang='lat' dir='ltr'>nec</span> <span class='ocrx_word' id='word_1_21' title='bbox 617 554 661 605; x_wconf 92' lang='lat' dir='ltr'>po-</span> 
     </span>
     <span class='ocr_line' id='line_1_5' title="bbox 124 609 660 662; baseline -0.006 0"><span class='ocrx_word' id='word_1_22' title='bbox 124 620 212 662; x_wconf 86' lang='lat' dir='ltr'>terant</span> <span class='ocrx_word' id='word_1_23' title='bbox 232 625 292 659; x_wconf 92' lang='lat' dir='ltr'>cum</span> <span class='ocrx_word' id='word_1_24' title='bbox 312 609 373 659; x_wconf 91' lang='lat' dir='ltr'>aliis</span> <span class='ocrx_word' id='word_1_25' title='bbox 395 609 564 660; x_wconf 89' lang='lat' dir='ltr'>commorari.</span> <span class='ocrx_word' id='word_1_26' title='bbox 584 610 660 660; x_wconf 92' lang='lat' dir='ltr'>Con-</span> 
     </span>
     <span class='ocr_line' id='line_1_6' title="bbox 125 679 658 740; baseline -0.006 -7"><span class='ocrx_word' id='word_1_27' title='bbox 125 682 299 733; x_wconf 90' lang='lat' dir='ltr'>versabantur</span> <span class='ocrx_word' id='word_1_28' title='bbox 333 691 423 732; x_wconf 91' lang='lat' dir='ltr'>autem</span> <span class='ocrx_word' id='word_1_29' title='bbox 455 681 488 732; x_wconf 85' lang='lat' dir='ltr'>ad</span> <span class='ocrx_word' id='word_1_30' title='bbox 524 679 658 740; x_wconf 88' lang='lat' dir='ltr'>invicem,</span> 
     </span>
     <span class='ocr_line' id='line_1_7' title="bbox 125 749 660 818; baseline -0.002 -16"><span class='ocrx_word' id='word_1_31' title='bbox 125 752 190 818; x_wconf 91' lang='lat' dir='ltr'>quia</span> <span class='ocrx_word' id='word_1_32' title='bbox 209 750 390 801; x_wconf 90' lang='lat' dir='ltr'>communitas</span> <span class='ocrx_word' id='word_1_33' title='bbox 409 749 544 816; x_wconf 86' lang='lat' dir='ltr'>passionis</span> <span class='ocrx_word' id='word_1_34' title='bbox 564 750 660 801; x_wconf 82' lang='lat' dir='ltr'>fecerat</span> 
     </span>
     <span class='ocr_line' id='line_1_8' title="bbox 125 821 660 887; baseline -0.006 -14"><span class='ocrx_word' id='word_1_35' title='bbox 125 839 171 873; x_wconf 92' lang='lat' dir='ltr'>eos</span> <span class='ocrx_word' id='word_1_36' title='bbox 198 821 354 885; x_wconf 87' lang='lat' dir='ltr'>unanimes,</span> <span class='ocrx_word' id='word_1_37' title='bbox 381 831 407 872; x_wconf 89' lang='lat' dir='ltr'>et</span> <span class='ocrx_word' id='word_1_38' title='bbox 438 821 660 887; x_wconf 82' lang='lat' dir='ltr'>praestolabantur</span> 
     </span>
     <span class='ocr_line' id='line_1_9' title="bbox 124 890 660 952; baseline -0.006 -10"><span class='ocrx_word' id='word_1_39' title='bbox 124 892 207 943; x_wconf 90' lang='lat' dir='ltr'>simul</span> <span class='ocrx_word' id='word_1_40' title='bbox 226 891 367 941; x_wconf 83' lang='lat' dir='ltr'>transitum</span> <span class='ocrx_word' id='word_1_41' title='bbox 385 893 448 942; x_wconf 93' lang='lat' dir='ltr'>Jesu</span> <span class='ocrx_word' id='word_1_42' title='bbox 473 890 590 952; x_wconf 89' lang='lat' dir='ltr'>solliciti,</span> <span class='ocrx_word' id='word_1_43' title='bbox 610 891 660 940; x_wconf 94' lang='lat' dir='ltr'>do-</span> 
     </span>
     <span class='ocr_line' id='line_1_10' title="bbox 125 960 660 1022; baseline -0.004 -10"><span class='ocrx_word' id='word_1_44' title='bbox 125 978 172 1012; x_wconf 89' lang='lat' dir='ltr'>nec</span> <span class='ocrx_word' id='word_1_45' title='bbox 187 961 374 1013; x_wconf 88' lang='lat' dir='ltr'>advenientem</span> <span class='ocrx_word' id='word_1_46' title='bbox 387 977 448 1011; x_wconf 91' lang='lat' dir='ltr'>eum</span> <span class='ocrx_word' id='word_1_47' title='bbox 462 960 591 1011; x_wconf 92' lang='lat' dir='ltr'>viderent.</span> <span class='ocrx_word' id='word_1_48' title='bbox 606 961 660 1022; x_wconf 80' lang='lat' dir='ltr'>Qut</span> 
     </span>
     <span class='ocr_line' id='line_1_11' title="bbox 125 1036 659 1099; baseline -0.004 -15"><span class='ocrx_word' id='word_1_49' title='bbox 125 1041 256 1084; x_wconf 88' lang='lat' dir='ltr'>steterunt</span> <span class='ocrx_word' id='word_1_50' title='bbox 290 1050 307 1084; x_wconf 93' lang='lat' dir='ltr'>a</span> <span class='ocrx_word' id='word_1_51' title='bbox 340 1036 438 1099; x_wconf 83' lang='lat' dir='ltr'>longe,</span> <span class='ocrx_word' id='word_1_52' title='bbox 465 1043 523 1083; x_wconf 92' lang='lat' dir='ltr'>tum</span> <span class='ocrx_word' id='word_1_53' title='bbox 552 1044 659 1099; x_wconf 90' lang='lat' dir='ltr'>propter</span> 
     </span>
     <span class='ocr_line' id='line_1_12' title="bbox 125 1104 658 1171; baseline -0.006 -13"><span class='ocrx_word' id='word_1_54' title='bbox 125 1106 227 1158; x_wconf 89' lang='lat' dir='ltr'>Christi</span> <span class='ocrx_word' id='word_1_55' title='bbox 241 1106 429 1165; x_wconf 91' lang='lat' dir='ltr'>reverentiam,</span> <span class='ocrx_word' id='word_1_56' title='bbox 446 1115 503 1155; x_wconf 92' lang='lat' dir='ltr'>tum</span> <span class='ocrx_word' id='word_1_57' title='bbox 520 1104 584 1171; x_wconf 92' lang='lat' dir='ltr'>quia</span> <span class='ocrx_word' id='word_1_58' title='bbox 603 1121 658 1156; x_wconf 93' lang='lat' dir='ltr'>non</span> 
     </span>
     <span class='ocr_line' id='line_1_13' title="bbox 125 1177 658 1243; baseline -0.004 -15"><span class='ocrx_word' id='word_1_59' title='bbox 125 1179 256 1230; x_wconf 89' lang='lat' dir='ltr'>debebant</span> <span class='ocrx_word' id='word_1_60' title='bbox 291 1177 507 1243; x_wconf 87' lang='lat' dir='ltr'>appropinquare</span> <span class='ocrx_word' id='word_1_61' title='bbox 535 1177 658 1227; x_wconf 90' lang='lat' dir='ltr'>homini-</span> 
     </span>
     <span class='ocr_line' id='line_1_14' title="bbox 126 1247 658 1314; baseline 0 -16"><span class='ocrx_word' id='word_1_62' title='bbox 126 1249 194 1308; x_wconf 91' lang='lat' dir='ltr'>bus,</span> <span class='ocrx_word' id='word_1_63' title='bbox 219 1263 251 1297; x_wconf 90' lang='lat' dir='ltr'>ne</span> <span class='ocrx_word' id='word_1_64' title='bbox 274 1263 319 1298; x_wconf 93' lang='lat' dir='ltr'>eos</span> <span class='ocrx_word' id='word_1_65' title='bbox 346 1247 502 1310; x_wconf 90' lang='lat' dir='ltr'>inficerent;</span> <span class='ocrx_word' id='word_1_66' title='bbox 529 1264 560 1298; x_wconf 90' lang='lat' dir='ltr'>eo</span> <span class='ocrx_word' id='word_1_67' title='bbox 585 1249 658 1314; x_wconf 92' lang='lat' dir='ltr'>quod</span> 
     </span>
     <span class='ocr_line' id='line_1_15' title="bbox 126 1319 659 1384; baseline 0 -14"><span class='ocrx_word' id='word_1_68' title='bbox 126 1322 179 1370; x_wconf 85' lang='lat' dir='ltr'>Lex</span> <span class='ocrx_word' id='word_1_69' title='bbox 193 1321 346 1370; x_wconf 85' lang='lat' dir='ltr'>ludaeorum</span> <span class='ocrx_word' id='word_1_70' title='bbox 367 1321 467 1384; x_wconf 90' lang='lat' dir='ltr'>lepram</span> <span class='ocrx_word' id='word_1_71' title='bbox 488 1319 659 1372; x_wconf 83' lang='lat' dir='ltr'>immundam</span> 
     </span>
     <span class='ocr_line' id='line_1_16' title="bbox 126 1392 657 1458; baseline 0 -15"><span class='ocrx_word' id='word_1_72' title='bbox 126 1410 181 1443; x_wconf 93' lang='lat' dir='ltr'>non</span> <span class='ocrx_word' id='word_1_73' title='bbox 208 1394 366 1458; x_wconf 85' lang='lat' dir='ltr'>tangendam</span> <span class='ocrx_word' id='word_1_74' title='bbox 390 1392 500 1457; x_wconf 80' lang='lat' dir='ltr'>judicat,</span> <span class='ocrx_word' id='word_1_75' title='bbox 518 1394 572 1443; x_wconf 86' lang='lat' dir='ltr'>Lex</span> <span class='ocrx_word' id='word_1_76' title='bbox 594 1409 657 1443; x_wconf 88' lang='lat' dir='ltr'>vero</span> 
     </span>
     <span class='ocr_line' id='line_1_17' title="bbox 124 1462 657 1527; baseline 0 -14"><span class='ocrx_word' id='word_1_77' title='bbox 124 1462 285 1527; x_wconf 90' lang='lat' dir='ltr'>Evangelica</span> <span class='ocrx_word' id='word_1_78' title='bbox 308 1462 408 1527; x_wconf 89' lang='lat' dir='ltr'>lepram</span> <span class='ocrx_word' id='word_1_79' title='bbox 433 1478 488 1512; x_wconf 92' lang='lat' dir='ltr'>non</span> <span class='ocrx_word' id='word_1_80' title='bbox 511 1474 657 1524; x_wconf 83' lang='lat' dir='ltr'>externam,</span> 
     </span>
     <span class='ocr_line' id='line_1_18' title="bbox 124 1533 658 1593; baseline -0.002 -9"><span class='ocrx_word' id='word_1_81' title='bbox 124 1533 171 1584; x_wconf 90' lang='lat' dir='ltr'>sed</span> <span class='ocrx_word' id='word_1_82' title='bbox 191 1533 336 1593; x_wconf 90' lang='lat' dir='ltr'>internam,</span> <span class='ocrx_word' id='word_1_83' title='bbox 356 1548 414 1583; x_wconf 91' lang='lat' dir='ltr'>esse</span> <span class='ocrx_word' id='word_1_84' title='bbox 433 1533 602 1584; x_wconf 87' lang='lat' dir='ltr'>immundam</span> <span class='ocrx_word' id='word_1_85' title='bbox 617 1533 658 1584; x_wconf 90' lang='lat' dir='ltr'>af-</span> 
     </span>
     <span class='ocr_line' id='line_1_19' title="bbox 124 1603 656 1669; baseline 0.002 -17"><span class='ocrx_word' id='word_1_86' title='bbox 124 1603 222 1653; x_wconf 87' lang='lat' dir='ltr'>firmat.</span> <span class='ocrx_word' id='word_1_87' title='bbox 245 1603 289 1663; x_wconf 91' lang='lat' dir='ltr'>Et,</span> <span class='ocrx_word' id='word_1_88' title='bbox 310 1603 459 1653; x_wconf 90' lang='lat' dir='ltr'>secundum</span> <span class='ocrx_word' id='word_1_89' title='bbox 474 1604 656 1669; x_wconf 79' lang='lat' dir='ltr'>Theophilum,</span> 
     </span>
     <span class='ocr_line' id='line_1_20' title="bbox 123 1673 658 1740; baseline 0.006 -18"><span class='ocrx_word' id='word_1_90' title='bbox 123 1689 139 1723; x_wconf 90' lang='lat' dir='ltr'>a</span> <span class='ocrx_word' id='word_1_91' title='bbox 159 1674 238 1740; x_wconf 90' lang='lat' dir='ltr'>longe</span> <span class='ocrx_word' id='word_1_92' title='bbox 262 1682 341 1734; x_wconf 91' lang='lat' dir='ltr'>stant,</span> <span class='ocrx_word' id='word_1_93' title='bbox 357 1673 433 1740; x_wconf 87' lang='lat' dir='ltr'>quasi</span> <span class='ocrx_word' id='word_1_94' title='bbox 452 1675 658 1725; x_wconf 87' lang='lat' dir='ltr'>verecundantes</span> 
     </span>
     <span class='ocr_line' id='line_1_21' title="bbox 123 1743 657 1809; baseline 0.002 -15"><span class='ocrx_word' id='word_1_95' title='bbox 123 1744 158 1794; x_wconf 90' lang='lat' dir='ltr'>de</span> <span class='ocrx_word' id='word_1_96' title='bbox 190 1743 383 1804; x_wconf 86' lang='lat' dir='ltr'>immunditia,</span> <span class='ocrx_word' id='word_1_97' title='bbox 417 1744 547 1809; x_wconf 87' lang='lat' dir='ltr'>putabant</span> <span class='ocrx_word' id='word_1_98' title='bbox 584 1745 657 1795; x_wconf 92' lang='lat' dir='ltr'>enim</span> 
     </span>
     <span class='ocr_line' id='line_1_22' title="bbox 124 1816 657 1883; baseline 0.004 -18"><span class='ocrx_word' id='word_1_99' title='bbox 124 1817 197 1883; x_wconf 84' lang='lat' dir='ltr'>qu&#39;od</span> <span class='ocrx_word' id='word_1_100' title='bbox 220 1816 345 1867; x_wconf 88' lang='lat' dir='ltr'>Christus</span> <span class='ocrx_word' id='word_1_101' title='bbox 367 1832 413 1866; x_wconf 91' lang='lat' dir='ltr'>eos</span> <span class='ocrx_word' id='word_1_102' title='bbox 428 1817 657 1882; x_wconf 89' lang='lat' dir='ltr'>quemadmodum</span> 
     </span>
     <span class='ocr_line' id='line_1_23' title="bbox 124 1887 659 1951; baseline 0 -15"><span class='ocrx_word' id='word_1_103' title='bbox 124 1887 170 1937; x_wconf 90' lang='lat' dir='ltr'>alii</span> <span class='ocrx_word' id='word_1_104' title='bbox 191 1887 330 1938; x_wconf 85' lang='lat' dir='ltr'>fastidiret.</span> <span class='ocrx_word' id='word_1_105' title='bbox 351 1887 395 1937; x_wconf 88' lang='lat' dir='ltr'>Sic</span> <span class='ocrx_word' id='word_1_106' title='bbox 414 1903 479 1951; x_wconf 89' lang='lat' dir='ltr'>ergo</span> <span class='ocrx_word' id='word_1_107' title='bbox 500 1888 659 1939; x_wconf 91' lang='lat' dir='ltr'>abstiterunt</span> 
     </span>
     <span class='ocr_line' id='line_1_24' title="bbox 124 1956 658 2023; baseline 0.004 -18"><span class='ocrx_word' id='word_1_108' title='bbox 124 1957 192 2017; x_wconf 91' lang='lat' dir='ltr'>loco,</span> <span class='ocrx_word' id='word_1_109' title='bbox 207 1957 253 2008; x_wconf 92' lang='lat' dir='ltr'>sed</span> <span class='ocrx_word' id='word_1_110' title='bbox 268 1956 330 2006; x_wconf 90' lang='lat' dir='ltr'>facti</span> <span class='ocrx_word' id='word_1_111' title='bbox 345 1966 409 2006; x_wconf 90' lang='lat' dir='ltr'>sunt</span> <span class='ocrx_word' id='word_1_112' title='bbox 425 1956 541 2021; x_wconf 84' lang='lat' dir='ltr'>proximi</span> <span class='ocrx_word' id='word_1_113' title='bbox 561 1959 658 2023; x_wconf 91' lang='lat' dir='ltr'>depre-</span> 
     </span>
     <span class='ocr_line' id='line_1_25' title="bbox 123 2025 658 2090; baseline 0.006 -15"><span class='ocrx_word' id='word_1_114' title='bbox 123 2029 233 2076; x_wconf 89' lang='lat' dir='ltr'>cando:</span> <span class='ocrx_word' id='word_1_115' title='bbox 255 2027 347 2090; x_wconf 78' lang='lat' dir='ltr'>Prope</span> <span class='ocrx_word' id='word_1_116' title='bbox 369 2025 442 2075; x_wconf 91' lang='lat' dir='ltr'>enim</span> <span class='ocrx_word' id='word_1_117' title='bbox 465 2032 506 2076; x_wconf 88' lang='lat' dir='ltr'>ert</span> <span class='ocrx_word' id='word_1_118' title='bbox 527 2027 658 2078; x_wconf 83' lang='lat' dir='ltr'>Dominus</span> 
     </span>
     <span class='ocr_line' id='line_1_26' title="bbox 125 2094 659 2147; baseline 0.002 -1"><span class='ocrx_word' id='word_1_119' title='bbox 125 2095 244 2146; x_wconf 78' lang='lat' dir='ltr'>omnihus</span> <span class='ocrx_word' id='word_1_120' title='bbox 265 2094 448 2145; x_wconf 79' lang='lat' dir='ltr'>invocantibus</span> <span class='ocrx_word' id='word_1_121' title='bbox 462 2110 520 2144; x_wconf 84' lang='lat' dir='ltr'>eum</span> <span class='ocrx_word' id='word_1_122' title='bbox 543 2096 569 2146; x_wconf 92' lang='lat' dir='ltr'>in</span> <span class='ocrx_word' id='word_1_123' title='bbox 585 2098 659 2147; x_wconf 82' lang='lat' dir='ltr'>veri-</span> 
     </span>
     <span class='ocr_line' id='line_1_27' title="bbox 126 2167 657 2219; baseline 0.004 -2"><span class='ocrx_word' id='word_1_124' title='bbox 126 2174 189 2218; x_wconf 83' lang='lat' dir='ltr'>tate.</span> <span class='ocrx_word' id='word_1_125' title='bbox 206 2197 236 2205; x_wconf 99' lang='lat'><em>-</em></span> <span class='ocrx_word' id='word_1_126' title='bbox 250 2169 289 2217; x_wconf 93' lang='lat' dir='ltr'>Et</span> <span class='ocrx_word' id='word_1_127' title='bbox 304 2167 459 2216; x_wconf 87' lang='lat' dir='ltr'>levaverunt</span> <span class='ocrx_word' id='word_1_128' title='bbox 475 2182 564 2218; x_wconf 85' lang='lat' dir='ltr'>vocem</span> <span class='ocrx_word' id='word_1_129' title='bbox 581 2185 657 2219; x_wconf 90' lang='lat' dir='ltr'>suam</span> 
     </span>
     <span class='ocr_line' id='line_1_28' title="bbox 123 2239 657 2305; baseline 0.004 -14"><span class='ocrx_word' id='word_1_130' title='bbox 123 2256 156 2291; x_wconf 91' lang='lat' dir='ltr'>ex</span> <span class='ocrx_word' id='word_1_131' title='bbox 176 2240 364 2305; x_wconf 86' lang='lat' dir='ltr'>magnitudine</span> <span class='ocrx_word' id='word_1_132' title='bbox 383 2239 539 2301; x_wconf 88' lang='lat' dir='ltr'>affectionis,</span> <span class='ocrx_word' id='word_1_133' title='bbox 556 2252 581 2293; x_wconf 94' lang='lat' dir='ltr'>et</span> <span class='ocrx_word' id='word_1_134' title='bbox 597 2258 657 2293; x_wconf 88' lang='lat' dir='ltr'>ma-</span> 
     </span>
     <span class='ocr_line' id='line_1_29' title="bbox 125 2309 657 2376; baseline 0.006 -16"><span class='ocrx_word' id='word_1_135' title='bbox 125 2326 178 2376; x_wconf 88' lang='lat' dir='ltr'>gno</span> <span class='ocrx_word' id='word_1_136' title='bbox 190 2310 322 2361; x_wconf 91' lang='lat' dir='ltr'>desiderio</span> <span class='ocrx_word' id='word_1_137' title='bbox 333 2309 464 2370; x_wconf 90' lang='lat' dir='ltr'>sanitatis,</span> <span class='ocrx_word' id='word_1_138' title='bbox 479 2321 504 2362; x_wconf 94' lang='lat' dir='ltr'>et</span> <span class='ocrx_word' id='word_1_139' title='bbox 523 2312 657 2363; x_wconf 89' lang='lat' dir='ltr'>clamave-</span> 
     </span>
     <span class='ocr_line' id='line_1_30' title="bbox 125 2381 656 2449; baseline 0.002 -17"><span class='ocrx_word' id='word_1_140' title='bbox 125 2391 196 2442; x_wconf 86' lang='lat' dir='ltr'>runt,</span> <span class='ocrx_word' id='word_1_141' title='bbox 223 2381 339 2431; x_wconf 85' lang='lat' dir='ltr'>dicentes</span> <span class='ocrx_word' id='word_1_142' title='bbox 368 2399 376 2432; x_wconf 93' lang='lat'>:</span> <span class='ocrx_word' id='word_1_143' title='bbox 398 2381 465 2430; x_wconf 83' lang='lat' dir='ltr'>Jesu</span> <span class='ocrx_word' id='word_1_144' title='bbox 485 2389 656 2449; x_wconf 80' lang='lat' dir='ltr'>praeceptor,</span> 
     </span>
     <span class='ocr_line' id='line_1_31' title="bbox 125 2451 657 2518; baseline 0.004 -17"><span class='ocrx_word' id='word_1_145' title='bbox 125 2452 251 2502; x_wconf 86' lang='lat' dir='ltr'>miserere</span> <span class='ocrx_word' id='word_1_146' title='bbox 279 2451 382 2514; x_wconf 80' lang='lat' dir='ltr'>nostri,</span> <span class='ocrx_word' id='word_1_147' title='bbox 412 2451 476 2516; x_wconf 88' lang='lat' dir='ltr'>quia</span> <span class='ocrx_word' id='word_1_148' title='bbox 506 2454 563 2502; x_wconf 93' lang='lat' dir='ltr'>solo</span> <span class='ocrx_word' id='word_1_149' title='bbox 590 2468 657 2518; x_wconf 80' lang='lat' dir='ltr'>prae-</span> 
     </span>
    </p>
   </div>
   <div class='ocr_carea' id='block_1_3' title="bbox 710 393 1250 2521">
    <p class='ocr_par' dir='ltr' id='par_1_3' title="bbox 710 393 1249 1670">
     <span class='ocr_line' id='line_1_32' title="bbox 714 393 1247 464; baseline 0.004 -18"><span class='ocrx_word' id='word_1_150' title='bbox 714 395 904 446; x_wconf 87' lang='lat' dir='ltr'>emundatione</span> <span class='ocrx_word' id='word_1_151' title='bbox 932 393 1091 446; x_wconf 86' lang='lat' dir='ltr'>sacrificium</span> <span class='ocrx_word' id='word_1_152' title='bbox 1121 396 1152 446; x_wconf 89' lang='lat' dir='ltr'>in</span> <span class='ocrx_word' id='word_1_153' title='bbox 1176 397 1247 464; x_wconf 87' lang='lat' dir='ltr'>Lege</span> 
     </span>
     <span class='ocr_line' id='line_1_33' title="bbox 713 466 1246 519; baseline 0.004 -3"><span class='ocrx_word' id='word_1_154' title='bbox 713 467 921 518; x_wconf 88' lang='lat' dir='ltr'>determinatum</span> <span class='ocrx_word' id='word_1_155' title='bbox 949 466 1083 519; x_wconf 84' lang='lat' dir='ltr'>offerrent.</span> <span class='ocrx_word' id='word_1_156' title='bbox 1113 467 1152 518; x_wconf 88' lang='lat' dir='ltr'>Et</span> <span class='ocrx_word' id='word_1_157' title='bbox 1185 468 1246 519; x_wconf 82' lang='lat' dir='ltr'>dunt</span> 
     </span>
     <span class='ocr_line' id='line_1_34' title="bbox 714 536 1246 600; baseline 0.004 -14"><span class='ocrx_word' id='word_1_158' title='bbox 714 536 797 600; x_wconf 87' lang='lat' dir='ltr'>irent,</span> <span class='ocrx_word' id='word_1_159' title='bbox 820 547 851 587; x_wconf 92' lang='lat' dir='ltr'>ut</span> <span class='ocrx_word' id='word_1_160' title='bbox 873 537 1055 587; x_wconf 92' lang='lat' dir='ltr'>sacerdotibus</span> <span class='ocrx_word' id='word_1_161' title='bbox 1078 552 1107 588; x_wconf 91' lang='lat' dir='ltr'>se</span> <span class='ocrx_word' id='word_1_162' title='bbox 1132 537 1246 588; x_wconf 89' lang='lat' dir='ltr'>demon·</span> 
     </span>
     <span class='ocr_line' id='line_1_35' title="bbox 713 607 1247 667; baseline 0.002 -10"><span class='ocrx_word' id='word_1_163' title='bbox 713 616 836 667; x_wconf 85' lang='lat' dir='ltr'>strarent,</span> <span class='ocrx_word' id='word_1_164' title='bbox 862 607 984 657; x_wconf 86' lang='lat' dir='ltr'>mundati</span> <span class='ocrx_word' id='word_1_165' title='bbox 1006 613 1068 657; x_wconf 90' lang='lat' dir='ltr'>sunt</span> <span class='ocrx_word' id='word_1_166' title='bbox 1089 623 1122 658; x_wconf 86' lang='lat' dir='ltr'>ex</span> <span class='ocrx_word' id='word_1_167' title='bbox 1147 607 1200 658; x_wconf 91' lang='lat' dir='ltr'>fide</span> <span class='ocrx_word' id='word_1_168' title='bbox 1222 618 1247 658; x_wconf 90' lang='lat' dir='ltr'>et</span> 
     </span>
     <span class='ocr_line' id='line_1_36' title="bbox 712 676 1246 738; baseline 0.004 -12"><span class='ocrx_word' id='word_1_169' title='bbox 712 678 865 729; x_wconf 88' lang='lat' dir='ltr'>obedientia</span> <span class='ocrx_word' id='word_1_170' title='bbox 885 678 917 727; x_wconf 92' lang='lat' dir='ltr'>ad</span> <span class='ocrx_word' id='word_1_171' title='bbox 941 677 1090 738; x_wconf 89' lang='lat' dir='ltr'>Christum,</span> <span class='ocrx_word' id='word_1_172' title='bbox 1110 676 1246 729; x_wconf 90' lang='lat' dir='ltr'>meritorie</span> 
     </span>
     <span class='ocr_line' id='line_1_37' title="bbox 712 748 1245 814; baseline 0.002 -17"><span class='ocrx_word' id='word_1_173' title='bbox 712 750 744 799; x_wconf 92' lang='lat' dir='ltr'>de</span> <span class='ocrx_word' id='word_1_174' title='bbox 764 765 893 814; x_wconf 91' lang='lat' dir='ltr'>congruo,</span> <span class='ocrx_word' id='word_1_175' title='bbox 913 749 959 798; x_wconf 92' lang='lat' dir='ltr'>sed</span> <span class='ocrx_word' id='word_1_176' title='bbox 978 748 1069 799; x_wconf 92' lang='lat' dir='ltr'>divina</span> <span class='ocrx_word' id='word_1_177' title='bbox 1085 748 1185 799; x_wconf 90' lang='lat' dir='ltr'>virtute</span> <span class='ocrx_word' id='word_1_178' title='bbox 1204 748 1245 799; x_wconf 85' lang='lat' dir='ltr'>ef·</span> 
     </span>
     <span class='ocr_line' id='line_1_38' title="bbox 712 816 1246 878; baseline 0 -10"><span class='ocrx_word' id='word_1_179' title='bbox 712 816 815 868; x_wconf 89' lang='lat' dir='ltr'>fective.</span> <span class='ocrx_word' id='word_1_180' title='bbox 831 819 954 878; x_wconf 92' lang='lat' dir='ltr'>Quatuor</span> <span class='ocrx_word' id='word_1_181' title='bbox 967 834 1000 868; x_wconf 89' lang='lat' dir='ltr'>ex</span> <span class='ocrx_word' id='word_1_182' title='bbox 1016 818 1105 868; x_wconf 91' lang='lat' dir='ltr'>causis</span> <span class='ocrx_word' id='word_1_183' title='bbox 1122 818 1246 869; x_wconf 91' lang='lat' dir='ltr'>mundati</span> 
     </span>
     <span class='ocr_line' id='line_1_39' title="bbox 712 889 1247 956; baseline 0.002 -18"><span class='ocrx_word' id='word_1_184' title='bbox 712 899 784 949; x_wconf 91' lang='lat' dir='ltr'>sunt,</span> <span class='ocrx_word' id='word_1_185' title='bbox 804 899 948 955; x_wconf 90' lang='lat' dir='ltr'>antequam</span> <span class='ocrx_word' id='word_1_186' title='bbox 968 889 1001 939; x_wconf 89' lang='lat' dir='ltr'>ad</span> <span class='ocrx_word' id='word_1_187' title='bbox 1017 890 1169 940; x_wconf 90' lang='lat' dir='ltr'>sacerdotes</span> <span class='ocrx_word' id='word_1_188' title='bbox 1192 904 1247 956; x_wconf 92' lang='lat' dir='ltr'>per·</span> 
     </span>
     <span class='ocr_line' id='line_1_40' title="bbox 711 960 1248 1028; baseline 0.004 -18"><span class='ocrx_word' id='word_1_189' title='bbox 711 960 833 1011; x_wconf 90' lang='lat' dir='ltr'>venirent</span> <span class='ocrx_word' id='word_1_190' title='bbox 860 979 866 1011; x_wconf 91' lang='lat'>:</span> <span class='ocrx_word' id='word_1_191' title='bbox 893 961 1002 1028; x_wconf 92' lang='lat' dir='ltr'>primo,</span> <span class='ocrx_word' id='word_1_192' title='bbox 1028 962 1092 1027; x_wconf 90' lang='lat' dir='ltr'>quia</span> <span class='ocrx_word' id='word_1_193' title='bbox 1120 961 1248 1013; x_wconf 90' lang='lat' dir='ltr'>Christus</span> 
     </span>
     <span class='ocr_line' id='line_1_41' title="bbox 712 1032 1246 1098; baseline 0.002 -17"><span class='ocrx_word' id='word_1_194' title='bbox 712 1041 821 1081; x_wconf 89' lang='lat' dir='ltr'>noverat</span> <span class='ocrx_word' id='word_1_195' title='bbox 863 1033 1029 1082; x_wconf 87' lang='lat' dir='ltr'>sacerdotum</span> <span class='ocrx_word' id='word_1_196' title='bbox 1067 1032 1246 1098; x_wconf 86' lang='lat' dir='ltr'>superbiam,</span> 
     </span>
     <span class='ocr_line' id='line_1_42' title="bbox 711 1101 1245 1167; baseline 0 -15"><span class='ocrx_word' id='word_1_197' title='bbox 711 1102 937 1167; x_wconf 89' lang='lat' dir='ltr'>contempsissent</span> <span class='ocrx_word' id='word_1_198' title='bbox 958 1103 1031 1153; x_wconf 91' lang='lat' dir='ltr'>enim</span> <span class='ocrx_word' id='word_1_199' title='bbox 1048 1117 1094 1152; x_wconf 90' lang='lat' dir='ltr'>eos</span> <span class='ocrx_word' id='word_1_200' title='bbox 1117 1101 1245 1167; x_wconf 86' lang='lat' dir='ltr'>aspicere,</span> 
     </span>
     <span class='ocr_line' id='line_1_43' title="bbox 712 1175 1248 1240; baseline 0.002 -17"><span class='ocrx_word' id='word_1_201' title='bbox 712 1189 745 1224; x_wconf 90' lang='lat' dir='ltr'>ne</span> <span class='ocrx_word' id='word_1_202' title='bbox 765 1189 828 1240; x_wconf 89' lang='lat' dir='ltr'>ergo</span> <span class='ocrx_word' id='word_1_203' title='bbox 851 1175 1103 1235; x_wconf 84' lang='lat' dir='ltr'>scandalizarentur,</span> <span class='ocrx_word' id='word_1_204' title='bbox 1116 1175 1248 1240; x_wconf 84' lang='lat' dir='ltr'>praevenit</span> 
     </span>
     <span class='ocr_line' id='line_1_44' title="bbox 711 1245 1248 1309; baseline 0.002 -14"><span class='ocrx_word' id='word_1_205' title='bbox 711 1261 757 1295; x_wconf 91' lang='lat' dir='ltr'>eos</span> <span class='ocrx_word' id='word_1_206' title='bbox 774 1261 882 1309; x_wconf 88' lang='lat' dir='ltr'>sanare;</span> <span class='ocrx_word' id='word_1_207' title='bbox 911 1247 1037 1306; x_wconf 89' lang='lat' dir='ltr'>secundo,</span> <span class='ocrx_word' id='word_1_208' title='bbox 1050 1246 1163 1296; x_wconf 47' lang='lat' dir='ltr'>¹bonum</span> <span class='ocrx_word' id='word_1_209' title='bbox 1180 1245 1248 1296; x_wconf 91' lang='lat' dir='ltr'>obe-</span> 
     </span>
     <span class='ocr_line' id='line_1_45' title="bbox 711 1317 1247 1382; baseline -0.002 -14"><span class='ocrx_word' id='word_1_210' title='bbox 711 1318 817 1368; x_wconf 87' lang='lat' dir='ltr'>dientiae</span> <span class='ocrx_word' id='word_1_211' title='bbox 839 1334 932 1369; x_wconf 91' lang='lat' dir='ltr'>eorum</span> <span class='ocrx_word' id='word_1_212' title='bbox 954 1319 1004 1369; x_wconf 86' lang='lat' dir='ltr'>hoc</span> <span class='ocrx_word' id='word_1_213' title='bbox 1024 1319 1136 1382; x_wconf 84' lang='lat' dir='ltr'>meruit3</span> <span class='ocrx_word' id='word_1_214' title='bbox 1157 1317 1247 1376; x_wconf 89' lang='lat' dir='ltr'>tertio,</span> 
     </span>
     <span class='ocr_line' id='line_1_46' title="bbox 711 1387 1246 1454; baseline 0.002 -17"><span class='ocrx_word' id='word_1_215' title='bbox 711 1387 763 1438; x_wconf 91' lang='lat' dir='ltr'>hoc</span> <span class='ocrx_word' id='word_1_216' title='bbox 778 1389 877 1439; x_wconf 91' lang='lat' dir='ltr'>meruit</span> <span class='ocrx_word' id='word_1_217' title='bbox 893 1400 919 1453; x_wconf 87' lang='lat' dir='ltr'>et</span> <span class='ocrx_word' id='word_1_218' title='bbox 930 1405 1023 1439; x_wconf 92' lang='lat' dir='ltr'>eorum</span> <span class='ocrx_word' id='word_1_219' title='bbox 1038 1389 1117 1451; x_wconf 90' lang='lat' dir='ltr'>fides;</span> <span class='ocrx_word' id='word_1_220' title='bbox 1138 1398 1246 1454; x_wconf 90' lang='lat' dir='ltr'>quarto,</span> 
     </span>
     <span class='ocr_line' id='line_1_47' title="bbox 710 1461 1248 1526; baseline -0.002 -15"><span class='ocrx_word' id='word_1_221' title='bbox 710 1462 797 1511; x_wconf 90' lang='lat' dir='ltr'>voluit</span> <span class='ocrx_word' id='word_1_222' title='bbox 818 1462 956 1511; x_wconf 89' lang='lat' dir='ltr'>ostendere</span> <span class='ocrx_word' id='word_1_223' title='bbox 978 1461 1052 1526; x_wconf 92' lang='lat' dir='ltr'>quod</span> <span class='ocrx_word' id='word_1_224' title='bbox 1074 1476 1130 1511; x_wconf 92' lang='lat' dir='ltr'>non</span> <span class='ocrx_word' id='word_1_225' title='bbox 1148 1461 1248 1512; x_wconf 87' lang='lat' dir='ltr'>virtute</span> 
     </span>
     <span class='ocr_line' id='line_1_48' title="bbox 710 1534 1249 1600; baseline 0 -17"><span class='ocrx_word' id='word_1_226' title='bbox 710 1534 799 1600; x_wconf 85' lang='lat' dir='ltr'>Legis,</span> <span class='ocrx_word' id='word_1_227' title='bbox 816 1545 861 1586; x_wconf 89' lang='lat' dir='ltr'>aut</span> <span class='ocrx_word' id='word_1_228' title='bbox 882 1535 1050 1584; x_wconf 87' lang='lat' dir='ltr'>sacerdotum</span> <span class='ocrx_word' id='word_1_229' title='bbox 1067 1543 1144 1584; x_wconf 90' lang='lat' dir='ltr'>erant</span> <span class='ocrx_word' id='word_1_230' title='bbox 1162 1549 1249 1583; x_wconf 91' lang='lat' dir='ltr'>mun-</span> 
     </span>
     <span class='ocr_line' id='line_1_49' title="bbox 710 1604 1043 1670; baseline 0.003 -18"><span class='ocrx_word' id='word_1_231' title='bbox 710 1604 775 1664; x_wconf 88' lang='lat' dir='ltr'>dati,</span> <span class='ocrx_word' id='word_1_232' title='bbox 793 1605 838 1655; x_wconf 90' lang='lat' dir='ltr'>sed</span> <span class='ocrx_word' id='word_1_233' title='bbox 853 1605 901 1654; x_wconf 89' lang='lat' dir='ltr'>Dei</span> <span class='ocrx_word' id='word_1_234' title='bbox 921 1604 1043 1670; x_wconf 91' lang='lat' dir='ltr'>imperi0.</span> 
     </span>
    </p>

    <p class='ocr_par' dir='ltr' id='par_1_4' title="bbox 711 1673 1250 2521">
     <span class='ocr_line' id='line_1_50' title="bbox 743 1673 1248 1734; baseline 0.002 -11"><span class='ocrx_word' id='word_1_235' title='bbox 743 1673 757 1723; x_wconf 84' lang='lat'>3</span> <span class='ocrx_word' id='word_1_236' title='bbox 775 1676 803 1724; x_wconf 78' lang='lat' dir='ltr'>ln</span> <span class='ocrx_word' id='word_1_237' title='bbox 824 1675 1004 1734; x_wconf 75' lang='lat' dir='ltr'>anxnrrxno,</span> <span class='ocrx_word' id='word_1_238' title='bbox 1021 1691 1068 1732; x_wconf 86' lang='lat' dir='ltr'>our</span> <span class='ocrx_word' id='word_1_239' title='bbox 1084 1690 1168 1726; x_wconf 76' lang='lat' dir='ltr'>sonus</span> <span class='ocrx_word' id='word_1_240' title='bbox 1181 1689 1248 1724; x_wconf 82' lang='lat' dir='ltr'>anx·</span> 
     </span>
     <span class='ocr_line' id='line_1_51' title="bbox 711 1760 1249 1809; baseline 0.004 -16"><span class='ocrx_word' id='word_1_241' title='bbox 711 1761 769 1794; x_wconf 79' lang='lat' dir='ltr'>rrxs</span> <span class='ocrx_word' id='word_1_242' title='bbox 782 1762 902 1796; x_wconf 70' lang='lat' dir='ltr'>toronus</span> <span class='ocrx_word' id='word_1_243' title='bbox 919 1761 1096 1809; x_wconf 80' lang='lat' dir='ltr'>nevanrrrua,</span> <span class='ocrx_word' id='word_1_244' title='bbox 1113 1760 1249 1796; x_wconf 73' lang='lat' dir='ltr'>arraona-</span> 
     </span>
     <span class='ocr_line' id='line_1_52' title="bbox 711 1819 1248 1869; baseline 0.006 -3"><span class='ocrx_word' id='word_1_245' title='bbox 711 1833 755 1867; x_wconf 83' lang='lat' dir='ltr'>rro</span> <span class='ocrx_word' id='word_1_246' title='bbox 767 1819 915 1869; x_wconf 78' lang='lat' dir='ltr'>Junraoauu</span> <span class='ocrx_word' id='word_1_247' title='bbox 925 1833 958 1866; x_wconf 78' lang='lat' dir='ltr'>ar</span> <span class='ocrx_word' id='word_1_248' title='bbox 970 1819 1122 1867; x_wconf 80' lang='lat' dir='ltr'>Gnnrrurux</span> <span class='ocrx_word' id='word_1_249' title='bbox 1134 1832 1248 1869; x_wconf 76' lang='lat' dir='ltr'>vocxrto</span> 
     </span>
     <span class='ocr_line' id='line_1_53' title="bbox 711 1889 1250 1938; baseline 0.004 -2"><span class='ocrx_word' id='word_1_250' title='bbox 711 1903 932 1938; x_wconf 71' lang='lat' dir='ltr'>rxffirrnunxrua.</span> <span class='ocrx_word' id='word_1_251' title='bbox 954 1916 987 1924; x_wconf 91' lang='lat'><em>-</em></span> <span class='ocrx_word' id='word_1_252' title='bbox 1011 1889 1087 1938; x_wconf 88' lang='lat' dir='ltr'>Unus</span> <span class='ocrx_word' id='word_1_253' title='bbox 1108 1893 1196 1938; x_wconf 87' lang='lat' dir='ltr'>autem</span> <span class='ocrx_word' id='word_1_254' title='bbox 1215 1903 1250 1938; x_wconf 82' lang='lat' dir='ltr'>ex</span> 
     </span>
     <span class='ocr_line' id='line_1_54' title="bbox 712 1958 1249 2024; baseline 0.002 -16"><span class='ocrx_word' id='word_1_255' title='bbox 712 1958 838 2024; x_wconf 80' lang='lat' dir='ltr'>illis-qui</span> <span class='ocrx_word' id='word_1_256' title='bbox 867 1958 1050 2009; x_wconf 81' lang='lat' dir='ltr'>Samaritanus</span> <span class='ocrx_word' id='word_1_257' title='bbox 1077 1969 1104 2008; x_wconf 92' lang='lat' dir='ltr'>et</span> <span class='ocrx_word' id='word_1_258' title='bbox 1132 1958 1249 2010; x_wconf 88' lang='lat' dir='ltr'>Gentilis</span> 
     </span>
     <span class='ocr_line' id='line_1_55' title="bbox 712 2029 1247 2096; baseline 0 -16"><span class='ocrx_word' id='word_1_259' title='bbox 712 2041 776 2091; x_wconf 91' lang='lat' dir='ltr'>erat,</span> <span class='ocrx_word' id='word_1_260' title='bbox 798 2036 826 2080; x_wconf 94' lang='lat' dir='ltr'>ut</span> <span class='ocrx_word' id='word_1_261' title='bbox 850 2031 918 2080; x_wconf 83' lang='lat' dir='ltr'>vidit</span> <span class='ocrx_word' id='word_1_262' title='bbox 941 2030 1004 2096; x_wconf 84' lang='lat' dir='ltr'>quia</span> <span class='ocrx_word' id='word_1_263' title='bbox 1028 2029 1174 2080; x_wconf 86' lang='lat' dir='ltr'>mundatus</span> <span class='ocrx_word' id='word_1_264' title='bbox 1196 2036 1247 2093; x_wconf 87' lang='lat' dir='ltr'>est,</span> 
     </span>
     <span class='ocr_line' id='line_1_56' title="bbox 711 2100 1248 2151; baseline -0.002 0"><span class='ocrx_word' id='word_1_265' title='bbox 711 2116 788 2151; x_wconf 90' lang='lat' dir='ltr'>suam</span> <span class='ocrx_word' id='word_1_266' title='bbox 821 2101 987 2151; x_wconf 90' lang='lat' dir='ltr'>sanationem</span> <span class='ocrx_word' id='word_1_267' title='bbox 1017 2101 1110 2151; x_wconf 87' lang='lat' dir='ltr'>virtuti</span> <span class='ocrx_word' id='word_1_268' title='bbox 1142 2100 1248 2150; x_wconf 85' lang='lat' dir='ltr'>Christi</span> 
     </span>
     <span class='ocr_line' id='line_1_57' title="bbox 711 2171 1247 2237; baseline 0.002 -18"><span class='ocrx_word' id='word_1_269' title='bbox 711 2171 850 2236; x_wconf 87' lang='lat' dir='ltr'>deputans,</span> <span class='ocrx_word' id='word_1_270' title='bbox 862 2184 1007 2236; x_wconf 85' lang='lat' dir='ltr'>regressus</span> <span class='ocrx_word' id='word_1_271' title='bbox 1018 2178 1058 2222; x_wconf 88' lang='lat' dir='ltr'>ert</span> <span class='ocrx_word' id='word_1_272' title='bbox 1071 2186 1131 2222; x_wconf 89' lang='lat' dir='ltr'>cum</span> <span class='ocrx_word' id='word_1_273' title='bbox 1143 2185 1247 2237; x_wconf 81' lang='lat' dir='ltr'>magna</span> 
     </span>
     <span class='ocr_line' id='line_1_58' title="bbox 711 2240 1249 2302; baseline 0.004 -12"><span class='ocrx_word' id='word_1_274' title='bbox 711 2254 781 2302; x_wconf 85' lang='lat' dir='ltr'>voce,</span> <span class='ocrx_word' id='word_1_275' title='bbox 803 2241 888 2290; x_wconf 90' lang='lat' dir='ltr'>Deum</span> <span class='ocrx_word' id='word_1_276' title='bbox 912 2257 945 2290; x_wconf 85' lang='lat' dir='ltr'>ex</span> <span class='ocrx_word' id='word_1_277' title='bbox 968 2240 1030 2290; x_wconf 89' lang='lat' dir='ltr'>fidei</span> <span class='ocrx_word' id='word_1_278' title='bbox 1050 2250 1076 2290; x_wconf 93' lang='lat' dir='ltr'>et</span> <span class='ocrx_word' id='word_1_279' title='bbox 1097 2240 1249 2292; x_wconf 89' lang='lat' dir='ltr'>devotionis</span> 
     </span>
     <span class='ocr_line' id='line_1_59' title="bbox 712 2311 1248 2380; baseline 0.004 -20"><span class='ocrx_word' id='word_1_280' title='bbox 712 2311 897 2376; x_wconf 86' lang='lat' dir='ltr'>magnitudine</span> <span class='ocrx_word' id='word_1_281' title='bbox 926 2312 1120 2380; x_wconf 76' lang='lat' dir='ltr'>magnificans;</span> <span class='ocrx_word' id='word_1_282' title='bbox 1139 2317 1166 2362; x_wconf 87' lang='lat' dir='ltr'>et</span> <span class='ocrx_word' id='word_1_283' title='bbox 1183 2322 1248 2362; x_wconf 88' lang='lat' dir='ltr'>tan-</span> 
     </span>
     <span class='ocr_line' id='line_1_60' title="bbox 711 2384 1248 2452; baseline 0.006 -20"><span class='ocrx_word' id='word_1_284' title='bbox 711 2398 793 2449; x_wconf 91' lang='lat' dir='ltr'>quam</span> <span class='ocrx_word' id='word_1_285' title='bbox 816 2394 907 2450; x_wconf 87' lang='lat' dir='ltr'>gratus</span> <span class='ocrx_word' id='word_1_286' title='bbox 929 2384 1090 2435; x_wconf 88' lang='lat' dir='ltr'>beneficium</span> <span class='ocrx_word' id='word_1_287' title='bbox 1113 2400 1248 2452; x_wconf 89' lang='lat' dir='ltr'>recogno·</span> 
     </span>
     <span class='ocr_line' id='line_1_61' title="bbox 711 2454 1248 2521; baseline 0.004 -17"><span class='ocrx_word' id='word_1_288' title='bbox 711 2465 805 2514; x_wconf 88' lang='lat' dir='ltr'>scens,</span> <span class='ocrx_word' id='word_1_289' title='bbox 827 2454 922 2505; x_wconf 85' lang='lat' dir='ltr'>cecidit</span> <span class='ocrx_word' id='word_1_290' title='bbox 943 2471 989 2521; x_wconf 87' lang='lat' dir='ltr'>per</span> <span class='ocrx_word' id='word_1_291' title='bbox 1013 2454 1196 2505; x_wconf 87' lang='lat' dir='ltr'>humilitatem</span> <span class='ocrx_word' id='word_1_292' title='bbox 1221 2455 1248 2506; x_wconf 84' lang='lat' dir='ltr'>in</span> 
     </span>
    </p>
   </div>
   <div class='ocr_carea' id='block_1_4' title="bbox 123 2524 1247 2592">
    <p class='ocr_par' dir='ltr' id='par_1_5' title="bbox 123 2524 1247 2592">
     <span class='ocr_line' id='line_1_62' title="bbox 123 2524 1247 2592; baseline 0.003 -18"><span class='ocrx_word' id='word_1_293' title='bbox 123 2534 199 2590; x_wconf 88' lang='lat' dir='ltr'>cepto</span> <span class='ocrx_word' id='word_1_294' title='bbox 222 2535 248 2575; x_wconf 92' lang='lat' dir='ltr'>et</span> <span class='ocrx_word' id='word_1_295' title='bbox 271 2526 353 2576; x_wconf 91' lang='lat' dir='ltr'>verbo</span> <span class='ocrx_word' id='word_1_296' title='bbox 380 2535 456 2591; x_wconf 89' lang='lat' dir='ltr'>potes</span> <span class='ocrx_word' id='word_1_297' title='bbox 480 2541 530 2576; x_wconf 89' lang='lat' dir='ltr'>nos</span> <span class='ocrx_word' id='word_1_298' title='bbox 556 2543 656 2578; x_wconf 90' lang='lat' dir='ltr'>curare.</span> <span class='ocrx_word' id='word_1_299' title='bbox 705 2524 817 2590; x_wconf 79' lang='lat' dir='ltr'>facien,</span> <span class='ocrx_word' id='word_1_300' title='bbox 833 2527 987 2592; x_wconf 83' lang='lat' dir='ltr'>antepedes</span> <span class='ocrx_word' id='word_1_301' title='bbox 1004 2527 1079 2590; x_wconf 81' lang='lat' dir='ltr'>Jeru,</span> <span class='ocrx_word' id='word_1_302' title='bbox 1095 2541 1143 2591; x_wconf 88' lang='lat' dir='ltr'>per</span> <span class='ocrx_word' id='word_1_303' title='bbox 1164 2527 1247 2577; x_wconf 86' lang='lat' dir='ltr'>devo-</span> 
     </span>
    </p>
   </div>
   <div class='ocr_carea' id='block_1_5' title="bbox 122 2595 659 3443">
    <p class='ocr_par' dir='ltr' id='par_1_6' title="bbox 122 2595 659 3443">
     <span class='ocr_line' id='line_1_63' title="bbox 124 2595 656 2663; baseline 0.004 -17"><span class='ocrx_word' id='word_1_304' title='bbox 124 2595 152 2646; x_wconf 92' lang='lat' dir='ltr'>Si</span> <span class='ocrx_word' id='word_1_305' title='bbox 167 2597 257 2660; x_wconf 85' lang='lat' dir='ltr'>Jesus,</span> <span class='ocrx_word' id='word_1_306' title='bbox 277 2611 340 2662; x_wconf 88' lang='lat' dir='ltr'>ergo</span> <span class='ocrx_word' id='word_1_307' title='bbox 359 2597 430 2659; x_wconf 74' lang='lat' dir='ltr'>vult,</span> <span class='ocrx_word' id='word_1_308' title='bbox 454 2596 477 2646; x_wconf 90' lang='lat' dir='ltr'>si</span> <span class='ocrx_word' id='word_1_309' title='bbox 494 2604 656 2663; x_wconf 71' lang='lat' dir='ltr'>praceptor,</span> 
     </span>
     <span class='ocr_line' id='line_1_64' title="bbox 125 2667 658 2733; baseline 0.006 -17"><span class='ocrx_word' id='word_1_310' title='bbox 125 2683 188 2733; x_wconf 92' lang='lat' dir='ltr'>ergo</span> <span class='ocrx_word' id='word_1_311' title='bbox 209 2676 310 2733; x_wconf 87' lang='lat' dir='ltr'>potest;</span> <span class='ocrx_word' id='word_1_312' title='bbox 336 2667 359 2716; x_wconf 94' lang='lat' dir='ltr'>si</span> <span class='ocrx_word' id='word_1_313' title='bbox 384 2667 594 2719; x_wconf 90' lang='lat' dir='ltr'>misericordiam</span> <span class='ocrx_word' id='word_1_314' title='bbox 615 2669 658 2719; x_wconf 89' lang='lat' dir='ltr'>in-</span> 
     </span>
     <span class='ocr_line' id='line_1_65' title="bbox 125 2737 657 2804; baseline 0 -16"><span class='ocrx_word' id='word_1_315' title='bbox 125 2748 228 2798; x_wconf 87' lang='lat' dir='ltr'>vocant,</span> <span class='ocrx_word' id='word_1_316' title='bbox 244 2753 307 2802; x_wconf 92' lang='lat' dir='ltr'>ergo</span> <span class='ocrx_word' id='word_1_317' title='bbox 322 2752 350 2786; x_wconf 92' lang='lat' dir='ltr'>se</span> <span class='ocrx_word' id='word_1_318' title='bbox 365 2737 479 2786; x_wconf 92' lang='lat' dir='ltr'>miseros</span> <span class='ocrx_word' id='word_1_319' title='bbox 493 2748 519 2786; x_wconf 94' lang='lat' dir='ltr'>et</span> <span class='ocrx_word' id='word_1_320' title='bbox 531 2738 657 2804; x_wconf 92' lang='lat' dir='ltr'>indigen-</span> 
     </span>
     <span class='ocr_line' id='line_1_66' title="bbox 125 2806 658 2871; baseline 0.004 -14"><span class='ocrx_word' id='word_1_321' title='bbox 125 2818 164 2857; x_wconf 85' lang='lat' dir='ltr'>tes</span> <span class='ocrx_word' id='word_1_322' title='bbox 189 2807 343 2856; x_wconf 83' lang='lat' dir='ltr'>ostendunt.</span> <span class='ocrx_word' id='word_1_323' title='bbox 368 2807 400 2855; x_wconf 89' lang='lat' dir='ltr'>Et</span> <span class='ocrx_word' id='word_1_324' title='bbox 428 2806 466 2856; x_wconf 90' lang='lat' dir='ltr'>sic</span> <span class='ocrx_word' id='word_1_325' title='bbox 490 2807 584 2871; x_wconf 90' lang='lat' dir='ltr'>petitio</span> <span class='ocrx_word' id='word_1_326' title='bbox 607 2808 658 2859; x_wconf 90' lang='lat' dir='ltr'>fuit</span> 
     </span>
     <span class='ocr_line' id='line_1_67' title="bbox 124 2879 659 2947; baseline 0.004 -18"><span class='ocrx_word' id='word_1_327' title='bbox 124 2880 205 2946; x_wconf 90' lang='lat' dir='ltr'>digna</span> <span class='ocrx_word' id='word_1_328' title='bbox 221 2896 227 2930; x_wconf 76' lang='grc' dir='ltr'><strong>ι</strong></span> <span class='ocrx_word' id='word_1_329' title='bbox 243 2889 268 2928; x_wconf 92' lang='lat' dir='ltr'>et</span> <span class='ocrx_word' id='word_1_330' title='bbox 286 2888 403 2943; x_wconf 87' lang='lat' dir='ltr'>exparte</span> <span class='ocrx_word' id='word_1_331' title='bbox 421 2879 579 2944; x_wconf 88' lang='lat' dir='ltr'>petentium,</span> <span class='ocrx_word' id='word_1_332' title='bbox 595 2881 659 2947; x_wconf 92' lang='lat' dir='ltr'>quia</span> 
     </span>
     <span class='ocr_line' id='line_1_68' title="bbox 127 2949 657 3017; baseline 0.008 -19"><span class='ocrx_word' id='word_1_333' title='bbox 127 2949 285 3012; x_wconf 88' lang='lat' dir='ltr'>miserandi;</span> <span class='ocrx_word' id='word_1_334' title='bbox 305 2958 332 2998; x_wconf 94' lang='lat' dir='ltr'>et</span> <span class='ocrx_word' id='word_1_335' title='bbox 353 2964 385 2999; x_wconf 88' lang='lat' dir='ltr'>ex</span> <span class='ocrx_word' id='word_1_336' title='bbox 406 2960 479 3014; x_wconf 88' lang='lat' dir='ltr'>parte</span> <span class='ocrx_word' id='word_1_337' title='bbox 498 2951 583 3015; x_wconf 86' lang='lat' dir='ltr'>ejusa</span> <span class='ocrx_word' id='word_1_338' title='bbox 603 2967 657 3017; x_wconf 93' lang='lat' dir='ltr'>quo</span> 
     </span>
     <span class='ocr_line' id='line_1_69' title="bbox 125 3021 658 3087; baseline 0.004 -15"><span class='ocrx_word' id='word_1_339' title='bbox 125 3022 271 3087; x_wconf 88' lang='lat' dir='ltr'>petebatur,</span> <span class='ocrx_word' id='word_1_340' title='bbox 301 3021 365 3087; x_wconf 92' lang='lat' dir='ltr'>quia</span> <span class='ocrx_word' id='word_1_341' title='bbox 392 3023 473 3073; x_wconf 80' lang='lat' dir='ltr'>Jesus</span> <span class='ocrx_word' id='word_1_342' title='bbox 502 3025 602 3084; x_wconf 90' lang='lat' dir='ltr'>volens,</span> <span class='ocrx_word' id='word_1_343' title='bbox 632 3034 658 3074; x_wconf 90' lang='lat' dir='ltr'>et</span> 
     </span>
     <span class='ocr_line' id='line_1_70' title="bbox 122 3095 657 3159; baseline 0.006 -16"><span class='ocrx_word' id='word_1_344' title='bbox 122 3099 274 3159; x_wconf 71' lang='lat' dir='ltr'>preceptor</span> <span class='ocrx_word' id='word_1_345' title='bbox 298 3102 401 3157; x_wconf 89' lang='lat' dir='ltr'>potens.</span> <span class='ocrx_word' id='word_1_346' title='bbox 427 3095 578 3144; x_wconf 87' lang='lat' dir='ltr'>Secundum</span> <span class='ocrx_word' id='word_1_347' title='bbox 605 3095 632 3145; x_wconf 94' lang='lat' dir='ltr'><em>T</em></span> <span class='ocrx_word' id='word_1_348' title='bbox 632 3096 657 3146; x_wconf 82' lang='grc' dir='ltr'>ι’-</span> 
     </span>
     <span class='ocr_line' id='line_1_71' title="bbox 126 3163 657 3226; baseline 0.004 -11"><span class='ocrx_word' id='word_1_349' title='bbox 126 3171 189 3226; x_wconf 90' lang='lat' dir='ltr'>tum,</span> <span class='ocrx_word' id='word_1_350' title='bbox 208 3163 301 3214; x_wconf 87' lang='lat' dir='ltr'>dicunt</span> <span class='ocrx_word' id='word_1_351' title='bbox 322 3178 420 3214; x_wconf 90' lang='lat' dir='ltr'>nomen</span> <span class='ocrx_word' id='word_1_352' title='bbox 439 3166 512 3226; x_wconf 91' lang='lat' dir='ltr'>Jesu,</span> <span class='ocrx_word' id='word_1_353' title='bbox 529 3175 554 3217; x_wconf 91' lang='lat' dir='ltr'>et</span> <span class='ocrx_word' id='word_1_354' title='bbox 574 3168 657 3217; x_wconf 91' lang='lat' dir='ltr'>lucri-</span> 
     </span>
     <span class='ocr_line' id='line_1_72' title="bbox 126 3233 658 3302; baseline 0.004 -17"><span class='ocrx_word' id='word_1_355' title='bbox 126 3233 229 3285; x_wconf 87' lang='lat' dir='ltr'>faciunt</span> <span class='ocrx_word' id='word_1_356' title='bbox 250 3250 316 3284; x_wconf 87' lang='lat' dir='ltr'>rem.</span> <span class='ocrx_word' id='word_1_357' title='bbox 340 3234 409 3284; x_wconf 92' lang='lat' dir='ltr'>Nam</span> <span class='ocrx_word' id='word_1_358' title='bbox 424 3235 507 3286; x_wconf 66' lang='lat' dir='ltr'>‚lesus</span> <span class='ocrx_word' id='word_1_359' title='bbox 524 3235 658 3302; x_wconf 89' lang='lat' dir='ltr'>interpre-</span> 
     </span>
     <span class='ocr_line' id='line_1_73' title="bbox 124 3307 656 3375; baseline 0.004 -17"><span class='ocrx_word' id='word_1_360' title='bbox 124 3317 197 3360; x_wconf 86' lang='lat' dir='ltr'>tatur</span> <span class='ocrx_word' id='word_1_361' title='bbox 226 3309 374 3368; x_wconf 86' lang='lat' dir='ltr'>Salvator,</span> <span class='ocrx_word' id='word_1_362' title='bbox 403 3307 475 3357; x_wconf 92' lang='lat' dir='ltr'>unde</span> <span class='ocrx_word' id='word_1_363' title='bbox 500 3309 621 3375; x_wconf 89' lang='lat' dir='ltr'>sequitur</span> <span class='ocrx_word' id='word_1_364' title='bbox 650 3327 656 3360; x_wconf 73' lang='grc' dir='ltr'><em>ι</em></span> 
     </span>
     <span class='ocr_line' id='line_1_74' title="bbox 127 3377 657 3443; baseline 0 -14"><span class='ocrx_word' id='word_1_365' title='bbox 127 3379 200 3440; x_wconf 88' lang='lat' dir='ltr'>Quos</span> <span class='ocrx_word' id='word_1_366' title='bbox 213 3386 241 3429; x_wconf 91' lang='lat' dir='ltr'>ut</span> <span class='ocrx_word' id='word_1_367' title='bbox 260 3378 328 3429; x_wconf 86' lang='lat' dir='ltr'>vidit</span> <span class='ocrx_word' id='word_1_368' title='bbox 342 3377 514 3443; x_wconf 88' lang='lat' dir='ltr'>benignitatis</span> <span class='ocrx_word' id='word_1_369' title='bbox 534 3388 559 3430; x_wconf 93' lang='lat' dir='ltr'>et</span> <span class='ocrx_word' id='word_1_370' title='bbox 581 3395 657 3429; x_wconf 90' lang='lat' dir='ltr'>com-</span> 
     </span>
    </p>
   </div>
   <div class='ocr_carea' id='block_1_6' title="bbox 125 3449 679 3866">
    <p class='ocr_par' dir='ltr' id='par_1_7' title="bbox 125 3449 679 3866">
     <span class='ocr_line' id='line_1_75' title="bbox 126 3449 657 3516; baseline -0.002 -14"><span class='ocrx_word' id='word_1_371' title='bbox 126 3451 258 3516; x_wconf 87' lang='lat' dir='ltr'>passionis</span> <span class='ocrx_word' id='word_1_372' title='bbox 289 3459 314 3500; x_wconf 90' lang='lat' dir='ltr'>et</span> <span class='ocrx_word' id='word_1_373' title='bbox 345 3449 533 3500; x_wconf 85' lang='lat' dir='ltr'>misericordiae</span> <span class='ocrx_word' id='word_1_374' title='bbox 563 3451 657 3512; x_wconf 92' lang='lat' dir='ltr'>oculis,</span> 
     </span>
     <span class='ocr_line' id='line_1_76' title="bbox 126 3520 657 3584; baseline 0.002 -13"><span class='ocrx_word' id='word_1_375' title='bbox 126 3521 201 3572; x_wconf 82' lang='lat' dir='ltr'>dixit</span> <span class='ocrx_word' id='word_1_376' title='bbox 220 3540 229 3573; x_wconf 86' lang='lat'>.·</span> <span class='ocrx_word' id='word_1_377' title='bbox 249 3522 297 3584; x_wconf 89' lang='lat' dir='ltr'>Ite,</span> <span class='ocrx_word' id='word_1_378' title='bbox 314 3520 444 3572; x_wconf 82' lang='lat' dir='ltr'>ostendite</span> <span class='ocrx_word' id='word_1_379' title='bbox 461 3535 509 3571; x_wconf 90' lang='lat' dir='ltr'>vos</span> <span class='ocrx_word' id='word_1_380' title='bbox 528 3522 657 3572; x_wconf 83' lang='lat' dir='ltr'>sacerdo-</span> 
     </span>
     <span class='ocr_line' id='line_1_77' title="bbox 126 3593 659 3660; baseline -0.002 -16"><span class='ocrx_word' id='word_1_381' title='bbox 126 3593 204 3645; x_wconf 81' lang='lat' dir='ltr'>tibus.</span> <span class='ocrx_word' id='word_1_382' title='bbox 219 3595 273 3645; x_wconf 90' lang='lat' dir='ltr'>Lex</span> <span class='ocrx_word' id='word_1_383' title='bbox 286 3593 359 3644; x_wconf 88' lang='lat' dir='ltr'>enim</span> <span class='ocrx_word' id='word_1_384' title='bbox 376 3593 507 3660; x_wconf 73' lang='lat' dir='ltr'>pracepit,</span> <span class='ocrx_word' id='word_1_385' title='bbox 522 3604 553 3644; x_wconf 90' lang='lat' dir='ltr'>ut</span> <span class='ocrx_word' id='word_1_386' title='bbox 566 3609 659 3644; x_wconf 88' lang='lat' dir='ltr'>emun-</span> 
     </span>
     <span class='ocr_line' id='line_1_78' title="bbox 125 3662 659 3731; baseline 0.002 -18"><span class='ocrx_word' id='word_1_387' title='bbox 125 3662 179 3714; x_wconf 88' lang='lat' dir='ltr'>dati</span> <span class='ocrx_word' id='word_1_388' title='bbox 193 3679 208 3716; x_wconf 90' lang='lat' dir='ltr'>a</span> <span class='ocrx_word' id='word_1_389' title='bbox 223 3665 295 3731; x_wconf 90' lang='lat' dir='ltr'>lepra</span> <span class='ocrx_word' id='word_1_390' title='bbox 309 3664 491 3716; x_wconf 88' lang='lat' dir='ltr'>sacerdotibus</span> <span class='ocrx_word' id='word_1_391' title='bbox 503 3679 532 3714; x_wconf 89' lang='lat' dir='ltr'>se</span> <span class='ocrx_word' id='word_1_392' title='bbox 546 3679 659 3729; x_wconf 80' lang='lat' dir='ltr'>praesen·</span> 
     </span>
     <span class='ocr_line' id='line_1_79' title="bbox 125 3735 679 3795; baseline 0.004 -12"><span class='ocrx_word' id='word_1_393' title='bbox 125 3742 233 3795; x_wconf 88' lang='lat' dir='ltr'>tarent,</span> <span class='ocrx_word' id='word_1_394' title='bbox 270 3751 324 3786; x_wconf 89' lang='lat' dir='ltr'>non</span> <span class='ocrx_word' id='word_1_395' title='bbox 363 3745 394 3786; x_wconf 88' lang='lat' dir='ltr'>ut</span> <span class='ocrx_word' id='word_1_396' title='bbox 425 3735 576 3786; x_wconf 90' lang='lat' dir='ltr'>sacerdotes</span> <span class='ocrx_word' id='word_1_397' title='bbox 612 3750 679 3785; x_wconf 51' lang='lat' dir='ltr'>eos¹</span> 
     </span>
     <span class='ocr_line' id='line_1_80' title="bbox 126 3804 658 3866; baseline 0.008 -14"><span class='ocrx_word' id='word_1_398' title='bbox 126 3804 295 3866; x_wconf 89' lang='lat' dir='ltr'>mundarent,</span> <span class='ocrx_word' id='word_1_399' title='bbox 311 3806 357 3856; x_wconf 90' lang='lat' dir='ltr'>sed</span> <span class='ocrx_word' id='word_1_400' title='bbox 371 3815 401 3856; x_wconf 93' lang='lat' dir='ltr'>ut</span> <span class='ocrx_word' id='word_1_401' title='bbox 411 3821 456 3856; x_wconf 90' lang='lat' dir='ltr'>eos</span> <span class='ocrx_word' id='word_1_402' title='bbox 470 3805 588 3855; x_wconf 91' lang='lat' dir='ltr'>mundos</span> <span class='ocrx_word' id='word_1_403' title='bbox 600 3820 658 3856; x_wconf 88' lang='lat' dir='ltr'>esse</span> 
     </span>
    </p>
   </div>
   <div class='ocr_carea' id='block_1_7' title="bbox 125 3874 657 3944">
    <p class='ocr_par' dir='ltr' id='par_1_8' title="bbox 125 3874 657 3944">
     <span class='ocr_line' id='line_1_81' title="bbox 125 3874 657 3944; baseline 0 -16"><span class='ocrx_word' id='word_1_404' title='bbox 125 3874 280 3942; x_wconf 87' lang='lat' dir='ltr'>judicarent,</span> <span class='ocrx_word' id='word_1_405' title='bbox 297 3888 323 3930; x_wconf 91' lang='lat' dir='ltr'>et</span> <span class='ocrx_word' id='word_1_406' title='bbox 344 3888 372 3930; x_wconf 90' lang='lat' dir='ltr'>ut</span> <span class='ocrx_word' id='word_1_407' title='bbox 392 3878 513 3930; x_wconf 91' lang='lat' dir='ltr'>mundati</span> <span class='ocrx_word' id='word_1_408' title='bbox 537 3892 585 3944; x_wconf 94' lang='lat' dir='ltr'>pro</span> <span class='ocrx_word' id='word_1_409' title='bbox 608 3893 657 3929; x_wconf 86' lang='lat' dir='ltr'>sua</span> 
     </span>
    </p>
   </div>
   <div class='ocr_carea' id='block_1_8' title="bbox 710 2595 1248 3657">
    <p class='ocr_par' dir='ltr' id='par_1_9' title="bbox 710 2595 1248 3657">
     <span class='ocr_line' id='line_1_82' title="bbox 711 2595 1247 2656; baseline 0.006 -12"><span class='ocrx_word' id='word_1_410' title='bbox 711 2595 813 2644; x_wconf 88' lang='lat' dir='ltr'>tionem</span> <span class='ocrx_word' id='word_1_411' title='bbox 832 2596 855 2646; x_wconf 93' lang='lat' dir='ltr'>ei</span> <span class='ocrx_word' id='word_1_412' title='bbox 873 2596 1048 2646; x_wconf 89' lang='lat' dir='ltr'>reverentiam</span> <span class='ocrx_word' id='word_1_413' title='bbox 1063 2597 1207 2656; x_wconf 85' lang='lat' dir='ltr'>exhibens,</span> <span class='ocrx_word' id='word_1_414' title='bbox 1221 2603 1247 2647; x_wconf 90' lang='lat' dir='ltr'>et</span> 
     </span>
     <span class='ocr_line' id='line_1_83' title="bbox 710 2665 1247 2732; baseline 0.002 -16"><span class='ocrx_word' id='word_1_415' title='bbox 710 2666 837 2717; x_wconf 85' lang='lat' dir='ltr'>adoravit</span> <span class='ocrx_word' id='word_1_416' title='bbox 850 2681 916 2729; x_wconf 89' lang='lat' dir='ltr'>eum,</span> <span class='ocrx_word' id='word_1_417' title='bbox 931 2667 1042 2732; x_wconf 88' lang='lat' dir='ltr'>gratias</span> <span class='ocrx_word' id='word_1_418' title='bbox 1055 2682 1103 2732; x_wconf 92' lang='lat' dir='ltr'>pro</span> <span class='ocrx_word' id='word_1_419' title='bbox 1116 2665 1247 2717; x_wconf 87' lang='lat' dir='ltr'>beneficio</span> 
     </span>
     <span class='ocr_line' id='line_1_84' title="bbox 710 2737 1245 2802; baseline 0.004 -16"><span class='ocrx_word' id='word_1_420' title='bbox 710 2747 817 2802; x_wconf 90' lang='lat' dir='ltr'>accepto</span> <span class='ocrx_word' id='word_1_421' title='bbox 833 2737 885 2786; x_wconf 92' lang='lat' dir='ltr'>sibi</span> <span class='ocrx_word' id='word_1_422' title='bbox 900 2751 995 2802; x_wconf 84' lang='lat' dir='ltr'>agens.</span> <span class='ocrx_word' id='word_1_423' title='bbox 1010 2737 1067 2797; x_wconf 85' lang='lat' dir='ltr'>Ubi</span> <span class='ocrx_word' id='word_1_424' title='bbox 1082 2737 1245 2802; x_wconf 86' lang='lat' dir='ltr'>exprimitur</span> 
     </span>
     <span class='ocr_line' id='line_1_85' title="bbox 710 2807 1246 2874; baseline 0.007 -17"><span class='ocrx_word' id='word_1_425' title='bbox 710 2807 776 2858; x_wconf 88' lang='lat' dir='ltr'>fides</span> <span class='ocrx_word' id='word_1_426' title='bbox 793 2810 850 2874; x_wconf 82' lang='lat' dir='ltr'>eius</span> <span class='ocrx_word' id='word_1_427' title='bbox 864 2820 890 2860; x_wconf 92' lang='lat' dir='ltr'>et</span> <span class='ocrx_word' id='word_1_428' title='bbox 907 2810 1021 2871; x_wconf 90' lang='lat' dir='ltr'>devotio,</span> <span class='ocrx_word' id='word_1_429' title='bbox 1037 2825 1065 2860; x_wconf 91' lang='lat' dir='ltr'>ac</span> <span class='ocrx_word' id='word_1_430' title='bbox 1081 2810 1246 2861; x_wconf 85' lang='lat' dir='ltr'>benevolen-</span> 
     </span>
     <span class='ocr_line' id='line_1_86' title="bbox 710 2878 1244 2945; baseline 0.006 -17"><span class='ocrx_word' id='word_1_431' title='bbox 710 2878 756 2939; x_wconf 90' lang='lat' dir='ltr'>tia,</span> <span class='ocrx_word' id='word_1_432' title='bbox 771 2889 797 2930; x_wconf 92' lang='lat' dir='ltr'>et</span> <span class='ocrx_word' id='word_1_433' title='bbox 811 2881 920 2945; x_wconf 89' lang='lat' dir='ltr'>grandis</span> <span class='ocrx_word' id='word_1_434' title='bbox 932 2880 1045 2931; x_wconf 84' lang='lat' dir='ltr'>affectio.</span> <span class='ocrx_word' id='word_1_435' title='bbox 1059 2881 1140 2931; x_wconf 88' lang='lat' dir='ltr'>Dedit</span> <span class='ocrx_word' id='word_1_436' title='bbox 1153 2890 1244 2933; x_wconf 91' lang='lat' dir='ltr'>autem</span> 
     </span>
     <span class='ocr_line' id='line_1_87' title="bbox 710 2950 1244 3018; baseline 0.006 -18"><span class='ocrx_word' id='word_1_437' title='bbox 710 2951 734 3000; x_wconf 92' lang='lat' dir='ltr'>ei</span> <span class='ocrx_word' id='word_1_438' title='bbox 750 2950 877 3001; x_wconf 87' lang='lat' dir='ltr'>fiduciam</span> <span class='ocrx_word' id='word_1_439' title='bbox 896 2952 1130 3018; x_wconf 90' lang='lat' dir='ltr'>appropinquandi</span> <span class='ocrx_word' id='word_1_440' title='bbox 1146 2951 1244 3003; x_wconf 89' lang='lat' dir='ltr'>Domi-</span> 
     </span>
     <span class='ocr_line' id='line_1_88' title="bbox 711 3022 1246 3088; baseline 0 -16"><span class='ocrx_word' id='word_1_441' title='bbox 711 3038 747 3072; x_wconf 90' lang='lat' dir='ltr'>no</span> <span class='ocrx_word' id='word_1_442' title='bbox 770 3023 825 3086; x_wconf 87' lang='lat' dir='ltr'>jam</span> <span class='ocrx_word' id='word_1_443' title='bbox 851 3034 976 3088; x_wconf 90' lang='lat' dir='ltr'>suscepta</span> <span class='ocrx_word' id='word_1_444' title='bbox 998 3022 1133 3088; x_wconf 90' lang='lat' dir='ltr'>purgatio.</span> <span class='ocrx_word' id='word_1_445' title='bbox 1158 3022 1246 3074; x_wconf 88' lang='lat' dir='ltr'>Ceteri</span> 
     </span>
     <span class='ocr_line' id='line_1_89' title="bbox 710 3094 1248 3161; baseline -0.002 -16"><span class='ocrx_word' id='word_1_446' title='bbox 710 3110 782 3159; x_wconf 91' lang='lat' dir='ltr'>vero,</span> <span class='ocrx_word' id='word_1_447' title='bbox 793 3094 840 3161; x_wconf 90' lang='lat' dir='ltr'>qui</span> <span class='ocrx_word' id='word_1_448' title='bbox 851 3095 936 3145; x_wconf 82' lang='lat' dir='ltr'>ludaei</span> <span class='ocrx_word' id='word_1_449' title='bbox 947 3104 1029 3154; x_wconf 89' lang='lat' dir='ltr'>erant,</span> <span class='ocrx_word' id='word_1_450' title='bbox 1041 3104 1248 3160; x_wconf 89' lang='lat' dir='ltr'>permanserunt</span> 
     </span>
     <span class='ocr_line' id='line_1_90' title="bbox 711 3165 1246 3231; baseline 0 -15"><span class='ocrx_word' id='word_1_451' title='bbox 711 3165 818 3231; x_wconf 88' lang='lat' dir='ltr'>ingrati,</span> <span class='ocrx_word' id='word_1_452' title='bbox 845 3181 893 3216; x_wconf 88' lang='lat' dir='ltr'>nec</span> <span class='ocrx_word' id='word_1_453' title='bbox 920 3166 952 3216; x_wconf 90' lang='lat' dir='ltr'>ad</span> <span class='ocrx_word' id='word_1_454' title='bbox 980 3166 1115 3231; x_wconf 90' lang='lat' dir='ltr'>agendum</span> <span class='ocrx_word' id='word_1_455' title='bbox 1148 3165 1246 3230; x_wconf 86' lang='lat' dir='ltr'>gratias</span> 
     </span>
     <span class='ocr_line' id='line_1_91' title="bbox 710 3235 1246 3302; baseline 0.006 -17"><span class='ocrx_word' id='word_1_456' title='bbox 710 3247 774 3286; x_wconf 91' lang='lat' dir='ltr'>sunt</span> <span class='ocrx_word' id='word_1_457' title='bbox 790 3237 898 3296; x_wconf 91' lang='lat' dir='ltr'>reversi,</span> <span class='ocrx_word' id='word_1_458' title='bbox 919 3235 983 3302; x_wconf 92' lang='lat' dir='ltr'>quia</span> <span class='ocrx_word' id='word_1_459' title='bbox 1003 3235 1107 3301; x_wconf 90' lang='lat' dir='ltr'>decepti</span> <span class='ocrx_word' id='word_1_460' title='bbox 1126 3251 1141 3286; x_wconf 88' lang='lat' dir='ltr'>a</span> <span class='ocrx_word' id='word_1_461' title='bbox 1159 3251 1246 3288; x_wconf 86' lang='lat' dir='ltr'>sacer·</span> 
     </span>
     <span class='ocr_line' id='line_1_92' title="bbox 710 3307 1247 3373; baseline 0 -17"><span class='ocrx_word' id='word_1_462' title='bbox 710 3307 820 3358; x_wconf 90' lang='lat' dir='ltr'>dotibus</span> <span class='ocrx_word' id='word_1_463' title='bbox 831 3307 930 3373; x_wconf 92' lang='lat' dir='ltr'>quibus</span> <span class='ocrx_word' id='word_1_464' title='bbox 942 3322 971 3357; x_wconf 91' lang='lat' dir='ltr'>se</span> <span class='ocrx_word' id='word_1_465' title='bbox 985 3315 1247 3372; x_wconf 75' lang='lat' dir='ltr'>repraesentaverunt,</span> 
     </span>
     <span class='ocr_line' id='line_1_93' title="bbox 710 3377 1247 3444; baseline 0.002 -17"><span class='ocrx_word' id='word_1_466' title='bbox 710 3377 812 3444; x_wconf 90' lang='lat' dir='ltr'>quique</span> <span class='ocrx_word' id='word_1_467' title='bbox 829 3377 957 3429; x_wconf 84' lang='lat' dir='ltr'>doctrinae</span> <span class='ocrx_word' id='word_1_468' title='bbox 971 3377 1071 3427; x_wconf 91' lang='lat' dir='ltr'>Christi</span> <span class='ocrx_word' id='word_1_469' title='bbox 1086 3387 1112 3428; x_wconf 90' lang='lat' dir='ltr'>et</span> <span class='ocrx_word' id='word_1_470' title='bbox 1126 3377 1247 3429; x_wconf 88' lang='lat' dir='ltr'>miracu·</span> 
     </span>
     <span class='ocr_line' id='line_1_94' title="bbox 710 3447 1246 3511; baseline 0.002 -14"><span class='ocrx_word' id='word_1_471' title='bbox 710 3447 743 3498; x_wconf 92' lang='lat' dir='ltr'>lis</span> <span class='ocrx_word' id='word_1_472' title='bbox 772 3448 953 3511; x_wconf 88' lang='lat' dir='ltr'>detrahebant,</span> <span class='ocrx_word' id='word_1_473' title='bbox 979 3449 1128 3498; x_wconf 87' lang='lat' dir='ltr'>secundum</span> <span class='ocrx_word' id='word_1_474' title='bbox 1152 3462 1246 3499; x_wconf 87' lang='lat' dir='ltr'>eorum</span> 
     </span>
     <span class='ocr_line' id='line_1_95' title="bbox 711 3517 1245 3570; baseline 0.007 -3"><span class='ocrx_word' id='word_1_475' title='bbox 711 3517 930 3569; x_wconf 88' lang='lat' dir='ltr'>informationem</span> <span class='ocrx_word' id='word_1_476' title='bbox 958 3518 1140 3570; x_wconf 89' lang='lat' dir='ltr'>attribuerunt</span> <span class='ocrx_word' id='word_1_477' title='bbox 1166 3534 1245 3570; x_wconf 89' lang='lat' dir='ltr'>suam</span> 
     </span>
     <span class='ocr_line' id='line_1_96' title="bbox 710 3590 1247 3657; baseline 0.002 -17"><span class='ocrx_word' id='word_1_478' title='bbox 710 3590 875 3640; x_wconf 90' lang='lat' dir='ltr'>sanationem</span> <span class='ocrx_word' id='word_1_479' title='bbox 888 3591 1065 3642; x_wconf 87' lang='lat' dir='ltr'>observantiae</span> <span class='ocrx_word' id='word_1_480' title='bbox 1080 3591 1168 3657; x_wconf 88' lang='lat' dir='ltr'>Legis,</span> <span class='ocrx_word' id='word_1_481' title='bbox 1184 3607 1247 3643; x_wconf 90' lang='lat' dir='ltr'>cum</span> 
     </span>
    </p>
   </div>
   <div class='ocr_carea' id='block_1_9' title="bbox 698 3664 1247 3728">
    <p class='ocr_par' dir='ltr' id='par_1_10' title="bbox 698 3664 1247 3728">
     <span class='ocr_line' id='line_1_97' title="bbox 698 3664 1247 3728; baseline 0.002 -14"><span class='ocrx_word' id='word_1_482' title='bbox 698 3673 740 3714; x_wconf 88' lang='lat' dir='ltr'>&#39;se</span> <span class='ocrx_word' id='word_1_483' title='bbox 771 3664 953 3714; x_wconf 86' lang='lat' dir='ltr'>sacerdotibus</span> <span class='ocrx_word' id='word_1_484' title='bbox 988 3664 1187 3728; x_wconf 89' lang='lat' dir='ltr'>ostendebant,</span> <span class='ocrx_word' id='word_1_485' title='bbox 1220 3675 1247 3716; x_wconf 91' lang='lat' dir='ltr'>et</span> 
     </span>
    </p>
   </div>
   <div class='ocr_carea' id='block_1_10' title="bbox 710 3733 1245 3929">
    <p class='ocr_par' dir='ltr' id='par_1_11' title="bbox 710 3733 1245 3929">
     <span class='ocr_line' id='line_1_98' title="bbox 712 3733 1245 3801; baseline 0.004 -17"><span class='ocrx_word' id='word_1_486' title='bbox 712 3750 765 3784; x_wconf 92' lang='lat' dir='ltr'>non</span> <span class='ocrx_word' id='word_1_487' title='bbox 776 3733 868 3783; x_wconf 91' lang='lat' dir='ltr'>virtuti</span> <span class='ocrx_word' id='word_1_488' title='bbox 882 3733 994 3794; x_wconf 89' lang='lat' dir='ltr'>Christi,</span> <span class='ocrx_word' id='word_1_489' title='bbox 1007 3733 1068 3783; x_wconf 89' lang='lat' dir='ltr'>licet</span> <span class='ocrx_word' id='word_1_490' title='bbox 1081 3749 1097 3783; x_wconf 88' lang='lat' dir='ltr'>a</span> <span class='ocrx_word' id='word_1_491' title='bbox 1109 3733 1245 3801; x_wconf 89' lang='lat' dir='ltr'>principio</span> 
     </span>
     <span class='ocr_line' id='line_1_99' title="bbox 710 3804 1244 3870; baseline 0 -14"><span class='ocrx_word' id='word_1_492' title='bbox 710 3804 822 3856; x_wconf 87' lang='lat' dir='ltr'>fideliter</span> <span class='ocrx_word' id='word_1_493' title='bbox 838 3814 864 3855; x_wconf 92' lang='lat' dir='ltr'>et</span> <span class='ocrx_word' id='word_1_494' title='bbox 881 3805 975 3855; x_wconf 86' lang='lat' dir='ltr'>devote</span> <span class='ocrx_word' id='word_1_495' title='bbox 988 3804 1146 3870; x_wconf 86' lang='lat' dir='ltr'>petivissent</span> <span class='ocrx_word' id='word_1_496' title='bbox 1158 3805 1194 3856; x_wconf 88' lang='lat' dir='ltr'>ab</span> <span class='ocrx_word' id='word_1_497' title='bbox 1212 3821 1244 3856; x_wconf 92' lang='lat' dir='ltr'>eo</span> 
     </span>
     <span class='ocr_line' id='line_1_100' title="bbox 710 3876 1244 3929; baseline 0.004 -2"><span class='ocrx_word' id='word_1_498' title='bbox 710 3876 807 3929; x_wconf 89' lang='lat' dir='ltr'>sanari.</span> <span class='ocrx_word' id='word_1_499' title='bbox 823 3877 856 3928; x_wconf 86' lang='lat' dir='ltr'>Et</span> <span class='ocrx_word' id='word_1_500' title='bbox 874 3876 948 3928; x_wconf 82' lang='lat' dir='ltr'>dixit</span> <span class='ocrx_word' id='word_1_501' title='bbox 960 3878 1064 3928; x_wconf 73' lang='lat' dir='ltr'>lesus:</span> <span class='ocrx_word' id='word_1_502' title='bbox 1083 3877 1183 3929; x_wconf 88' lang='lat' dir='ltr'>Nonne</span> <span class='ocrx_word' id='word_1_503' title='bbox 1196 3878 1244 3929; x_wconf 84' lang='lat' dir='ltr'>de-</span> 
     </span>
    </p>
   </div>
   <div class='ocr_carea' id='block_1_11' title="bbox 0 0 1320 4320">
    <p class='ocr_par' dir='ltr' id='par_1_12' title="bbox 0 0 1320 4320">
     <span class='ocr_line' id='line_1_101' title="bbox 0 0 1320 4320; baseline 0 0"><span class='ocrx_word' id='word_1_504' title='bbox 0 0 1320 4320; x_wconf 95' lang='lat' dir='ltr'> </span> 
     </span>
    </p>
   </div>
  </div>
 </body>
</html>
