2632 4320
327 310 374 362 DF.
386 308 747 363 TRANSFIGURATIONE
764 312 899 365 DOMINI.
1142 309 1175 362 25

73 444 106 481 ses
114 440 137 480 et
149 427 240 492 Elias,
253 437 279 478 et
290 443 353 478 mox
367 427 453 478 nubes
463 428 589 479 subsecu-

71 509 144 566 aest,
158 499 238 568 quasi
256 499 494 564 interrumpuntur
507 500 588 551 verba

70 573 115 638 ejus
146 587 195 639 per
226 570 462 621 obumbrationem
498 570 588 622 nubis.

70 645 198 706 Quaerebat
213 645 308 696 Petrus
320 654 455 695 terrenum
469 644 588 695 taberna·

68 717 154 778 culum,
181 726 209 766 et
227 715 304 766 affuit
319 715 425 766 coeleste
438 715 587 767 obumbra·

67 789 158 853 orium3
176 797 203 840 et
226 787 278 839 ista
289 787 373 839 nubes
388 787 507 839 nonfuit
522 803 598 839 cau--

67 872 111 914 sata
132 877 165 914 ex
187 861 249 913 istis
263 861 417 928 caliginosis
430 861 586 928 vaporibus,

67 933 103 983 sed
119 949 150 984 ex
163 931 337 984 vehementia
351 931 420 982 lucis
433 932 563 998 processit
579 949 586 984 ι

67 1003 117 1071 quia
128 1005 202 1056 sicut
218 1003 313 1055 fumus
341 1013 381 1055 est
404 1003 439 1055 ab
464 1005 535 1071 igne,
550 1003 587 1055 ita

67 1075 105 1129 ista
112 1078 200 1128 nubes
215 1075 268 1127 fuit
281 1092 296 1128 a
307 1077 376 1128 luce.

88 1150 176 1216 7Vox
191 1149 295 1200 Parrus
319 1165 423 1200 ursam
446 1150 587 1201 Cnnrsrurr

65 1234 112 1272 assa
130 1236 217 1272 rrsrus
234 1221 334 1271 Frsrurr
347 1236 534 1272 oscarnnurrs.
556 1249 586 1258 -

64 1290 95 1340 td
103 1290 277 1343 instruendas
289 1300 378 1342 autem
395 1299 497 1341 mentes
510 1292 586 1356 Apo-

65 1362 193 1422 stolorum,
215 1362 249 1413 de
272 1361 424 1428 cognitione
438 1360 588 1413 divinitatis

66 1430 191 1500 Unigeniti
215 1432 279 1482 Filii
292 1432 351 1496 Dei,
366 1443 427 1500 post
443 1430 545 1498 Moysis
559 1443 586 1484 et

65 1500 115 1555 lliae
137 1503 336 1564 testimonium,
365 1519 422 1554 uox
449 1503 533 1554 Patris
553 1505 586 1554 de

65 1577 124 1642 mle,
147 1577 233 1627 modo
254 1576 372 1628 tonitrus
398 1575 584 1628 testimonium

65 1646 199 1711 perhibuit,
226 1647 317 1699 dicens
329 1665 338 1698 .·
352 1647 409 1698 Hic
430 1653 471 1698 est
491 1648 584 1700 Filius

64 1731 133 1782 meus,
149 1735 206 1770 non
221 1717 355 1784 adoptive,
371 1719 416 1770 sed
432 1735 479 1786 per
503 1729 584 1771 natu-

64 1802 119 1851 ram,
133 1791 255 1854 dilectus,
281 1791 302 1841 F
304 1791 366 1842 ilius
387 1808 463 1843 meus
483 1792 585 1844 scilicet

65 1861 179 1912 naturalis
197 1871 226 1912 et
247 1862 383 1928 proprius,
408 1879 464 1912 non
477 1862 583 1914 aliunde

63 1943 162 1995 uentus,
178 1936 223 1986 vel
236 1935 385 2001 adoptivus.
401 1936 459 1986 Hoc
474 1946 523 1995 est,
539 1951 583 1987 se-

47 2007 165 2057 'cundum
182 2008 364 2072 Ambrosium,
380 2025 433 2059 non
453 2009 528 2059 Elias
550 2008 584 2059 fi-

61 2072 111 2138 lius,
126 2094 181 2128 non
202 2079 311 2145 Moyses
324 2079 406 2141 filius,
427 2081 473 2130 sed
500 2096 507 2130 ε
529 2080 585 2130 Hic

61 2154 91 2198 ttt
102 2149 197 2200 Filius
209 2165 291 2216 quem
305 2152 393 2201 solum
407 2152 517 2216 videtis,
539 2168 583 2203 re-

59 2230 188 2270 cesserunt
202 2220 276 2270 enim
291 2220 330 2271 illi
345 2221 392 2272 ubi
407 2232 521 2288 coeperat
535 2223 585 2272 Do·

59 2291 141 2343 minus
158 2291 305 2360 designari,
331 2304 362 2345 ut
384 2293 430 2345 ille
445 2295 519 2346 solus
536 2295 585 2346 de-

58 2377 257 2428 monstraretur,
272 2383 306 2418 ne
320 2379 439 2420 errarent
451 2369 582 2435 Apostoli.

56 2435 82 2486 Iu
94 2452 145 2504 quo
164 2437 232 2488 mihi
249 2438 312 2489 bene
327 2439 484 2506 complacui,
500 2439 527 2490 id
544 2450 584 2492 est

56 2504 146 2574 inquo
160 2523 257 2558 meum
271 2508 467 2575 beneplacitum
487 2510 521 2561 de
538 2526 583 2561 re·

54 2575 207 2646 demptione
222 2580 464 2648 mundicomplere
480 2583 583 2633 consti-

54 2648 108 2714 tui;
122 2651 174 2712 vel,
188 2652 338 2702 secundum
348 2653 581 2720 Chrysostomum,

54 2716 79 2768 in
92 2735 149 2788 quo
162 2722 290 2784 delector,
310 2724 338 2774 in
356 2740 411 2792 quo
436 2724 582 2790 requiesco,

53 2804 130 2856 quem
156 2803 284 2860 accepto,
313 2797 377 2862 quia
404 2797 496 2848 omnia
523 2812 582 2863 qua

52 2871 112 2912 sunt
127 2863 215 2914 Patris
230 2880 291 2914 cum
304 2866 444 2933 diligentia
457 2867 583 2934 exsequi-

53 2940 145 2992 tumet
160 2944 202 2986 est
224 2952 280 2988 una
294 2940 440 3006 eademque
459 2940 583 2989 voluntas

54 3001 138 3069 ipsius
151 3017 178 3057 et
189 3007 286 3069 Patris,
301 3025 384 3076 quare
392 3021 418 3061 et
429 3010 452 3060 si
463 3008 582 3074 crucifigi

53 3076 119 3141 vult,
134 3093 169 3128 ne
185 3080 361 3132 contradicas.
376 3082 468 3149 Ipsum
478 3080 581 3142 audite,

52 3151 138 3218 magis
161 3168 246 3219 quam
272 3155 392 3220 Moysen,
420 3157 462 3206 vel
485 3156 581 3216 Eliam,

51 3222 114 3288 quia
141 3221 268 3275 Christus
285 3226 355 3292 finis
386 3234 426 3278 est
452 3228 537 3293 Legis
557 3239 583 3279 et

52 3294 256 3362 Prophetarum.
281 3299 372 3364 Ipsum
383 3302 482 3366 audite,
495 3314 526 3353 ut
535 3319 582 3354 su-

51 3381 176 3432 premum
191 3378 217 3420 et
236 3369 400 3436 singularem
414 3373 580 3440 Magistrum,

51 3436 96 3503 qui
122 3439 230 3490 docebit
257 3455 305 3491 vos
328 3441 419 3494 omnia
433 3445 592 3502 necessaria,

50 3507 81 3557 ad
97 3509 231 3573 salutem3
249 3509 336 3576 ipsum
348 3513 449 3579 audite,
463 3514 527 3581 quia
539 3530 582 3566 ve-

51 3579 195 3664 ritusnest3
211 3582 300 3649 ipsum
311 3585 432 3651 quaerite,
449 3588 514 3654 quia
525 3589 581 3639 vita

51 3661 104 3716 est3
122 3668 215 3720 rpsum
230 3656 387 3721 sequimini,
400 3656 464 3726 quia
474 3659 518 3710 via
529 3670 580 3710 est.

50 3722 133 3786 hesi,
149 3734 180 3776 ut
192 3724 231 3775 ait
244 3725 395 3793 Remigius,
411 3727 472 3779 aliis
491 3730 580 3781 verbis

50 3790 147 3847 diceret
167 3812 175 3848 t
193 3797 326 3848 Recedant
348 3799 451 3849 umbrae
483 3801 581 3868 legales

51 3871 75 3912 et
89 3865 146 3932 typi
163 3865 374 3932 Prophetarum
390 3879 416 3920 et
435 3871 524 3921 solum
539 3888 580 3922 co·

51 3945 159 3986 ruscum
168 3935 260 3988 lumen
269 3937 410 4005 Evangelii
421 3940 578 4007 sequimini.

643 429 745 480 Felices
766 445 829 496 ergo
844 428 977 496 Apostoli,
993 429 1041 496 qui
1057 445 1113 479 non
1128 445 1177 480 so-

643 502 700 552 lum
715 501 825 553 Domini
839 502 986 554 claritatem
1008 501 1098 553 videre
1118 517 1177 553 me·

644 586 770 640 ruerunt;
794 577 840 628 sed
865 576 946 628 etiam
971 592 1065 627 vocem
1092 575 1177 628 Patris
1264 580 1265 585 ’

643 647 813 698 intonantem
832 646 992 699 audierunt!
1004 647 1067 702 ,Nec
1079 647 1112 697 ab
1126 647 1177 698 hac

642 717 766 768 felicitate
778 733 828 767 nos
839 732 872 767 ex
885 726 942 768 toto
966 715 1048 767 alieni
1063 716 1175 778 erimus,

643 789 665 839 si
676 805 758 856 quem
768 787 807 838 illi
821 788 1000 846 crediderunt,
1013 797 1040 838 et
1056 803 1104 837 nos
1123 802 1177 837 cre·

642 863 748 928 dimus;
777 872 804 914 et
826 863 964 930 quomodo
986 859 1024 912 illi
1040 861 1175 922 vixerunt,

641 935 757 986 amando
777 935 907 998 vivimus·,
925 944 951 985 et
971 949 1053 1000 quem
1071 934 1175 984 dilexe-

641 1015 712 1066 runt,
723 1006 785 1056 totis
794 1005 943 1056 visceribus
954 1018 1086 1054 amamus.

672 1076 689 1126 8
703 1078 793 1128 Toron
808 1091 1010 1135 orscrruaoauu,
1022 1089 1094 1133 Quos¹
1104 1089 1175 1124 uun-

640 1166 718 1201 crrau
730 1150 865 1201 Cuarsrus
887 1162 1067 1206 natoourrua.
1080 1147 1173 1197 -Sed

641 1225 705 1291 quia
715 1225 835 1275 humana
847 1224 978 1290 fragilitas
988 1223 1017 1274 in
1031 1222 1174 1290 praesentia

642 1299 787 1363 majestatis
802 1297 974 1364 opprimitur,
986 1296 1050 1364 quia
1067 1293 1174 1361 pondus

640 1367 789 1419 divinitatis
801 1378 828 1420 et
841 1376 1013 1433 conspectum
1030 1363 1174 1431 majestatis

640 1438 812 1504 gloriaeierre
834 1455 888 1489 non
909 1437 994 1500 valet;
1023 1436 1093 1499 ideo,
1107 1435 1174 1485 dum

639 1511 763 1563 audirent
777 1527 869 1563 vocem
882 1510 1033 1562 terribilem
1049 1510 1082 1561 de
1093 1508 1173 1568 nube,

639 1583 826 1634 cecideruntin
837 1582 930 1648 facies
943 1594 1020 1644 suar,
1041 1595 1095 1630 non
1107 1579 1176 1630 sicut

639 1654 713 1715 mali,
737 1658 896 1705 retrorsum.
913 1652 994 1704 Unde
1008 1651 1150 1717 Remigius
1167 1667 1176 1701 .·

638 1744 652 1772 u
667 1727 697 1775 ln
722 1739 753 1774 eo
772 1740 835 1775 vero
851 1724 925 1790 quod
947 1721 1030 1772 sancti
1047 1721 1171 1787 discipuli

637 1797 665 1846 in
680 1795 774 1847 faciem
786 1794 948 1853 ceciderunt,
960 1792 1107 1842 sanctitatis
1117 1791 1169 1842 fuit

638 1867 787 1932 indicium,
812 1865 889 1932 impii
913 1864 987 1916 enim
1019 1873 1166 1913 retrorsum

637 1941 745 2002 cadunt,
760 1949 790 1991 ut
802 1937 863 1990 Heli
878 1955 886 1988 τ
903 1957 916 1986 u
938 1936 996 1988 haec
1018 1935 1170 2002 Remigius·

638 2012 746 2062 Cadunt
757 2025 821 2076 ergo
836 2008 899 2075 justi
916 2007 943 2059 in
969 2005 1075 2066 faciem,
1091 2007 1172 2056 modo

637 2095 747 2152 propter
773 2084 915 2146 timorem,
946 2090 976 2132 ut
1005 2079 1062 2142 hic;
1090 2079 1171 2129 modo

638 2166 747 2222 propter
769 2151 996 2215 humiliationem,
1024 2159 1055 2200 ut
1079 2149 1170 2215 Magi:

638 2229 677 2280 Et
686 2228 866 2294 procidentes,
886 2226 1070 2277 adoraverunt
1096 2237 1171 2286 eum;

638 2293 720 2351 modo
736 2310 845 2367 propter
859 2296 1005 2365 gratiarum
1026 2294 1170 2355 actionem,

638 2382 668 2423 ut
682 2370 804 2422 seniores
817 2369 974 2421 ceciderunt
983 2367 1170 2431 inconspectu

639 2442 730 2492 throni
746 2441 774 2492 in
788 2439 870 2491 facies
885 2452 957 2489 suas.
972 2437 1011 2488 Et
1028 2435 1171 2486 timuerunt

638 2513 726 2575 valde,
744 2510 808 2578 quia
821 2526 850 2560 se
864 2523 968 2559 errasse
978 2514 1169 2571 cognoverunt,

638 2582 703 2649 quia
726 2581 812 2631 nubes
835 2578 923 2630 lucida
948 2574 1079 2642 apparuit,
1106 2572 1170 2638 quia

637 2668 730 2703 vocem
751 2651 829 2718 quasi
858 2647 1048 2706 tonitrualem,
1069 2643 1171 2695 scilicet

639 2722 734 2787 Patris,
750 2722 826 2787 cujus
844 2717 976 2786 majestati
995 2716 1076 2767 timor
1093 2714 1170 2766 debe-

638 2805 691 2854 tur,
702 2793 855 2844 audierunt.
876 2791 918 2842 Ad
936 2789 1006 2840 hanc
1021 2802 1122 2845 vocem,
1141 2794 1170 2834 ut

637 2867 703 2917 dicit
716 2866 846 2933 Ephrem,
872 2863 998 2930 fugerunt
1022 2858 1170 2924 Prophetae,

637 2937 788 2988 ceciderunt
809 2934 933 3002 Apostoli
954 2939 981 2985 et
1015 2931 1169 2981 timuerunt.

636 3009 801 3060 'l'onitruum
823 3007 934 3076 quidem
957 3003 1074 3056 terribile
1100 3000 1168 3064 fuit,

637 3080 709 3132 unde
728 3081 762 3130 de
784 3080 842 3146 ipsa
863 3094 927 3129 voce
950 3087 1016 3128 terra
1042 3074 1094 3125 sub
1109 3074 1169 3138 ipso

637 3153 808 3203 contremuit.
826 3151 878 3202 Sed
892 3166 963 3217 quos
977 3149 1096 3199 humana
1113 3146 1168 3195 fra-

636 3225 725 3291 gilitas
748 3225 882 3291 gravabat,
904 3221 1021 3287 benigne
1033 3219 1095 3285 pius
1108 3217 1168 3266 Ma·

636 3296 720 3361 gister
740 3295 822 3346 verbo
851 3293 950 3360 pariter
974 3300 999 3341 et
1025 3298 1085 3339 actu
1109 3299 1168 3334 con-

636 3370 737 3418 solatur
760 3377 786 3419 et
809 3366 897 3434 erigit.
928 3366 998 3416 Nam
1022 3363 1168 3413 clementer

635 3440 751 3492 accessit
769 3441 860 3504 Jesus,
890 3437 954 3506 quia
980 3443 1036 3504 per·v
1057 3446 1084 3482 se
1105 3442 1167 3478 sur-

635 3529 696 3580 gere
724 3530 778 3564 non
794 3521 925 3579 poterant,
942 3517 969 3561 et
997 3503 1086 3570 tetigit
1110 3513 1165 3573 eor,

634 3584 803 3635 familiariter
817 3595 842 3635 et
856 3581 978 3640 dulciter,
994 3586 1024 3628 ut
1039 3582 1110 3654 tactu
1122 3570 1167 3621 de·

635 3655 738 3706 bilitata
752 3657 874 3706 membra
886 3651 1027 3709 solidaret;
1043 3644 1167 3709 dixitque

618 3737 620 3741 ’
634 3729 682 3792 eis,
700 3740 731 3780 ut
746 3741 849 3781 metum
863 3739 889 3779 et
900 3726 1028 3777 timorem
1039 3718 1143 3785 fugaret
1157 3732 1165 3765 ε

634 3801 756 3867 Surgite,
770 3813 860 3853 contra
872 3810 977 3858 casum;
995 3799 1021 3843 et
1035 3791 1117 3842 nolite
1130 3786 1166 3837 u·-

633 3888 713 3938 mere,
727 3886 820 3927 contra
834 3881 945 3925 metum.
956 3865 1029 3918 Beati
1044 3864 1084 3915 illi
1095 3873 1165 3939 quos

632 3945 719 4010 tangit
741 3946 827 4005 Jesus,
846 3941 913 3994 beati
930 3937 970 3991 illi
994 3951 1063 4005 quos
1081 3938 1166 3994 tangit
