2632 4320
82 287 131 337 DE
146 283 279 335 vlfflmn
297 279 582 331 PATRISFAMILIAS
599 278 834 332 CUSTODIENT.
848 280 979 332 DOMUM
996 281 1101 332 SUAM.
1120 280 1172 348 332,

546 505 681 557 ORATIO

81 670 272 722 Dominelesu
281 668 399 731 Christe,
411 668 446 718 da
461 667 531 719 mihi
546 667 763 721 incertitudinem
778 671 832 722 diei
856 673 990 723 adventus
1009 672 1049 722 tui
1062 670 1172 738 vigilan-

52 747 91 797 do
103 755 130 796 et
145 745 215 795 bene
223 744 356 810 operando
371 743 524 809 praevenire,
551 758 585 793 ne
601 744 785 809 voluptatibus
797 756 823 797 et
834 746 998 797 vanitatibus
1012 761 1119 810 vacans,
1131 761 1174 797 su·

53 819 112 869 bito
129 818 277 884 imparatus
292 816 414 867 inveniar
434 816 465 866 in
487 816 532 866 illa
559 815 615 866 die.
634 817 733 867 Praesta
747 818 826 880 mihi,
850 829 881 870 ut
901 828 964 869 tunc
982 819 1051 868 inter
1078 819 1176 870 electos

51 902 115 943 tuos
128 906 232 941 merear
246 901 291 941 tua
306 891 390 956 gratia
406 890 607 949 connumerari,
622 900 648 939 et
662 905 723 940 cum
743 890 812 956 ipsis
834 892 867 942 ad
883 891 978 957 gaudia
1002 900 1102 941 aeterna
1118 890 1175 941 mi-

50 961 226 1014 sericorditer
252 961 370 1023 assumi,
390 971 417 1011 et
441 961 480 1011 sic
498 976 559 1011 cum
587 960 689 1010 eisdem
703 961 794 1012 electis
807 973 834 1013 et
854 962 958 1012 Sanctis
972 960 1038 1020 tuis,
1057 976 1174 1027 quorum

53 1051 104 1102 per
122 1035 347 1086 resurrectionem
368 1035 540 1085 renovabitur·
565 1040 594 1084 at
616 1034 715 1100 aquila
730 1033 863 1100 juventus,
887 1050 946 1101 ego,
971 1044 996 1085 te
1020 1033 1173 1095 miserante,

53 1107 102 1157 ubi
114 1117 145 1158 tu
159 1106 188 1157 in
203 1121 314 1172 corpore
326 1105 444 1172 glorioso
457 1121 486 1156 es
500 1115 684 1171 congregatus,
700 1106 732 1156 de
746 1116 792 1157 tua
804 1105 894 1158 satiari
909 1116 1012 1157 merem
1024 1105 1139 1170 visione,
1149 1117 1175 1157 et

55 1179 194 1228 multans
206 1188 233 1228 te
242 1177 340 1244 jugiter
354 1177 463 1226 laudare
471 1177 531 1226 sine
542 1174 605 1226 fine.
615 1177 711 1228 Amen.

494 1582 663 1653 CAPUT
695 1581 812 1651 XLVI

176 1834 230 1902 De
250 1832 379 1924 vigilia
393 1830 674 1925 patrisfamilias
690 1830 921 1900 custodientis
933 1841 1056 1899 contra

399 1947 524 2038 furem
546 1946 687 2014 domum
712 1965 825 2013 suam.

293 2195 438 2260 Matthaei
466 2213 533 2276 cap.
561 2212 600 2274 24
623 2205 654 2253 et
675 2191 776 2254 Marci
797 2210 864 2275 cap.
893 2194 941 2254 13.

95 2454 105 2488 1
127 2437 182 2489 Pru
210 2451 413 2488 susurrumusu
451 2447 594 2483 rnrnrsss-

57 2526 151 2564 muns
180 2526 352 2562 accusamur
380 2523 458 2560 nonai
486 2520 595 2556 utrina

59 2598 243 2635 mmmruuo
256 2598 290 2632 nr
299 2595 460 2632 vicmannus
475 2592 595 2628 uscsssr·

60 2668 120 2705 ras.
143 2650 296 2702 -Deinde
316 2651 411 2716 probat
433 2665 480 2715 per
500 2663 594 2699 exem-

60 2725 158 2792 plum,
196 2725 268 2790 quod
301 2724 478 2790 vigilandum.
509 2719 595 2786 Magis

59 2795 136 2849 enim
154 2794 323 2862 vigilandum
349 2806 388 2846 est
404 2810 452 2861 pro
479 2791 594 2854 aeternis,

60 2882 144 2936 quam
165 2882 217 2932 pro
243 2865 454 2932 temporalibus;
478 2864 525 2914 sed
546 2877 594 2929 pa-

61 2936 223 2990 terfamilias
237 2937 303 2987 hora
322 2945 445 3002 suspecta
456 2935 490 2985 de
501 2934 596 2983 adven·

61 3006 176 3060 tuiuris
185 3006 308 3073 vigilaret
328 3023 375 3072 pro
396 3004 593 3071 corporalibus;

62 3093 128 3145 ergo
145 3088 173 3130 et
186 3092 237 3129 nos
250 3076 325 3127 omni
343 3078 419 3133 hora,
434 3077 498 3142 quia
507 3075 596 3126 omnis

61 3150 130 3201 hora
148 3159 190 3200 est
205 3160 337 3215 suspecta,
353 3148 482 3198 debemus
498 3145 595 3212 vigila-

63 3235 152 3287 repro
165 3218 362 3286 spiritualibus,
379 3229 404 3268 et
418 3233 524 3283 semper
538 3230 596 3267 esse

61 3287 186 3352 solliciti,
213 3298 245 3340 ut
264 3288 294 3339 in
319 3302 405 3338 morte
427 3287 597 3340 inveniamur

62 3359 160 3426 parati.
173 3358 203 3409 Si
212 3374 276 3424 ergo
291 3357 479 3424 paterfamilias
494 3357 597 3409 sollici-

63 3440 109 3482 tus
122 3439 166 3482 est
176 3428 302 3480 dedomo
318 3429 507 3490 custodienda,
523 3430 597 3480 mul-

64 3511 93 3552 to
101 3499 203 3552 fortius
215 3514 265 3551 nos
278 3500 408 3550 debemus
418 3515 477 3551 esse
490 3500 598 3552 solliciti

62 3570 98 3621 de
115 3569 174 3621 rita
190 3579 298 3631 aeterna,
322 3586 356 3620 ne
371 3572 514 3637 perdamus
529 3587 597 3634 eam,

12 3694 17 3701 ,
64 3640 140 3707 quod
157 3639 218 3702 erit,
230 3640 254 3692 si
266 3640 435 3692 inveniamur
449 3657 495 3708 per
509 3642 600 3708 gratiae

64 3710 224 3762 arentiam.
247 3710 402 3763 Secundum
434 3713 601 3780 chrysosto-

16 3826 21 3839 .
64 3796 148 3851 mum,
176 3781 320 3834 confundit
333 3783 377 3834 hic
402 3783 517 3845 desides,
538 3783 602 3850 quia

63 3866 123 3903 non
137 3861 259 3903 tantum
280 3855 400 3905 studium
424 3853 526 3906 faciunt
553 3870 602 3921 pro

62 3920 170 3986 anim,
196 3931 329 3990 quantum
350 3925 397 3977 alii
414 3941 464 3992 pro
480 3925 603 3993 pecunia,

650 2428 697 2494 qui
723 2429 796 2479 fures
818 2437 971 2493 exspectant
997 2443 1030 2476 ne
1054 2426 1179 2491 perdant3

650 2502 690 2552 illi
714 2504 788 2553 enim
807 2503 920 2568 vigilant
935 2512 964 2552 ut
979 2502 1104 2551 resistant
1117 2499 1182 2562 furi,

649 2575 678 2624 hi
693 2583 783 2625 autem
797 2591 851 2624 non
867 2574 979 2639 vigilant
991 2583 1021 2622 ut
1040 2571 1183 2622 invenian-

648 2655 692 2695 tur
710 2645 803 2711 parati.
830 2644 980 2711 Exponitur
1003 2654 1093 2693 autem
1124 2640 1184 2692 haec

649 2717 809 2778 similitudo,
833 2718 982 2768 secundum
1009 2716 1178 2784 Chrysoslo·

648 2805 728 2851 mum,
751 2788 903 2854 dupliciter.
926 2786 1017 2836 Primo
1036 2786 1117 2835 modo
1131 2799 1183 2835 vo-

649 2869 690 2909 cat
725 2857 829 2920 furem,
864 2857 1018 2919 diabolum;
1047 2855 1181 2913 domum,

649 2937 785 2992 montem,
816 2943 898 2993 quarn
922 2926 945 2976 si
970 2925 1110 2976 intraverit
1137 2939 1184 2990 per

650 3000 844 3068 negligentiam
884 2999 1010 3065 janitoris
1051 2998 1182 3058 rationis,

650 3071 748 3137 spoliat
773 3071 885 3121 domum
915 3071 992 3121 illam
1016 3068 1184 3120 vestimentis

650 3141 775 3207 justitiae,
802 3157 868 3192 auro
893 3140 1049 3206 sapientiae,
1073 3149 1182 3204 argento

651 3216 821 3267 innocentia.
861 3217 980 3266 Domum
1012 3230 1075 3280 ergo
1107 3227 1184 3262 suam

652 3289 714 3356 quis
732 3287 799 3338 sinit
812 3288 927 3354 perfodi,
942 3303 1002 3337 cum
1019 3283 1185 3351 suggestioni

653 3360 827 3412 consentiens
863 3360 1009 3412 virtutibus
1035 3356 1186 3423 spoliatur,

652 3432 759 3484 viribus
791 3433 906 3484 laeditur.
930 3431 1085 3482 Secundum
1119 3427 1187 3478 hanc

653 3503 726 3555 viam
740 3513 866 3555 notantur
880 3503 932 3553 tria
945 3504 977 3552 de
988 3497 1188 3567 patrefamilias,

655 3574 801 3627 videlicet:
817 3574 896 3633 scire,
912 3571 1021 3638 vigilare
1037 3579 1062 3619 et
1076 3584 1130 3618 non
1149 3566 1190 3618 si·

656 3664 729 3700 nere.
746 3647 831 3698 Debet
844 3662 907 3712 ergo
926 3646 994 3694 scire
1010 3641 1124 3693 insidias
1143 3638 1191 3691 fu·

656 3720 704 3782 ris,
725 3718 753 3769 id
780 3728 821 3768 ess
843 3730 1001 3782 cognoscere
1028 3712 1189 3778 prudenter3

656 3790 767 3856 vigilare
785 3788 818 3837 ad
848 3788 890 3837 sui
915 3782 1081 3846 custodiam,
1103 3781 1131 3832 id
1149 3790 1191 3832 est

658 3873 748 3911 cavere
761 3858 887 3920 solerter;
909 3872 964 3906 non
985 3855 1083 3914 sinere,
1100 3852 1127 3903 id
1150 3859 1209 3907 ast,
1271 3850 1274 3855 “

658 3929 780 3982 resistere
814 3926 936 3990 fortiter,
967 3941 1001 3978 ne
1027 3921 1196 3992 perfodiatur
