2632 4320
207 241 255 291 DE
271 241 467 294 EFFUSIONE
484 239 671 293 UNGUENTI
685 241 799 293 SUPER
815 241 932 293 CAPUT
948 243 1038 295 JESU.

67 371 137 415 rum,
152 356 218 407 dant
230 355 294 407 filiis
315 366 341 407 et
355 357 550 416 meretricibus,
566 370 596 406 ac

66 427 195 493 sacrilega
208 428 362 479 crudelitate
371 429 520 495 surripiunt
534 443 598 493 pau-

67 498 187 564 peribus,
208 508 234 549 et
254 501 409 566 expendunt
432 501 461 551 in
486 499 596 551 illicitis.

66 569 144 620 Unde
158 571 191 620 de
205 571 388 622 sacerdotibus
403 571 474 622 Belis
490 570 598 634 legitur,

64 641 204 708 quomodo
220 642 270 691 filii
291 653 317 693 et
331 659 426 694 uxores
440 658 534 693 eorum
553 656 599 692 co-

65 710 210 760 medebant
224 710 270 761 illa
282 725 343 776 quae
356 726 437 778 super
451 712 533 761 altare
547 726 599 776 po-

64 781 214 841 nebantur3
230 790 256 830 et
265 797 310 831 rex
324 783 447 832 credebat
465 781 537 847 quod
552 779 597 830 Bel

63 866 93 902 ea
116 851 286 902 comedisset.
308 852 386 902 Multi
405 853 486 903 etiarn
505 862 598 903 custo-

62 924 109 974 des
117 924 272 974 loculorum
283 925 440 976 monasterii
453 925 597 976 existentes

62 996 134 1044 bona
158 994 191 1044 ad
220 1011 300 1045 usum
329 994 442 1047 fratrum
471 997 596 1062 deputata

43 1068 217 1135 ,largiuntur
239 1069 338 1135 quibus
358 1086 412 1121 non
434 1071 548 1132 debent;
570 1079 596 1120 et

61 1138 148 1205 magis
157 1138 186 1188 in
196 1139 254 1190 suis
261 1140 501 1205 superfluitatibus
512 1157 594 1207 quarn

60 1209 178 1260 aliorum
205 1212 407 1264 necessitatibus
428 1214 593 1279 expendunt,

59 1297 89 1331 ac
102 1281 172 1331 alias
185 1281 278 1334 illicite
294 1294 320 1334 et
336 1285 406 1335 male
420 1293 592 1335 consumunt.

60 1351 94 1401 Et
122 1351 189 1418 quia
214 1369 310 1405 omnes
337 1355 456 1421 praedicti
492 1355 594 1405 loculos

59 1422 164 1474 Christi
181 1440 244 1475 cum
264 1427 331 1477 luda
353 1427 411 1478 fure
428 1435 544 1492 portant,
568 1439 593 1477 et

58 1509 121 1545 eum
152 1495 181 1545 in
212 1497 311 1548 scelere
336 1507 501 1563 sequuntur;
532 1497 592 1548 ideo

57 1566 138 1617 etiem
152 1578 214 1632 post
228 1584 288 1620 eum
306 1570 335 1620 in
346 1571 471 1621 tenebras
483 1569 591 1621 demer-

57 1647 169 1703 guntur.

88 1711 247 1775 7Locutos
271 1726 323 1761 cun
346 1727 442 1762 utaurr
470 1712 590 1762 Doumus

57 1797 159 1842 aosouz
180 1782 256 1832 Junrr
279 1784 425 1834 raanmrr?
448 1812 479 1821 —
494 1784 590 1835 Domi-

57 1869 120 1918 nus,
139 1854 184 1904 cui
199 1854 295 1919 Angeli
313 1855 477 1914 ministrant,
496 1857 589 1906 conde·

56 1927 188 1978 scendens
209 1926 335 1988 infirmis,
349 1929 451 1978 loculos
465 1927 588 1988 habebat,

56 1996 86 2047 in
98 1996 202 2064 quibus
212 1997 300 2048 oblata
313 1997 432 2048 fidelium
444 1998 589 2048 servaban-

35 2074 39 2081 '
56 2076 108 2130 tur,
127 2083 242 2118 suorum
256 2078 282 2118 et
301 2068 484 2135 indigentium
499 2085 590 2120 neces·

56 2137 179 2189 sitatibus
188 2137 337 2203 profutura,
347 2139 375 2189 in
391 2139 500 2205 signum
515 2141 588 2207 quod

57 2208 172 2259 Ecclesia
183 2210 287 2260 loculos
298 2220 354 2260 erat
364 2210 486 2262 habitura
496 2229 503 2277 ;
519 2222 544 2263 et
559 2212 587 2262 in

57 2279 106 2332 hoc
120 2283 201 2333 datur
217 2283 303 2334 forma
327 2284 451 2335 Ecclesiae
466 2286 586 2337 servandi

58 2353 212 2404 necessaria.
234 2355 304 2404 Sane
319 2369 381 2403 cum
396 2354 501 2406 doceret
515 2357 587 2407 viam

10 2463 13 2473 .
57 2426 227 2493 paupertatis,
253 2443 308 2476 non
343 2428 458 2479 habebat
485 2430 587 2481 loculos

56 2510 162 2566 propter
171 2498 308 2565 propriam
320 2500 479 2567 utilitatem;
495 2504 541 2552 sed
553 2503 586 2554 ad

58 2586 203 2637 pauperum
224 2586 336 2621 suorum
356 2583 481 2638 sumptus
494 2583 521 2623 et
537 2589 586 2624 ne-

57 2642 213 2693 cessitatem.
225 2643 303 2693 Unde
311 2643 482 2708 Augustinus
493 2661 501 2695 :
512 2662 525 2690 «
536 2645 587 2695 Ha·

59 2712 131 2767 bebat
153 2714 289 2765 Dominus
312 2715 424 2775 loculos,
440 2725 466 2766 et
488 2731 504 2767 a
524 2718 587 2768 fide·

59 2783 125 2837 libus
153 2785 245 2837 oblata
279 2802 440 2838 conservans
472 2803 584 2839 suorum

61 2856 267 2920 necessitatibus,
280 2868 306 2908 et
326 2858 386 2909 aliis
400 2858 584 2924 indigentibus

60 2926 195 2980 tribuebat.
205 2928 284 2979 Tunc
293 2929 411 2994 primum
422 2923 584 2982 ecclesiasti-

60 3010 91 3049 ca
102 2999 223 3065 pecuniae
243 2998 331 3050 forma
344 3010 382 3051 est
399 3000 531 3062 instituta,
553 3014 585 3055 ut

10 3118 12 3131 ¹
61 3070 265 3137 intelligeremus
289 3071 362 3136 quod
379 3072 504 3136 praecepit
528 3088 583 3124 non

61 3140 224 3207 cogitandum
248 3156 306 3192 esse
330 3141 363 3191 de
386 3141 511 3203 crastino,
529 3159 583 3193 non

61 3209 87 3259 td
105 3212 158 3263 hoc
171 3211 256 3263 fuisse
270 3221 440 3278 praeceptum,
463 3223 494 3263 ut
514 3213 583 3264 nihil

61 3282 170 3344 pecunia
192 3293 342 3335 servaretur
362 3299 377 3334 a
398 3285 513 3349 sanctis;
536 3287 583 3336 sed

61 3366 88 3404 ue
108 3355 166 3407 Deo
191 3365 301 3421 propter
324 3355 375 3406 ista
396 3356 537 3417 serviatur,
557 3369 583 3409 et

60 3436 158 3492 propter
188 3425 290 3492 inopiae
322 3427 447 3477 timorem
480 3427 583 3492 justitia

58 3494 195 3550 deteratur.
206 3498 304 3549 »Unde
313 3508 338 3549 et
345 3498 478 3550 Nicolaus
486 3499 539 3563 III,
553 3499 582 3550 in

57 3565 208 3621 declarando
222 3569 343 3634 regulam
353 3569 477 3628 Fratrum
496 3569 582 3620 Mino-

57 3648 109 3689 tum
133 3655 141 3691 z
166 3656 182 3688 c
206 3638 329 3690 Dicimus
354 3639 426 3704 quod
449 3639 582 3690 abdicatio

55 3708 220 3776 proprietatis
234 3709 358 3760 omnium
372 3725 473 3774 rerum,
488 3720 543 3760 tam
553 3710 581 3760 in

53 3779 158 3845 speciali
169 3796 252 3847 quam
265 3780 294 3830 in
309 3780 458 3839 communi,
469 3781 584 3832 merito·

52 3848 88 3903 tia
103 3860 148 3905 est
166 3861 193 3903 et
214 3860 312 3913 sancta,
338 3866 419 3917 quarn
447 3849 580 3917 Christus,

107 3966 179 4018 Vtra
194 3965 258 4018 issu
272 3964 390 4029 Cunrsrr,
402 3980 489 4017 rouus
517 3966 560 4018 ΙΙΙ.

1136 246 1186 317 193

652 354 725 405 viam
741 355 909 421 perfectionis
918 359 1071 419 ostendens,
1092 370 1118 412 et
1134 379 1189 416 vet-

654 426 688 476 bo
700 426 802 484 docuit,
817 438 843 478 et
857 430 979 495 exemplo
990 428 1114 482 firmavit.
1131 435 1187 487 Nec

652 497 696 547 his
712 497 857 563 quisquam
871 510 946 564 putet
956 500 1095 565 obsistere,
1113 508 1186 570 quod

653 567 790 617 interdum
813 568 911 618 dicitur
927 569 1066 622 Christum
1084 574 1184 627 loculos

653 640 787 692 habuisse.
815 641 884 690 Nam
906 642 929 692 si
951 643 1085 706 Christus,
1107 649 1183 712 cujus

651 709 766 775 perfecta
780 722 844 762 sunt
858 727 946 777 opera,
967 713 995 762 in
1012 716 1068 765 suis
1081 718 1183 770 actibus

651 781 723 832 viam
744 782 915 849 perfectionis
943 786 1076 849 exercuit;
1099 787 1185 840 inter-

651 853 717 902 dum
747 854 827 905 etiam
855 853 1027 905 infirmorum
1052 856 1183 924 imperfe-

651 924 786 975 ctionibus
808 925 1011 989 condescendit,
1039 938 1068 977 ut
1090 929 1128 980 sic
1155 941 1181 983 et

649 996 722 1046 viam
735 997 908 1063 perfectionis
920 999 1067 1058 extolleret,
1081 1010 1107 1051 et
1124 1001 1180 1053 im-

650 1067 829 1132 perfectorum
853 1069 972 1120 infirmas
994 1071 1103 1122 semitas
1124 1090 1177 1125 non

649 1138 796 1190 damnaret.
824 1140 867 1191 Sic
892 1140 1060 1192 infirmorum
1084 1158 1179 1210 perso-

649 1226 712 1261 nam
735 1213 859 1263 Christus
880 1214 996 1280 suscepit
1017 1215 1046 1265 in
1068 1217 1178 1283 loculis;

648 1281 686 1332 sic
709 1283 776 1333 etin
795 1285 934 1335 nonnullis
954 1285 1023 1346 aliis,
1048 1303 1103 1337 non
1117 1296 1178 1338 tan-

648 1366 706 1406 tum
721 1372 809 1418 carne,
820 1358 865 1408 scd
876 1369 901 1408 et
912 1369 1001 1410 mente
1015 1361 1176 1412 condescen-

646 1427 687 1477 dit
697 1427 824 1479 infirmis.
838 1430 899 1494 Egit
911 1446 974 1496 ergo
984 1431 1109 1482 Christus
1120 1433 1179 1484 for-

646 1497 697 1561 tia,
712 1499 811 1550 docens
825 1499 995 1565 perfectionis
1010 1518 1104 1568 opera3
1123 1504 1178 1571 egit

645 1569 726 1619 etiam
741 1579 768 1619 et
782 1568 900 1631 infirma,
916 1571 985 1622 sicut
1000 1572 1135 1624 interdurn
1148 1575 1177 1625 in

551 1679 554 1685 .
644 1637 707 1704 fuga
726 1639 811 1704 patuit
832 1650 858 1691 et
879 1641 988 1704 loculis;
1007 1644 1053 1692 sed
1068 1655 1177 1695 utrum·

644 1725 697 1774 que
715 1710 839 1776 perfecte,
855 1711 986 1776 perfectus
1002 1714 1127 1776 existens,
1146 1727 1177 1767 ut

644 1780 767 1846 perfectis
782 1791 807 1832 et
823 1780 984 1847 imperfectis
998 1784 1069 1833 viam
1081 1787 1175 1838 salutis

644 1854 795 1903 ostenderet
816 1869 855 1902 :u
882 1853 937 1903 haec
956 1855 1097 1906 Nicolaus.
1121 1857 1173 1908 Sed

643 1937 725 1987 quare
746 1923 878 1974 Dominus
899 1924 951 1974 furi
973 1926 1074 1976 loculos
1095 1943 1172 1978 com-

643 1996 726 2056 misit,
742 2006 767 2047 et
784 2012 892 2047 avarum
908 2013 988 2048 suum
1003 1999 1172 2065 dispensato·

642 2081 699 2117 rem
721 2066 801 2117 fecit?
823 2067 936 2118 Videtur
958 2069 1029 2119 enirn
1051 2071 1124 2136 quod
1146 2072 1170 2123 ei

641 2139 809 2190 occasionem
831 2141 957 2206 peccandi
984 2142 1095 2193 dederit.
1118 2144 1170 2194 Di·

641 2211 754 2261 cendum
768 2211 841 2277 quod
855 2212 936 2262 Judas
951 2212 1038 2278 primo
1053 2214 1104 2264 fuit
1119 2215 1171 2265 bo-

642 2297 703 2341 nus,
726 2283 834 2349 quando
849 2293 958 2333 vocatus
974 2283 1027 2334 fuit
1046 2286 1077 2333 ad
1096 2287 1170 2351 Apo-

641 2353 777 2413 stolatum,
792 2363 818 2403 et
831 2353 951 2403 officium
965 2354 1171 2420 dispensationis

641 2424 692 2474 sibi
723 2425 863 2488 traditum;
892 2425 938 2474 sed
965 2435 1056 2489 postea
1080 2428 1170 2490 lapsus

640 2504 679 2545 est
694 2495 722 2544 in
735 2504 881 2560 peccatum.
902 2495 935 2545 Et
950 2495 1075 2560 quamvis
1090 2495 1171 2545 Chri-

640 2576 697 2614 stus
716 2565 796 2615 sciret
816 2580 877 2614 eum
899 2564 1021 2614 futurum
1034 2565 1129 2625 furem,
1144 2578 1170 2616 et

640 2636 752 2694 malum,
775 2644 863 2684 tamen
880 2633 1003 2700 pluribus
1027 2635 1059 2687 de
1083 2638 1169 2687 causis

639 2705 750 2756 tradidit
764 2705 817 2756 sibi
833 2706 900 2756 illud
914 2705 1032 2757 officium
1048 2724 1055 2756 ε
1072 2708 1169 2773 primo,

638 2788 669 2827 ut
684 2778 741 2842 eius
751 2777 880 2839 Ecclesia,
893 2780 1015 2843 exemplo
1028 2779 1079 2839 sui,
1098 2778 1170 2831 fures

637 2860 663 2901 et
677 2852 762 2902 malos
772 2867 834 2902 cum
850 2851 950 2917 patitur
961 2852 1096 2915 toleraret;
1114 2870 1170 2906 non

637 2935 678 2974 est
690 2924 762 2974 enim
778 2924 877 2985 bonus,
892 2924 939 2990 qui
955 2927 1041 2976 malos
1056 2927 1168 2978 tolerare

637 3011 691 3045 non
706 2995 809 3062 potuit;
822 2996 950 3053 secundo,
963 3007 993 3046 ut
1011 2997 1035 3047 ei
1050 2998 1168 3049 occasio-

606 3082 612 3092 ·
637 3084 699 3118 nem
723 3066 885 3133 proditionis
903 3067 1028 3128 auferret,
1050 3086 1111 3120 cum
1136 3086 1168 3121 ex

635 3141 732 3191 loculis
756 3139 953 3206 mitigationem
974 3144 1166 3210 concupiscen-

636 3211 681 3260 tiae
690 3210 815 3273 haberet;
832 3211 919 3271 tertio,
934 3221 964 3262 ut
974 3213 1080 3263 doceret
1095 3214 1166 3278 quod

636 3282 788 3332 minoribus
809 3283 966 3348 temporalia
985 3294 1048 3334 sunt
1069 3284 1168 3334 traden-

635 3353 678 3413 da,
693 3353 739 3404 sed
761 3352 909 3419 majoribus
930 3353 1079 3420 spiritualia
1093 3368 1167 3402 com-

634 3424 778 3486 mittenda;
794 3435 899 3490 quarto,
916 3435 946 3475 ut
962 3441 1011 3476 nos
1029 3425 1166 3474 instruens

636 3495 786 3546 ostenderet
799 3510 880 3562 quam
898 3510 992 3561 parurn
1011 3494 1167 3559 temporalia

635 3575 747 3626 curaret,
761 3567 869 3632 quando
879 3567 987 3617 bursam
1000 3565 1119 3630 pecuniae
1130 3563 1168 3614 fu·

635 3636 659 3686 ri
669 3646 695 3687 et
706 3635 831 3686 deteriori
842 3635 964 3698 tradidit3
979 3636 1064 3685 claves
1078 3644 1166 3686 autem

637 3708 760 3759 Ecclesiae
774 3724 835 3758 cum
856 3722 952 3773 magna
973 3706 1168 3758 examinatione

635 3778 773 3829 commisit
798 3779 885 3839 Petro,
907 3777 979 3844 quod
1010 3786 1050 3827 est
1076 3786 1168 3828 contra

636 3851 697 3904 illos
723 3850 770 3918 qui
793 3864 856 3902 suas
881 3848 1005 3912 animas,
1029 3850 1070 3901 vel
1096 3850 1166 3902 alio-

1038 3964 1067 4018 13
