2632 4320
152 248 199 298 DE
212 249 497 321 CONSPIRATIONE
513 253 735 305 PONTIFICUM
752 255 798 304 ET
815 255 1088 308 PHARISAEORUM.
1134 254 1181 323 145

558 450 693 501 ORATIO

130 611 293 676 nignissime
304 615 374 674 lesu,
391 615 438 680 qui
457 615 668 680 quatriduanum
692 617 822 667 Lazarum
840 618 893 682 jam
907 618 1044 668 foetentem
1060 633 1075 668 a
1090 619 1182 684 sepul-

78 700 127 736 nro
141 687 316 749 resuscitasti,
331 700 357 739 et
375 689 520 739 avinculis
540 691 649 754 solvere,
665 706 694 740 ac
706 690 789 741 libere
803 692 877 742 abire
899 692 994 754 fecisti,
1011 703 1177 754 moveantur,

61 756 179 817 obsecro,
200 757 301 808 viscera
316 759 506 810 misericordiae
522 769 574 810 tuae
596 777 674 826 super
698 777 741 811 me
757 762 896 823 miserum,
912 764 1008 829 peccati
1026 763 1182 815 delectatio-

62 844 101 882 ne.
117 845 252 880 consensu
266 842 293 882 et
313 833 509 898 perpetratione
534 843 685 894 mortuum,
708 834 779 884 mole
800 836 877 886 malae
900 837 1105 886 consuetudinis
1127 852 1179 902 op-

60 917 182 966 pressum
197 912 223 952 et
236 904 381 969 sepultum,
393 905 501 970 jamque
515 905 724 971 quatriduanum
736 916 762 956 et
771 905 909 974 foetidum;
920 917 946 959 et
954 923 997 957 me
1011 923 1026 958 a
1040 907 1182 973 sepulchro

58 976 186 1026 vitiorum
210 977 347 1038 resuscita,
375 988 406 1028 ut
430 994 476 1044 per
501 978 700 1029 confessionem
724 979 930 1034 foras'veniam.
952 981 1179 1032 Resuscitatuma

58 1046 172 1098 vinculis
184 1057 353 1112 peccatorum
368 1058 394 1098 et
407 1049 503 1099 mortis
526 1049 599 1100 solve
607 1065 614 1113 ;
629 1051 749 1101 solutum
764 1051 798 1101 ab
812 1053 886 1103 omni
901 1052 1037 1112 servitute,
1052 1051 1178 1112 liberunt,

58 1119 86 1167 in
103 1119 256 1170 libertatem
273 1119 363 1185 gloriae
374 1118 491 1171 filiorum
503 1121 551 1171 Dei
567 1121 605 1172 ire
622 1122 747 1174 concede.
762 1123 859 1176 Amen.

460 1526 627 1598 CAPUT
648 1529 772 1598 XVIII

156 1776 209 1843 De
233 1775 489 1867 conspiratione
513 1776 729 1867 Pontificum
750 1786 782 1843 et
806 1777 1072 1846 Pharisaeotnm

482 1901 605 1960 contro
627 1891 757 1958 Jesum.

473 2141 606 2204 loannis
631 2161 699 2224 cap.
721 2163 771 2204 rr.

90 2397 100 2431 r
118 2382 272 2434 Concruruu
286 2399 302 2430 a
319 2383 466 2432 Pnnnrsnrs
486 2396 590 2431 conrna

52 2453 138 2504 lasura
161 2468 325 2503 comiserunt.
340 2481 371 2490 -
387 2453 514 2504 Praedicto
537 2451 590 2502 ita-

54 2538 107 2588 que
123 2523 255 2573 miraculo
269 2523 302 2573 de
325 2522 530 2574 resuscitatione
543 2523 590 2572 La-

53 2595 108 2644 zari
124 2594 269 2661 publicato,
283 2595 438 2658 Pontifices,
455 2594 503 2661 qui
515 2603 590 2644 erant

56 2666 168 2731 majoris
186 2666 352 2717 auctoritatis
368 2676 395 2717 et
409 2666 495 2732 magis
515 2665 589 2717 litte-

56 2736 115 2796 rati,
138 2743 165 2786 et
184 2736 332 2799 Pharisaei,
359 2737 407 2803 qui
431 2736 590 2787 videbantur

57 2822 111 2873 prae
133 2807 195 2859 aliis
216 2808 345 2874 religiosi,
363 2824 404 2858 ex
424 2807 524 2874 quibus
547 2807 589 2858 fa-

56 2888 128 2929 ctum
153 2894 249 2930 eorum
284 2881 392 2946 gravius
419 2890 491 2939 erat,
520 2879 588 2931 moti

58 2959 120 3000 sunt
132 2951 165 3000 ad
175 2952 345 3001 tractandum
356 2951 464 3017 publice
474 2951 507 3001 de
520 2967 589 3001 nor·

59 3031 84 3071 te
104 3021 206 3073 Christi
225 3038 258 3072 ex
276 3022 315 3072 ira
339 3032 364 3072 et
386 3021 488 3072 invidia
506 3038 588 3088 quam

60 3093 90 3144 de
101 3094 170 3145 fama
184 3104 210 3144 et
224 3094 310 3160 gloria
325 3096 382 3161 ejus
399 3095 544 3146 habebant.
556 3097 589 3146 Et

61 3165 91 3214 ad
104 3165 156 3216 hoc
167 3165 320 3226 faciendum
338 3167 507 3232 collegerunt
524 3182 588 3218 con-

64 3235 156 3301 cilium,
175 3237 288 3288 sabbato
307 3252 371 3287 mox
391 3237 525 3303 sequenti,
535 3237 588 3287 ad-

64 3319 151 3358 tersus
168 3307 271 3372 Jmum,
286 3307 414 3358 timentes
428 3308 451 3358 si
467 3307 588 3358 dImitte·

65 3389 118 3429 rent
141 3395 203 3431 eum
235 3378 275 3430 sic
298 3378 433 3430 viventem
462 3390 489 3430 et
510 3379 589 3446 signa

65 3449 120 3502 ulia
144 3452 303 3512 sedentem,
323 3467 370 3518 per
393 3453 484 3518 ipsum
504 3453 587 3503 amit-

65 3527 113 3573 tere
131 3533 157 3574 et
178 3525 268 3575 locum
287 3533 313 3573 et
335 3532 452 3590 gentem,
463 3539 495 3574 eo
514 3525 587 3590 quod

64 3593 145 3645 omnis
160 3595 240 3646 turba
256 3604 318 3661 post
340 3609 403 3644 eum
428 3594 489 3656 iret,
508 3595 588 3660 eique

10 3720 13 3731 ,
66 3663 189 3729 crederet3
205 3675 232 3716 et
252 3665 309 3730 ipsa
323 3679 397 3715 sacra
417 3680 587 3716 eorumvana

65 3739 87 3781 et
108 3735 234 3786 abolenda
255 3750 314 3786 esse
337 3735 462 3785 doceret.
494 3735 588 3787 Conci-

15 3822 18 3831 ·
66 3799 125 3854 lium
151 3821 181 3858 a·
199 3805 365 3858 concinando
397 3815 437 3855 est
463 3805 585 3867 dictum,
611 3856 616 3869 ,

124 3920 193 3974 Vni
209 3922 274 3974 lesu
291 3920 412 3983 Cunrsrr,
431 3935 519 3973 rotrus
535 3921 579 3973 lll.

644 2377 707 2444 quia
732 2379 867 2430 conciliati
888 2389 914 2430 et
937 2379 1087 2445 congregati
1104 2388 1177 2429 erant

644 2449 672 2499 in
696 2465 783 2500 unum
819 2451 921 2500 malum
943 2464 1115 2499 consensum.
1142 2450 1175 2498 Et

643 2519 695 2568 hoc
708 2528 764 2569 erat
777 2518 897 2584 primum
920 2517 1074 2576 concilium,
1101 2518 1175 2582 quod

643 2593 797 2642 habuerunt
837 2599 930 2640 contra
954 2591 1068 2649 ,lesum
1098 2589 1176 2639 Prius

643 2664 752 2731 quidem
771 2664 926 2730 quaerebant
938 2677 1001 2712 eum
1016 2660 1170 2724 interficere,

642 2751 713 2785 nunc
743 2744 832 2786 autem
859 2733 1020 2784 sententiam
1045 2732 1171 2783 firmave-

642 2817 714 2872 runt,
732 2819 758 2859 et
767 2816 915 2874 quaerentes
934 2805 1087 2866 concilium,
1102 2821 1178 2872 aper-

642 2880 716 2930 tede
739 2887 825 2928 morte
847 2877 904 2943 ejus
925 2885 1112 2927 tractaverunt.
1128 2874 1173 2926 Vi-

642 2953 740 3003 debant
766 2950 839 3002 enim
869 2949 1045 3000 Christuma
1073 2947 1174 3014 populo

642 3034 769 3088 tanquam
792 3036 882 3085 regem
901 3019 1038 3084 honorari,
1061 3028 1087 3070 et
1108 3019 1175 3085 quia

642 3095 797 3145 mandatum
829 3094 1014 3144 Romanorum
1050 3101 1116 3152 erat,
1141 3101 1173 3142 ut

642 3168 733 3218 nullus
757 3165 810 3217 nisi
835 3181 882 3232 per
916 3180 962 3216 eos
987 3166 1095 3215 deberet
1124 3178 1171 3215 rex

643 3237 776 3289 nominari
793 3237 908 3289 :Omnis
927 3237 996 3288 enim
1008 3236 1066 3302 vqui
1079 3249 1109 3285 se
1129 3247 1175 3284 re-

619 3323 702 3375 ·gem
728 3307 819 3374 facit,
850 3307 1014 3359 contradicit
1044 3303 1171 3364 Caesari,-

641 3381 702 3432 ideo
731 3379 861 3430 timebant
882 3378 955 3446 quod
985 3377 1008 3426 si
1034 3374 1174 3426 Christum

641 3463 769 3518 tanquam
795 3466 884 3518 regem
899 3449 1035 3507 haberent,
1053 3443 1170 3497 Romani

641 3524 715 3589 ipsos
734 3521 856 3574 rebelles
879 3526 1045 3585 reputarent,
1074 3525 1102 3565 et
1128 3528 1176 3564 ve-

641 3594 746 3644 nientes
780 3600 872 3642 contra
895 3604 949 3649 eos,
982 3586 1117 3637 civitatem
1147 3591 1173 3635 et

640 3665 730 3714 locum
753 3663 929 3713 destruerent.
957 3656 1007 3707 Vel
1040 3653 1173 3705 timebant

640 3735 730 3795 etiam,
745 3749 779 3784 ne
794 3733 817 3783 si
828 3729 931 3783 Christi
942 3725 1063 3778 doctrina
1076 3739 1172 3791 proce-

640 3808 723 3868 deret,
734 3805 867 3872 templum
884 3811 912 3853 et
924 3798 1049 3851 universa
1068 3797 1173 3865 religi0‚

1051 3927 1081 3963 10
