2632 4320
337 307 339 311 ,
358 305 361 310 ,
388 253 435 304 DE
452 252 657 304 saNnrloNE
671 252 848 305 LUNATICI.
1138 277 1173 330 ²9

71 364 93 420 'ct
101 368 145 419 alta
157 368 234 434 petit,
251 384 300 419 nec
316 384 370 419 non
384 368 413 419 in
427 366 524 436 aqua'm
537 383 588 418 vo·

73 440 184 508 luptatum
212 451 239 491 et
262 440 439 507 cupiditatum
461 441 587 491 submer-

72 511 110 578 git;
134 512 260 572 decimo,
285 512 391 562 aridum
413 511 515 570 reddit,
541 526 588 576 per

72 585 159 647 otium,
187 600 236 635 seu
263 583 397 650 ignaviam
423 595 449 635 et
476 584 588 634 indevo-

71 655 167 719 tionem3
184 655 339 715 undecimo,
349 655 394 705 vix
406 655 528 718 discedit,
541 669 588 720 per

70 729 150 794 peccati
167 727 405 792 consuetudinem;
418 727 587 786 duodecimo,

68 798 164 849 dilaniat
187 809 215 849 et
242 798 375 860 dilacerat,
405 813 451 863 per
477 806 588 848 natura-

68 869 120 920 lium
148 868 375 920 vulnerationem.
400 869 471 919 Dum
499 879 588 919 autem

67 957 119 1008 puer
137 944 170 994 ad
197 943 286 992 Deum
312 941 420 1002 accedit,
448 940 589 991 conturba-

67 1023 113 1079 tur;
141 1013 208 1080 quia
236 1027 306 1078 saepe
335 1022 395 1078 post
425 1021 529 1078 peccata
555 1010 588 1060 ad

64 1083 138 1135 ileum
159 1084 283 1135 conversi
310 1083 396 1148 magis
419 1098 434 1132 a
454 1080 589 1132 daemonio

65 1155 261 1222 impugnantur,
286 1165 317 1206 ut
340 1157 381 1206 vel
406 1170 453 1221 per
477 1153 588 1204 taedium

64 1225 186 1276 virtutum
208 1236 234 1276 et
250 1225 355 1276 labores
369 1223 533 1291 poenitentiae
548 1238 590 1273 ex-

62 1297 146 1358 cutiat,
168 1305 195 1347 et
216 1297 249 1346 ad
272 1297 336 1347 vitia
359 1297 475 1358 reducat,
495 1294 535 1346 vel
556 1295 589 1343 de

61 1383 102 1420 sua
120 1367 278 1434 expulsione
297 1383 325 1417 se
346 1367 472 1418 vindicet.
495 1366 539 1416 Sic
561 1364 590 1414 in

61 1441 191 1506 primitiva
206 1440 325 1492 Ecclesia
337 1441 420 1491 multa
434 1438 524 1505 gravia
537 1452 590 1488 cer·

61 1513 156 1565 taurina
171 1514 227 1564 illis
244 1514 378 1579 apposuit,
394 1529 463 1579 quos
483 1527 532 1562 suo
553 1526 590 1560 re·

60 1600 110 1650 gno
133 1583 294 1635 subtrahere
309 1583 403 1635 voluit.
422 1583 483 1632 Non
501 1590 589 1632 autem

10 1678 13 1685 ·
55 1673 122 1724 puer
132 1658 189 1709 vim
208 1657 322 1723 patiens,
337 1657 384 1707 sed
398 1654 520 1706 diabolus
533 1654 590 1705 vim

60 1728 182 1790 inferens,
202 1728 370 1793 increpatur;
390 1727 454 1793 quia
467 1726 514 1794 qui
535 1742 591 1793 pec-

58 1810 162 1850 cantem
173 1800 232 1849 vult
251 1813 354 1858 sanare,
366 1797 462 1848 vitium
475 1796 590 1848 odiendo

60 1869 139 1919 debet
151 1883 259 1935 arguere
272 1868 457 1932 etdepellere,
476 1868 523 1918 sed
545 1867 591 1918 ho

56 1941 161 1990 minem
177 1939 296 1990 amando
310 1937 429 1988 refovere
449 1948 476 1988 et
488 1936 591 1987 eonfor-

58 2020 119 2061 tare.
142 2010 243 2060 Exiens
266 2025 328 2060 vero
352 2009 460 2059 daemon
483 2008 516 2059 ab
537 2008 590 2058 ho-

59 2081 130 2132 mine
145 2096 288 2147 nunquam
304 2080 453 2142 revertitur,
470 2079 493 2130 si
507 2079 591 2130 homo

58 2167 105 2203 cor
120 2167 203 2203 suum
217 2152 290 2202 clave
305 2151 466 2202 humilitatis
482 2159 508 2202 et
527 2150 592 2201 cari·

60 2223 119 2273 tatis
132 2221 291 2274 servaverit,
299 2221 427 2272 Exiturus
440 2233 528 2273 autem
539 2221 592 2272 dis-

642 366 722 417 lidem
738 369 878 421 remissam
893 369 1036 433 habebant,
1049 389 1104 424 non
1118 376 1172 427 sic-

643 446 671 491 at
684 456 802 506 granum
819 443 932 510 sinapis,
950 445 1013 511 quia
1031 462 1086 497 non
1109 462 1173 500 cum

641 511 732 563 debito
758 512 860 564 fervore
878 516 1029 576 credebant,
1050 527 1080 568 ut
1106 535 1171 585 prae·

641 583 718 649 cipue
750 584 802 651 ipsi
830 584 915 638 facere
932 589 1089 640 'debebant
1120 592 1171 642 Ni-

642 653 681 704 hil
703 655 775 705 enim
796 656 964 722 impossibile
989 659 1039 711 erit
1061 660 1171 714 habenti

641 725 788 779 ferventem
812 728 901 789 fidem,
926 742 952 782 et
978 748 1025 798 per
1051 734 1173 786 dilectio·

642 813 703 848 nem
718 810 882 864 operantem,
904 802 946 851 cui
963 818 1100 869 nunquam
1115 806 1173 856 suf-

641 866 696 917 ficit
723 869 795 933 quod
825 870 893 921 bene
919 872 1014 937 gessit.
1051 875 1173 941 Granum

642 940 743 1006 quippe
757 941 859 1008 sinapis
874 953 914 994 est
931 945 1076 1009 modicum,
1092 946 1176 1005 fervi-¹

642 1010 717 1070 dum,
737 1025 858 1062 amarum
884 1023 910 1063 et
933 1014 1030 1065 veneni
1054 1018 1174 1082 expulsi-

641 1095 716 1130 vum.
729 1081 759 1130 In
774 1081 824 1131 hoc
838 1098 901 1148 ergo
914 1084 985 1148 quod
1007 1083 1051 1135 hic
1064 1100 1173 1152 compa-

643 1163 683 1203 rat
692 1152 771 1203 fidem
784 1170 868 1220 grano
879 1155 990 1221 sinapis,
1004 1156 1091 1207 innuit
1101 1162 1174 1224 quod

642 1224 740 1275 debent
754 1225 853 1276 habere
867 1225 946 1276 fidem
967 1227 1109 1288 modicam,
1128 1246 1176 1295 per

643 1294 837 1360 humilitatem3
858 1296 997 1357 fervidam,
1021 1313 1069 1362 per
1093 1299 1175 1351 devo·

643 1365 763 1432 tionem,
790 1383 922 1427 amaram,
948 1384 995 1435 per
1019 1369 1174 1424 tribulatio÷

643 1457 707 1491 num
731 1443 947 1507 perpessionem3
962 1444 1057 1495 veneni
1075 1447 1175 1498 erroris

642 1514 817 1579 expulsivam,
841 1531 887 1581 per
912 1517 1101 1570 sinceritatem.
1125 1520 1175 1570 Se-

642 1585 761 1635 cundum
776 1587 953 1650 Ambrosium,
971 1603 1087 1653 granum
1101 1590 1176 1642 sina·

643 1653 737 1719 pieres
749 1665 789 1705 est
803 1656 924 1720 simplex,
936 1669 961 1707 et
974 1657 996 1707 si
1012 1658 1107 1709 teritur
1119 1660 1175 1711 vim

643 1739 718 1773 suam
733 1723 837 1787 fundit;
859 1726 896 1776 sic
918 1727 985 1778 fides
1005 1728 1120 1793 simplex
1132 1732 1177 1782 vi·

643 1795 729 1854 detur,
744 1805 770 1845 et
789 1795 811 1845 si
831 1806 957 1847 atteratur
969 1798 1097 1859 adversis,
1113 1817 1175 1866 gra·
1262 1853 1265 1860 ,

643 1863 709 1914 tiam
725 1879 781 1915 suae
794 1864 902 1916 virtutis
912 1866 1035 1918 effundit.

673 1951 691 2000 4
715 1936 816 1986 Saravus
841 1952 959 1988 mornas
983 1954 1047 1996 ouis
1069 1953 1125 1990 asr.
1144 1967 1176 1978 -

643 2007 746 2058 Deinde
762 2007 864 2059 reducit
877 2024 923 2059 eos
937 2010 969 2060 ad
984 2010 1174 2071 humilitatem,

643 2077 779 2127 monendo
795 2094 828 2128 ne
844 2079 905 2144 quis
921 2078 954 2129 de
973 2080 1100 2144 operibus
1114 2081 1175 2146 glo·

642 2149 734 2210 rietur,
745 2151 791 2200 sed
804 2150 929 2202 humiliet
941 2167 970 2202 se
982 2152 1046 2216 Deo,
1062 2152 1105 2202 cui
1119 2154 1175 2218 jure

643 2222 803 2288 obsequium
823 2224 943 2284 debetur,
965 2224 1056 2289 dicens
1079 2242 1085 2276 ε
1108 2227 1175 2277 Cum

60 2295 141 2360 cerpit
153 2309 228 2354 eum,
242 2292 306 2358 quia
323 2293 388 2343 dum
409 2294 442 2343 de
456 2293 535 2343 corde
550 2308 592 2343 ex·
638 2291 763 2357 feceritis
778 2294 867 2344 omnia
886 2309 946 2359 quae
960 2302 1098 2362 praecepta
1115 2303 1177 2347 sunl

61 2367 174 2432 pellitur,
197 2365 313 2425 acriores
332 2365 361 2415 in
382 2380 413 2416 eo
431 2365 592 2417 tentationes

60 2450 178 2506 generat3
193 2449 220 2489 et
234 2438 362 2489 liberatus
371 2455 387 2489 a
396 2439 519 2490 daemone
533 2440 591 2490 vel-

60 2523 89 2564 ut
109 2525 237 2565 mortuus
251 2512 370 2575 videtur;
385 2513 433 2578 qui
447 2512 521 2563 enim
535 2522 590 2562 ter-

61 2601 123 2638 rena
135 2583 271 2638 desideria
286 2585 400 2650 subegit,
415 2585 498 2636 vitam
520 2585 548 2634 in
564 2602 592 2635 se

61 2659 170 2710 carnalis
179 2657 391 2709 conversationis
400 2657 555 2723 exstinguit,
567 2669 593 2709 et

55 2731 160 2781 mundo
175 2737 302 2779 mortuus
313 2738 431 2794 apparet.
450 2728 538 2788 Quem
549 2744 593 2779 au-

60 2813 112 2854 tem
132 2801 222 2853 hostis
244 2811 351 2852 mortuo
370 2801 488 2852 similem
504 2802 593 2853 reddi-

60 2874 106 2933 dit,
120 2873 194 2924 hunc
210 2873 331 2923 Salvator
348 2871 399 2938 piae
418 2873 530 2923 dexterae
550 2883 593 2924 ta-

62 2954 104 2994 ctu
121 2943 246 3002 elevavit,
260 2943 289 2993 in
308 2959 363 3008 quo
381 2943 532 2995 ostenditur
545 2944 593 2994 Dei

61 3014 207 3077 auxilium3
223 3022 249 3063 et
263 3013 387 3074 surrexit,
401 3013 428 3064 in
444 3030 498 3081 quo
512 3031 594 3065 mon-

10 3118 12 3129 ·
61 3094 158 3136 stratur
188 3083 311 3134 hominis
337 3083 475 3144 studium,
504 3085 593 3151 primo

61 3155 134 3207 enim
149 3155 224 3206 Deus
238 3169 288 3205 nos
308 3156 389 3219 iuvat,
403 3155 501 3205 deinde
515 3169 530 3204 a
542 3171 595 3204 no-

10 3248 12 3289 :
62 3226 102 3278 bis
118 3225 269 3292 requiritur
281 3235 311 3275 ut
327 3225 427 3276 bonum
442 3239 593 3290 operemur.

92 3296 106 3348 3
129 3298 226 3347 Gaauo
248 3311 346 3346 sinaris
365 3311 439 3346 ernas
460 3311 594 3346 counian-

62 3382 124 3419 τοι.
138 3395 171 3405 -
187 3367 299 3417 Etcum
318 3365 345 3416 in
362 3366 467 3416 domum
481 3365 594 3418 introis-

58 3444 110 3501 ·tet,
124 3436 254 3504 discipuli
274 3441 376 3487 secreto
390 3436 595 3501 interrogabant
615 3489 618 3495 ,

62 3507 163 3570 lesum,
189 3520 273 3572 quare
300 3506 353 3571 ipsi
378 3519 429 3557 non
450 3512 596 3571 potuerunt

65 3577 158 3644 ejicere
184 3578 268 3629 illum.
293 3578 332 3629 Et
355 3577 456 3628 dixit:
478 3579 596 3644 Propter

68 3647 279 3701 incredulitatem
305 3652 431 3699 vestram.
456 3649 516 3700 Non
545 3648 596 3698 di-

67 3729 162 3771 cuntur
182 3718 308 3784 discipuli
336 3718 467 3770 increduli
489 3731 597 3787 propter

68 3787 197 3840 delectum
222 3787 300 3848 fidei,
326 3787 396 3838 sicut
419 3789 522 3851 Judaei,
550 3791 596 3841 sed

71 3870 174 3926 propter
185 3858 373 3911 remissionem
388 3859 500 3912 ferroris
513 3879 520 3912 ι
534 3877 596 3912 nam

644 2362 726 2423 rabie,
747 2362 836 2425 dicite,
853 2380 908 2414 non
932 2374 1036 2415 tantum
1055 2381 1109 2430 ore,
1130 2366 1176 2416 sed

644 2443 670 2482 et
685 2432 772 2493 corde,
790 2448 824 2483 ne
839 2433 874 2484 sit
889 2442 994 2484 tantum
1008 2436 1107 2485 vocalis
1122 2437 1176 2486 hu-

645 2504 754 2564 militas,
766 2505 812 2554 sed
825 2514 851 2555 et
864 2504 943 2554 realis
956 2520 963 2552 :
976 2505 1056 2554 Servi
1069 2505 1177 2555 inutiles

644 2588 743 2635 sunaus,
759 2574 829 2638 quod
842 2573 982 2630 ,debuimus
994 2574 1091 2638 facere
1100 2574 1176 2639 seci-

645 2659 721 2706 mus;
731 2659 779 2693 nec
792 2659 840 2694 vos
848 2643 958 2708 jactetis,
971 2645 1034 2711 quia
1047 2646 1113 2696 bene
1126 2661 1178 2697 ser-

644 2713 733 2777 vistis;
750 2713 819 2763 nihil
830 2713 904 2764 enim
919 2712 1019 2764 fecistis
1033 2715 1105 2780 quod
1121 2731 1176 2766 non

645 2784 784 2837 debuistis.
809 2785 892 2845 Quasi
920 2787 1019 2837 diceret
1045 2803 1051 2835 :
1080 2787 1176 2848 Dicite,

646 2857 758 2923 gratiam
776 2872 831 2906 non
850 2857 1015 2922 meruimus5
1032 2859 1079 2908 sed
1100 2858 1178 2908 debi-

646 2939 703 2978 tum
721 2927 859 2979 servitium
879 2929 1007 2979 solvendo
1022 2944 1114 2995 poenas
1134 2929 1178 2978 vi-

647 2999 771 3049 tavimus.
786 2999 837 3049 Sed
851 3011 968 3050 econtra
983 3001 1101 3066 superbi,
1116 3017 1178 3050 cum

647 3085 817 3137 nequaquam
843 3071 943 3132 omnia,
970 3074 1018 3124 sed
1041 3073 1178 3125 modicum

647 3143 713 3208 quid
732 3159 825 3193 eorum
839 3159 900 3209 quae
915 3154 1043 3210 praecepta
1059 3155 1121 3196 sunt
1134 3145 1178 3194 ta-

647 3215 729 3274 ciunt,
745 3231 800 3265 non
815 3215 902 3265 solum
917 3232 979 3266 mox
992 3217 1025 3266 de
1039 3232 1087 3267 sua
1099 3216 1179 3282 justi-

647 3285 684 3336 tia
694 3295 868 3350 praesumunt,
875 3286 921 3335 sed
931 3297 957 3337 et
968 3285 1090 3336 infirmos
1101 3300 1179 3351 quos-

648 3374 701 3426 que
721 3357 880 3424 despiciunt.
908 3360 969 3410 Non
989 3360 1063 3410 enim
1085 3373 1179 3408 sumus

648 3431 742 3491 nostri,
759 3431 804 3481 sed
824 3432 902 3493 servi,
924 3433 988 3498 quia
1006 3431 1095 3498 pretio
1119 3445 1180 3481 ma-

648 3520 704 3572 gno
725 3504 805 3570 empti
809 3520 820 3566 ;
841 3514 867 3555 et
888 3521 951 3570 ergo
969 3504 1085 3562 Christo,
1104 3504 1180 3568 eujus

649 3578 735 3644 pretio
755 3577 838 3643 empti
858 3593 961 3638 sumus,
983 3576 1081 3626 servire
1103 3585 1181 3627 tene-

650 3666 720 3709 mur,
736 3658 762 3700 et
779 3650 850 3700 nihil
863 3651 986 3700 omittere
1003 3647 1075 3712 quod
1097 3648 1181 3700 debe-

649 3737 720 3782 mus,
737 3736 785 3772 nec
803 3720 904 3786 aliquid
926 3719 1010 3770 facere
1030 3719 1102 3784 quod
1124 3737 1180 3771 non

649 3793 787 3842 debemus.
804 3791 878 3841 Unde
898 3790 998 3839 Seneca
1016 3805 1024 3840 :
1040 3791 1181 3856 «Sapiens

650 3861 719 3912 nihil
742 3861 804 3912 facit
827 3860 899 3926 quod
919 3875 973 3908 non
999 3859 1086 3920 debet,
1112 3859 1181 3910 nihil
