2632 4320
340 301 526 356 odouacro
543 300 714 352 CONSILllS
733 303 974 358 EVANGELICIS.
1152 328 1187 381 99

69 423 130 487 ipse
143 421 223 472 debet
239 421 314 486 prius
330 419 357 469 id
372 420 444 486 quod
459 418 552 485 purius
564 428 603 468 est

66 492 121 543 sibi
142 491 342 557 incorporasse;
363 490 434 540 sicut
459 498 602 554 postquam

66 563 96 613 id
109 563 185 629 quod
201 561 295 628 purius
316 570 356 612 est
375 561 403 610 in
426 560 513 619 urina,
533 575 602 609 con-

64 650 178 686 versum
194 644 220 685 et
238 634 267 684 in
283 632 459 683 substantiam
484 630 551 690 aliti,
568 647 602 680 ex

65 715 131 756 tunc
141 706 234 771 liquor
243 703 356 754 urinalis
367 701 513 768 egreditur.
523 702 601 753 Unde

64 777 136 827 sicut
153 777 257 826 malum
278 775 387 840 signum
402 773 482 823 estin
497 785 599 833 natura,

64 849 175 914 quando
206 848 296 912 liquor
317 844 429 895 urinalis
449 844 599 909 indigestus

63 930 90 971 et
108 920 211 970 crudus
225 918 372 980 emittitur;
389 917 427 967 sic
439 918 540 966 malum
554 915 599 965 in-

63 991 170 1041 dicium
189 988 276 1040 estin
291 989 423 1048 moribus,
442 986 554 1054 quando
571 986 600 1036 id

62 1065 138 1133 quod
146 1065 267 1122 docetur,
282 1062 358 1128 prius
379 1077 458 1127 opere
479 1076 533 1110 non
548 1059 596 1110 im-

60 1137 160 1201 pletur.
171 1136 248 1193 Item,
260 1131 399 1200 lyncurius
413 1130 517 1182 coniert
538 1146 599 1182 con·

60 1205 177 1272 stipatis,
193 1213 219 1255 et
230 1215 351 1254 ventrem
365 1202 465 1265 solvit·,
480 1203 522 1252 sic
534 1216 596 1252 cum

60 1278 146 1345 aliqui
157 1276 230 1343 pleni
240 1276 319 1326 malis
333 1273 494 1325 humoribus
506 1289 598 1339 pecca-

59 1362 162 1410 torum,
185 1365 233 1415 per
252 1348 451 1399 confessionem
472 1362 518 1397 eos
541 1361 598 1411 ege-

60 1439 118 1474 rere
131 1430 282 1488 nequeunt,
300 1435 368 1484 saepe
385 1419 452 1469 tales
475 1432 507 1467 ex
527 1431 597 1483 prae-

59 1492 195 1544 dicatione
207 1489 365 1556 exemplaris
376 1488 437 1548 viri,
448 1487 522 1552 cujus
542 1485 598 1536 rita

60 1564 120 1628 plus
150 1561 278 1628 praedicat
305 1575 387 1626 quam
409 1556 537 1616 doctrina,
559 1572 597 1607 re·

59 1636 182 1686 medium
191 1642 403 1699 consequuntur.
416 1629 596 1681 Undecimum

60 1709 219 1769 consilium,
237 1707 310 1773 quod
325 1715 365 1756 est
382 1704 474 1755 vitatio
489 1704 595 1755 sollici-

57 1781 172 1845 tudinis,
191 1781 314 1846 signatur
329 1794 375 1844 per
387 1777 505 1843 lapidem
519 1776 595 1827 acha-

57 1863 122 1906 tem.
131 1853 250 1904 Achates
270 1861 310 1902 est
323 1850 395 1916 nigri
412 1848 517 1909 coloris,
530 1865 592 1899 curn

57 1925 125 1975 albis
150 1924 231 1974 venis
255 1922 435 1972 intermixtus
463 1919 493 1970 lu
513 1919 592 1986 nigro

56 2007 144 2046 autem
158 1995 249 2045 colore
264 1994 421 2059 designatur
441 1990 590 2051 humilitas,

57 2077 82 2116 er
102 2066 248 2131 despectus
269 2064 375 2124 mundi,
395 2071 541 2130 quaesunt
563 2060 591 2110 in

58 2135 113 2188 istis
142 2135 194 2202 qui
215 2150 232 2185 a
252 2133 433 2185 sollicitudine
463 2143 592 2198 tempora·

58 2207 121 2259 lium
136 2207 340 2258 suntasbtracti
348 2222 355 2270 3
372 2221 437 2256 nam
448 2204 499 2272 ipsi
512 2222 592 2256 mun-

58 2280 120 2331 dum
140 2278 308 2346 despiciunt,
333 2289 359 2329 et
380 2294 395 2328 a
414 2278 516 2329 mundo
538 2279 588 2328 de-

58 2352 136 2416 specti
160 2361 239 2402 sunt.
260 2350 312 2400 Sed
327 2350 355 2399 in
379 2349 430 2400 hac
455 2348 510 2399 vita
533 2365 588 2399 non

59 2431 141 2485 potest
163 2436 226 2472 esse
247 2420 323 2470 amni
347 2420 427 2469 modo
446 2418 588 2470 abstractio

59 2491 89 2540 ab
104 2491 182 2542 omni
204 2490 401 2550 sollicitudine,
420 2489 467 2539 sed
480 2498 589 2554 propter

61 2566 228 2617 necessitates
241 2563 371 2628 corporis,
387 2576 467 2627 parva
485 2560 588 2611 sollici-

61 2635 118 2686 tuo
132 2633 301 2701 permittitur
313 2633 395 2684 etiam
408 2630 531 2698 perfectis
541 2648 551 2696 ·‚
561 2640 588 2681 et

63 2702 105 2755 boc
116 2703 285 2771 significatur
300 2719 347 2769 per
358 2718 439 2754 venas
453 2700 526 2752 albas
540 2701 585 2751 in-

10 2834 12 2839 ·
63 2775 204 2826 tetmixtas.
215 2775 292 2834 item,
307 2773 413 2824 achates
422 2787 526 2822 venena
539 2769 586 2821 lu-

10 2870 12 2901 ι
65 2858 107 2912 tat,
124 2849 205 2900 sitin
227 2849 310 2912 sedat,
333 2847 423 2898 visum
444 2845 531 2912 fovet3
546 2844 585 2919 sic

657 418 749 468 vitatio
765 420 955 472 sollicitudinis
966 437 1067 475 venena
1079 429 1188 479 munda-

658 491 685 540 ni
703 491 818 557 contagii
835 492 917 558 fugat,
939 509 1000 544 nam
1023 499 1114 549 omnia
1136 499 1187 551 ista

658 561 792 611 mundana
803 577 935 613 venenosa
951 575 1024 626 sunt,
1038 576 1063 616 et
1076 567 1121 617 vix
1130 569 1188 620 abs-

656 646 708 696 que
728 631 851 696 contagio
875 632 971 683 animae
996 639 1100 687 tractari
1121 655 1186 705 pos-

630 738 634 769 ,
654 711 734 764 sun13
749 701 823 761 item,
835 703 987 754 sollicitudo
997 709 1185 773 temporalium

655 772 729 822 sitim
745 783 879 838 provocat,
896 774 960 839 quia
972 778 1089 828 multum
1104 791 1185 830 attra-

655 845 706 909 hit,
729 855 754 895 et
773 862 868 896 avarus
896 863 950 896 non
972 850 1091 912 satiatur,
1115 854 1184 905 sicut

653 917 700 983 qui
719 933 858 984 nunquam
880 918 945 969 dicit
965 920 1074 986 sufficit3
1091 925 1136 974 sed
1150 927 1184 976 ab

653 990 724 1050 istis,
742 991 841 1041 scilicet
858 1007 965 1043 veneno
976 1003 1002 1043 et
1022 995 1076 1057 siti,
1091 998 1184 1050 vitatio

653 1062 843 1114 sollicitudinis
864 1080 910 1130 per
936 1066 1090 1131 oppositum
1111 1085 1182 1136 prae-

652 1144 754 1200 servat3
781 1150 842 1202 quae
874 1136 954 1186 etiam
986 1138 1058 1190 foret
1092 1141 1181 1192 visum

652 1209 868 1272 intellectualem,
893 1212 958 1278 quia
986 1215 1182 1278 quantominus

651 1279 817 1347 disgregatur
847 1283 880 1332 ad
915 1285 1081 1349 temporalia,
1108 1296 1181 1338 tanto

651 1349 809 1402 fortificatur
828 1353 861 1401 ad
888 1352 1046 1418 spiritualia.
1072 1356 1182 1407 Duode-

651 1422 752 1472 cimum
770 1424 925 1484 consilium,
946 1427 1018 1491 quod
1034 1437 1074 1476 est
1088 1427 1182 1479 frater-

650 1508 684 1543 na
705 1494 846 1560 correptio,
869 1495 1036 1561 significatur
1060 1514 1107 1563 per
1121 1515 1181 1549 sar-

650 1562 734 1612 dium.
757 1564 867 1613 Sardius
896 1574 936 1615 est
965 1567 1062 1616 coloris
1093 1569 1182 1632 rubei,

649 1633 695 1681 sed
712 1633 772 1692 atri,
788 1633 857 1683 sicut
879 1643 947 1684 terra
962 1637 1058 1699 rubea;
1076 1639 1114 1688 sic
1125 1638 1182 1688 fra-

647 1712 723 1752 terna
737 1702 869 1767 correptio
886 1704 964 1755 debet
981 1721 1038 1755 esse
1055 1709 1137 1758 rubea
1149 1724 1182 1759 ex

647 1773 764 1833 caritate,
780 1773 845 1838 quia
866 1771 923 1823 fieri
946 1775 1033 1835 debet,
1049 1779 1095 1826 sed
1117 1779 1182 1844 quia

647 1846 742 1897 caritas
759 1846 810 1897 ista
828 1862 935 1913 semper
952 1857 991 1899 est
1012 1851 1181 1903 cumdolore

646 1929 672 1969 et
698 1918 895 1984 compassione,
920 1930 1029 1985 propter
1048 1921 1179 1973 delictum

645 1987 745 2050 fratris,
767 1989 826 2040 ideo
838 1991 919 2040 rubor
932 1991 977 2041 ille
988 2001 1028 2041 est
1043 1992 1181 2043 turbulen-

644 2071 697 2111 tus.
713 2060 789 2124 Item,
808 2061 914 2111 sardius
928 2061 1177 2128 restringitfluxum

645 2133 785 2199 sanguinis
793 2149 806 2196 3,
816 2133 854 2183 sic
864 2133 995 2199 correptio
1006 2134 1120 2185 fraterna
1132 2148 1179 2187 re·

644 2204 751 2270 stringit
765 2202 965 2255 fluxibilitatem
979 2207 1113 2272 peccandi,
1129 2221 1178 2273 pro

644 2284 745 2341 quanto
778 2289 825 2340 per
850 2275 1006 2340 hujusmodi
1035 2277 1179 2342 correptio-

643 2362 703 2396 nem
714 2345 793 2395 multi
801 2346 1000 2412 restringuntur
1011 2363 1026 2396 a
1036 2349 1178 2413 peccando.

643 2418 720 2478 item,
734 2418 839 2467 sardius
863 2419 983 2468 accendit
1002 2420 1123 2469 animum
1145 2419 1178 2470 ad

642 2487 782 2553 gaudium,
814 2497 840 2536 et
867 2488 938 2537 acuit
959 2488 1112 2553 ingenium3
1138 2488 1177 2538 sic

642 2559 775 2624 correptio
797 2557 913 2608 fraterna
937 2558 1045 2609 fratrem
1072 2560 1173 2609 bonum

642 2647 674 2681 ex
686 2639 748 2695 post
760 2628 831 2679 facto
846 2629 908 2679 facit
919 2630 1090 2695 gaudentem,
1103 2630 1175 2680 acuit

643 2703 722 2754 etiam
745 2702 896 2768 ingenium,
925 2703 998 2769 quia,
1025 2705 1174 2754 secundum

642 2775 821 2841 Apostolum:
835 2774 931 2825 Omnia
950 2790 1010 2841 quoe
1022 2783 1178 2842 arguuntur

642 2845 775 2896 alumine
790 2845 1012 2910 manifestantur.
1059 2896 1069 2926 ι

547 3067 682 3119 ORATIO

27 3280 30 3285 .
91 3236 200 3290 Domine
213 3238 277 3292 lesu
293 3237 409 3299 Christe,
423 3240 480 3288 Rex
499 3251 585 3297 mens,
599 3248 625 3288 et
641 3238 716 3287 Deus
730 3251 821 3300 meus,
832 3237 880 3303 qui
895 3252 940 3287 me
951 3236 1044 3288 creasti
1061 3246 1087 3286 et
1099 3236 1175 3284 rede-

72 3308 141 3374 misti,
163 3322 189 3364 et
214 3312 326 3378 insuper
343 3312 376 3362 ad
396 3326 441 3362 me
454 3311 601 3378 regendum
626 3327 683 3361 non
699 3312 788 3361 solum
814 3320 946 3375 praecepta
960 3309 1066 3368 dedisti,
1083 3308 1128 3357 sed
1149 3317 1175 3356 et

72 3380 165 3433 ttttsrlia
175 3382 311 3442 addidisti,
326 3398 448 3449 regnunt,
463 3396 566 3449 quaeso,
581 3382 611 3432 in
625 3397 670 3433 me
682 3381 828 3440 constitue,
840 3391 868 3431 et
880 3396 925 3430 me
940 3395 1010 3445 rege.
1024 3379 1071 3428 llla
1094 3374 1177 3425 boni.

73 3456 134 3503 taret
145 3454 239 3504 caritas
249 3463 304 3514 tua,
318 3466 378 3520 quae
389 3464 416 3504 te
425 3455 512 3520 coegit
521 3454 553 3503 ad
568 3454 712 3503 creandum
725 3462 751 3503 et
763 3451 961 3512 redimendum,
977 3451 1035 3516 ipsa
1053 3456 1130 3512 cogat
1141 3445 1173 3496 ad

75 3524 214 3585 regendum.
228 3523 300 3584 Quid
313 3524 386 3575 enim
401 3525 541 3590 prodesset
554 3524 627 3591 quod
646 3523 800 3589 composuit
822 3532 849 3573 et
861 3521 952 3571 reiecit
970 3519 1076 3569 bonitas
1090 3527 1115 3566 et
1129 3531 1175 3567 ca-

76 3587 221 3656 itamari
234 3612 288 3648 non
301 3613 345 3649 me
358 3608 431 3665 regat
442 3598 548 3648 dextera
562 3595 627 3647 tua?
640 3597 712 3662 Rege
726 3611 790 3662 ergo
802 3609 856 3654 me,
870 3591 994 3651 Domme,
1008 3599 1035 3641 et
1046 3604 1127 3654 regna
1145 3588 1182 3640 in.

10 3693 13 3699 ·
79 3673 121 3723 me,
133 3676 169 3728 ut,
186 3676 212 3718 te
223 3680 330 3732 rectore,
341 3682 368 3722 te
380 3670 456 3735 duce,
466 3671 569 3721 valeam
584 3685 640 3720 non
654 3669 747 3721 solum
756 3681 820 3735 quae
829 3664 965 3733 precipis,
975 3663 1021 3715 sed
1036 3671 1064 3713 et
1075 3675 1175 3729 eaque

10 3763 13 3770 >
80 3738 181 3790 onnus
189 3739 265 3793 letus
278 3742 432 3810 adimplere.
446 3743 545 3794 Amen.
