2632 4320
106 290 160 341 400

105 394 135 445 in
149 391 227 443 terris
240 385 422 456 peccatoribus
434 384 545 436 Judaeis.
562 384 640 436 Unde

105 463 182 516 Beda
198 479 206 512 .·
221 480 235 508 a
250 458 302 509 Sed
324 468 350 510 et
372 457 453 508 hodie
474 471 592 522 quoque,
615 463 642 505 et

105 537 135 588 in
147 532 353 599 sempiternum,
368 543 409 580 vae
422 527 522 578 homini
535 527 577 577 illi
593 525 641 592 qui

106 607 139 658 ad
155 618 277 655 mensam
292 599 402 651 Domini
417 598 552 664 malignus
566 613 643 648 acce-

106 676 166 736 dit,
191 674 239 740 qui
264 670 373 721 insidiis
396 678 486 719 mente
508 667 642 727 conditis,

105 746 153 814 qui
168 741 323 811 praecordiis
337 741 429 807 aliquo
444 739 544 789 scelere
556 738 643 804 pollu-

104 826 148 869 tus
176 814 370 882 mysteriorum
403 811 505 863 Christi
533 809 645 861 secretis

104 887 262 956 participare
277 901 332 935 non
350 883 456 934 metuit.
471 883 503 932 Et
513 881 558 932 ille
570 880 644 931 enim

102 962 132 1014 ln
147 956 395 1023 exemplumludae,
411 953 512 1004 Filium
523 951 646 1003 hominis

104 1031 193 1095 tradit,
207 1046 261 1080 non
274 1027 388 1095 quidem
400 1025 501 1077 Judaeis
517 1033 644 1090 peccato-

105 1104 192 1165 ribus,
205 1102 251 1152 sed
261 1110 351 1151 tamen
361 1095 551 1165 peccatoribus
562 1111 645 1146 mem·

106 1176 172 1236 bris,
199 1172 322 1224 videlicet
349 1170 415 1233 suis,
448 1167 548 1234 quibus
576 1168 643 1223 illud

105 1244 294 1300 inaestimabile
307 1251 333 1294 et
354 1240 510 1292 inviolabile
531 1240 642 1290 Domini

106 1320 211 1384 Corpus
229 1314 328 1365 violare
351 1310 499 1378 praesumit.
525 1311 581 1372 Vae,
597 1309 643 1360 in-

105 1403 198 1456 quam,
213 1385 256 1437 illi
268 1383 368 1434 homini
379 1384 413 1432 de
427 1397 481 1448 quo
495 1382 579 1445 lesus,
594 1381 642 1447 qui

104 1458 234 1510 altaribus
254 1453 430 1504 sacrosanctis
451 1453 521 1503 inter
539 1450 642 1501 immo-

104 1530 232 1588 landum,
260 1535 354 1593 utpote
381 1524 519 1592 proposita
546 1539 644 1574 conse-

103 1612 225 1654 craturus
247 1599 340 1650 adesse
361 1614 416 1648 non
430 1597 578 1657 dubitatur,
593 1596 643 1646 ad-

104 1672 238 1724 stantibus
258 1670 311 1722 sibi
334 1668 469 1721 ministris
491 1668 643 1720 coelestibus

104 1743 236 1812 conqueri
258 1743 363 1810 cogitur
386 1759 393 1794 :
420 1742 507 1804 Ecce,
533 1740 641 1807 inquit,

104 1832 199 1869 manus
221 1816 354 1869 tradentis
369 1828 409 1865 me
425 1828 525 1865 mecum
549 1818 590 1864 est
615 1811 642 1862 in

104 1904 196 1941 mensa
215 1907 224 1940 .·
244 1907 258 1936 n
283 1887 341 1938 haec
355 1885 441 1937 Beda.
457 1885 498 1944 Et,
525 1893 555 1934 ut
577 1882 643 1934 dicit

105 1962 249 2028 Origenes,
264 1961 331 2011 tales
353 1968 417 2009 sunt
431 1971 527 2007 omnes
542 1954 570 2006 in
588 1956 643 2006 Ec-

104 2035 204 2096 clesia,
236 2033 284 2100 qui
320 2032 484 2083 insidiantur
512 2028 642 2080 fratribus

104 2105 170 2166 suis,
184 2121 247 2155 cum
261 2103 361 2170 quibus
375 2103 407 2153 ad
429 2100 551 2152 eamdem
569 2114 642 2149 men·

104 2192 163 2228 sam
190 2175 319 2242 Corporis
353 2171 455 2223 Christi
488 2170 642 2237 frequenter

103 2246 222 2298 fuerunt.

138 2334 152 2367 2
170 2319 352 2368 Panorcsuoaa
361 2329 528 2366 rnoorrrours
541 2329 639 2365 causta.

104 2416 135 2428 -
150 2387 275 2438 Praedixit
291 2396 381 2438 autem
393 2384 527 2435 Dominus
538 2384 571 2434 de
583 2399 642 2450 pro·

103 2459 207 2520 ditore,
235 2468 262 2510 et
284 2459 323 2510 sic
348 2474 410 2509 eum
440 2456 641 2523 quodammodo

102 2530 229 2582 revelavit
251 2528 351 2597 triplici
370 2529 402 2579 de
426 2543 504 2579 causa
519 2545 526 2578 :
542 2527 640 2593 primo,

102 2612 133 2655 ut
148 2602 187 2654 sic
201 2602 352 2653 ostenderet
376 2615 404 2652 se
418 2600 516 2661 Deum,
530 2598 578 2665 qui
594 2598 641 2650 fu-

102 2679 162 2723 tura
182 2672 367 2739 contingentia
392 2670 571 2737 praevidebat3
595 2686 640 2720 se-

102 2743 199 2803 cundo,
218 2751 248 2792 ut
270 2743 421 2793 ostenderet
445 2756 473 2791 se
495 2749 640 2806 spontanee

100 2811 168 2875 pati,
189 2811 256 2876 quia
271 2825 419 2877 praecavere
438 2819 542 2875 poterat
563 2823 639 2858 mor-

102 2887 168 2941 tem,
185 2896 268 2949 quam
292 2880 449 2947 praesciebat
456 2895 464 2943 ;
494 2878 583 2941 terti0,
610 2887 641 2930 ut

101 2953 223 3019 proditor
237 2953 387 3021 poeniteret,
412 2952 459 3019 qui
475 2968 503 3004 se
525 2969 581 3003 non
597 2952 639 3003 la-

101 3033 158 3073 tere
174 3023 309 3075 audiebat.
333 3024 410 3075 Unde
428 3023 639 3090 Hieronymus:

101 3109 116 3141 a
133 3091 186 3153 Qui
198 3093 232 3143 de
245 3092 374 3144 Passione
388 3094 556 3159 praedixerat,
570 3094 638 3144 etde

100 3164 238 3233 proditore
250 3164 380 3232 praedicit,
396 3166 464 3216 dans
480 3166 570 3216 locum
588 3181 641 3231 poe·

101 3238 233 3301 nitentiae,
256 3248 287 3289 ut
309 3252 371 3288 cum
385 3237 558 3289 intellexisset
577 3237 639 3288 sciri

100 3311 279 3377 cogitationes
295 3327 367 3372 suas,
385 3321 412 3362 et
425 3311 530 3362 occulta
551 3311 640 3361 cordis

99 3383 222 3448 consilia,
246 3382 387 3449 poeniteret
407 3396 470 3431 cum
492 3379 554 3431 facti
577 3380 638 3444 sui,

99 3462 127 3505 et
141 3464 232 3506 tamen
247 3471 301 3506 non
318 3454 442 3521 designat
456 3468 519 3503 eum
539 3451 637 3518 specia-

100 3524 171 3586 liter.
198 3541 232 3579 ne
250 3525 393 3577 manifeste
416 3533 559 3590 coargutus
584 3522 640 3573 im-

100 3597 256 3663 prudentior
269 3596 324 3658 flat,
338 3597 384 3647 sed
398 3594 482 3646 mittit
498 3594 601 3644 crimen
612 3593 639 3644 in

102 3681 233 3732 nurnero,
256 3678 287 3718 ut
311 3666 433 3718 conscius
454 3663 639 3732 poenitentiam

101 3747 184 3804 agat:
203 3738 285 3790 »haec
295 3735 640 3806 Hieronymus.Etnotan-

99 3807 166 3858 dum
176 3810 249 3876 quod
259 3825 274 3861 a
284 3810 348 3861 mali
363 3807 557 3876 perpetratione
571 3809 639 3859 solet

97 3877 200 3947 aliquis
211 3891 328 3947 quatuor
342 3879 432 3932 modis
446 3878 555 3942 retrahi,
572 3878 638 3948 qui-

414 269 591 321 SECUNDAE
608 265 734 317 PARTIS
754 266 872 319 CAPUT
888 266 943 321 LV.

695 382 747 432 bus
770 398 803 433 ex
824 383 1010 449 magnitudine
1039 383 1236 436 misericordie

695 469 749 505 suae
759 455 868 506 tentavit
878 455 1011 507 Dominus
1021 454 1190 522 proditorem
1200 457 1238 507 di·

695 524 829 590 scipulum
839 541 854 575 a
866 535 938 577 tanto
948 527 1045 577 scelere
1056 526 1237 592 perpetrando

695 597 728 646 ad
750 596 934 663 poenitentiam
956 612 1087 655 revocare,
1110 596 1234 648 scilicet:

698 667 809 732 pudore,
823 683 885 717 cum
900 667 965 717 dicit
982 684 989 717 ι
1011 667 1086 717 Unus
1107 680 1146 717 ex
1160 667 1236 719 vobis

698 739 788 790 tradet
800 753 849 802 me,
864 748 891 789 et
906 756 912 788 :
928 739 1001 790 Ecce
1014 752 1111 789 manus
1123 739 1235 790 traden-

698 813 734 863 tis
747 827 788 864 me
801 827 900 864 mecum
911 819 951 863 est
962 812 989 863 in
1003 826 1096 862 mensa
1103 829 1113 874 ;
1125 812 1233 873 timore,

697 897 744 948 per
758 882 995 933 comminationem
1016 883 1154 948 supplicii,
1171 898 1235 934 cum

697 954 788 1005 dicit:
816 957 863 1006 Vae
885 961 973 1006 autem
996 954 1096 1006 homini
1119 955 1164 1006 ilii
1186 969 1235 1023 per

697 1040 772 1090 quem
790 1025 880 1076 Filius
905 1024 1020 1076 hominis
1045 1025 1181 1090 tradetur,
1206 1036 1235 1077 ut

697 1095 744 1160 qui
771 1095 873 1160 pudore
896 1111 951 1146 non
980 1094 1114 1155 vincitur,
1137 1094 1234 1147 timore

696 1165 864 1231 corrigatur3
903 1164 1026 1216 beneficii
1067 1165 1234 1217 exhibitione

696 1251 758 1286 cum
781 1236 859 1286 illum
880 1237 913 1287 ad
936 1251 1058 1286 mensam
1072 1250 1151 1286 suam
1165 1236 1234 1288 reci-

696 1307 745 1374 pit,
760 1317 785 1359 et
800 1309 823 1358 ei
836 1309 916 1374 pedes
928 1309 1012 1371 lavat;
1025 1307 1136 1359 affectus
1148 1318 1235 1360 osten-

696 1379 782 1440 sione,
806 1379 834 1429 in
857 1380 954 1429 blanda
973 1379 1145 1444 allocutione,
1171 1395 1233 1430 cum

696 1451 761 1502 dicit
775 1467 782 1500 ε
796 1451 898 1513 Amice,
922 1451 960 1500 ad
973 1450 1039 1516 quid
1055 1449 1174 1502 venisti?
1189 1452 1232 1502 Sic

695 1523 819 1588 exemplo
853 1521 954 1574 Christi
989 1522 1078 1572 bonus
1107 1523 1231 1588 praelatus

696 1593 814 1643 subditis
847 1593 928 1643 etiam
953 1592 1032 1643 malis
1052 1593 1132 1644 debet
1151 1592 1230 1644 exhi-

697 1667 759 1717 bere
781 1665 916 1728 beneficia,
944 1675 975 1716 ut
999 1676 1135 1733 quantum
1157 1666 1185 1717 in
1203 1682 1231 1717 se

696 1747 737 1789 est
764 1754 810 1789 eos
830 1754 845 1789 a
864 1754 913 1789 sua
939 1749 1045 1789 revocet
1074 1739 1131 1790 vita
1156 1739 1233 1790 mua.

696 1808 748 1859 Sed
766 1808 848 1858 Judas
870 1808 946 1859 nullo
965 1808 1066 1859 horum
1089 1808 1233 1876 frangitur,

697 1895 731 1929 ne
750 1879 890 1929 hominem
911 1880 1006 1941 tradat,
1022 1895 1108 1946 quem
1124 1880 1172 1931 Dei
1186 1880 1232 1930 Fi-

695 1950 764 2001 lium
783 1958 900 2000 noverat.
922 1949 1077 2000 Passionem
1093 1965 1160 2018 ergo
1174 1951 1235 2002 lesu

696 2021 797 2073 Christi
814 2022 857 2088 pie
875 2021 1043 2071 considerare
1061 2020 1173 2083 volenti,
1187 2037 1234 2073 oc-

695 2094 779 2145 currit
801 2094 922 2160 primum
945 2091 1057 2160 perfidia
1079 2094 1232 2160 proditoris,

695 2165 743 2231 qui
773 2174 853 2214 tantae
875 2164 927 2214 fuit
952 2163 1056 2214 fraudis
1071 2180 1178 2216 veneno
1191 2181 1233 2216 re-

696 2236 801 2302 pletus,
838 2246 868 2286 ut
896 2235 1056 2302 Magistrum
1082 2245 1111 2286 et
1138 2236 1233 2288 Domi-

696 2322 763 2357 num
786 2308 934 2373 proderet;
966 2316 1047 2358 tantae
1078 2308 1234 2374 cupiditatis

695 2376 806 2429 flamma
834 2393 994 2439 succensus,
1019 2387 1052 2429 ut
1078 2379 1170 2430 Deum
1189 2395 1233 2430 ar-

695 2458 775 2516 gento
797 2451 989 2511 venumdaret,
1023 2461 1051 2501 et
1084 2451 1232 2517 pretiosum

695 2521 798 2574 Christi
821 2523 983 2589 sanguinem
1005 2523 1069 2575 vilis
1104 2525 1234 2577 mercedis

694 2594 781 2662 pretio
806 2605 1008 2662 compensaret3
1043 2605 1125 2648 tantae
1155 2597 1233 2650 deni·

694 2683 748 2733 que
782 2667 1003 2734 ingratitudinis,
1029 2677 1060 2719 ut
1095 2684 1159 2720 eum
1187 2671 1237 2736 quiv

694 2739 786 2790 omnia
797 2740 851 2790 sibi
863 2740 1034 2791 commiserat
1046 2750 1072 2791 et
1084 2742 1117 2792 ad
1127 2742 1231 2793 culmen

694 2809 833 2876 apostolici
862 2810 976 2860 honoris
1009 2822 1169 2876 provexerat
1186 2827 1231 2864 vc·

694 2881 836 2932 numdaret
852 2883 885 2932 ad
904 2892 1018 2933 mortem
1024 2900 1032 2947 ;
1051 2892 1134 2934 tantae
1156 2885 1230 2936 duri-

694 2954 747 3016 tiae,
769 2964 800 3005 ut
825 2970 872 3005 nec
897 2954 1080 3006 familiaritate
1105 2955 1227 3018 convivii,

694 3040 743 3075 nec
757 3024 910 3075 humilitate
923 3025 1057 3091 obsequii,
1071 3041 1121 3077 nec
1141 3025 1228 3078 suavi-

693 3107 747 3149 tate
783 3098 931 3165 colloquii,
968 3114 1017 3149 nec
1044 3099 1226 3152 mulcebritatc

694 3168 779 3220 osculi
793 3184 808 3220 a
823 3179 948 3236 concepta
962 3168 1066 3220 malitia
1086 3172 1177 3236 potuit
1189 3185 1225 3221 re·

694 3239 792 3290 vocari.
816 3239 840 3289 O
866 3239 935 3290 mira
951 3239 1106 3306 benignitas
1130 3238 1223 3293 Christi

695 3312 723 3364 in
750 3313 916 3379 discipulum
938 3313 1048 3374 durum,
1076 3314 1188 3365 Domini
1200 3312 1223 3363 in

695 3401 803 3437 servum
819 3386 1036 3452 nequissimum!
1052 3387 1158 3438 Verum
1171 3387 1224 3437 licet

696 3455 893 3522 inexplicabilis
910 3456 992 3507 fuerit
1012 3456 1165 3522 proditoris
1176 3458 1222 3508 im·

693 3525 788 3592 pietas,
813 3525 843 3577 in
868 3525 1033 3577 immensum
1055 3536 1148 3579 tamen
1172 3540 1223 3578 eam

693 3606 834 3663 exsuperat
848 3597 918 3663 Agni
928 3595 976 3648 Dei
985 3596 1146 3649 dulcissima
1156 3611 1220 3648 man-

693 3667 807 3718 suetudo
830 3667 858 3717 in
876 3669 1031 3734 exemplum
1051 3669 1115 3720 data
1126 3677 1221 3720 morta·

692 3738 772 3800 libus,
787 3748 818 3789 ut
838 3739 892 3804 jam
914 3755 969 3789 non
987 3739 1059 3790 dicat
1084 3740 1119 3790 ab
1143 3738 1222 3791 amico

693 3819 849 3875 exsuperata
870 3809 990 3860 humana
1015 3809 1179 3863 infirmitas:
1194 3806 1222 3860 Si

693 3879 817 3934 inimicus
837 3895 912 3933 meus
938 3879 1131 3936 maledixisset
1152 3877 1220 3938 mili,
