2632 4320
132 272 180 323 DE
196 272 371 323 TALENTIS
392 272 439 322 ET
457 271 562 322 BONIS
577 272 601 322 A
616 232 758 324 DOMIND
775 273 897 324 SERVIS
913 274 1085 325 TRADITIS.
1129 275 1179 342 357

62 388 99 439 Et
123 388 312 454 Hieronymus
334 407 343 439 .-
367 407 380 435 ιι
406 387 507 439 Omnia
537 402 597 453 quae

64 461 93 511 in
115 461 238 526 praesenti
261 461 407 522 habemus,
423 461 484 511 licet
500 476 596 526 magna

62 536 206 586 videantur
229 546 254 586 et
277 537 401 603 plurima,
416 546 505 587 tamen
521 551 598 585 com-

65 609 204 675 paratione
219 609 371 660 futurorum
387 625 465 676 parva
484 619 510 658 et
529 624 597 674 pau-

65 695 94 730 ca
121 690 192 730 sunt.
218 700 231 728 n
258 681 335 731 Intra
368 697 431 747 ergo
470 680 496 729 in
531 695 598 746 gau-

63 752 138 803 dium
173 753 283 804 Domini
323 753 379 813 tui,
421 762 447 804 et
492 752 598 816 suscipe

62 837 124 889 quae
149 838 196 875 nee
228 825 320 875 oculus
347 824 421 888 uidit,
450 838 496 875 nec
520 821 598 874 auris

62 894 177 957 audiuit,
195 909 242 945 nec
262 896 288 945 in
302 910 348 946 cor
365 895 479 945 hominis
498 906 597 943 ascen-

61 964 117 1026 aia·
146 975 172 1015 et
200 965 267 1016 bene
289 964 367 1028 dicit,
395 965 476 1026 intra,
509 973 538 1014 ut
564 979 596 1014 ex

60 1033 136 1084 omni
163 1045 236 1101 parte
250 1035 381 1101 gaudium
396 1035 492 1086 habeat
507 1053 514 1084 ι
533 1050 595 1084 sur-

61 1120 123 1155 sum
145 1121 177 1155 ex
197 1105 302 1155 visione
332 1105 390 1166 Dei,
411 1106 538 1155 deorsum
563 1120 595 1156 ex

62 1176 278 1227 consideratione
299 1175 409 1236 inferni,
434 1176 548 1226 interius
563 1192 595 1226 ex

61 1248 147 1314 gloria
170 1249 347 1310 conscientiae,
374 1249 544 1314 exteriusque
563 1265 596 1299 er

61 1321 158 1371 decore
184 1320 274 1370 omnis
304 1330 439 1371 creaturae.
471 1320 595 1373 Gloriose

62 1403 253 1444 consummato
273 1409 354 1443 cursu
382 1392 547 1452 certaminis,
567 1393 595 1443 in

62 1465 192 1530 gaudium
212 1465 321 1515 Domini
344 1466 387 1515 sui
412 1464 531 1526 intrabit,
547 1464 593 1530 qui

62 1545 171 1585 centum
206 1535 327 1586 millibus
356 1535 515 1601 praedicans,
552 1536 593 1584 vel

63 1621 147 1655 unam
174 1605 292 1656 animam
321 1607 447 1656 lucratam
476 1605 595 1655 Domino

61 1691 111 1725 suo
137 1676 325 1742 reportaverit;
350 1692 397 1727 nec
421 1677 481 1726 ideo
502 1675 595 1726 minus

58 1750 178 1816 gloriose
194 1750 217 1801 si
233 1751 344 1811 nullam,
359 1751 507 1801 dummodo
526 1749 594 1799 fide-

62 1821 124 1871 liter
139 1836 187 1886 pro
212 1837 289 1886 posse
303 1821 381 1872 faciat
402 1821 475 1888 quod
491 1820 593 1871 facien-

61 1891 128 1941 dum
150 1903 191 1943 est
212 1909 261 1958 pro
283 1894 375 1943 salute.
395 1894 497 1957 Nempe
516 1892 594 1942 miles

61 1972 189 2013 strenuus
210 1964 238 2012 in
258 1962 402 2014 certamine
420 1963 593 2013 commenda-

61 2042 114 2097 tur,
131 2034 153 2085 si
169 2044 321 2084 constanter
334 2044 360 2084 et
375 2033 495 2100 legitime
507 2042 594 2082 certa-

59 2104 137 2164 verit,
161 2105 265 2155 etiamsi
288 2105 398 2154 domino
430 2120 480 2154 suo
500 2104 594 2154 trium-

60 2174 147 2238 phum
164 2191 219 2224 non
236 2174 351 2225 obtinuit
358 2191 366 2240 ;
388 2175 426 2225 sic
447 2185 472 2225 et
494 2174 594 2224 Doctor

61 2244 200 2306 Gentium,
214 2245 357 2310 repositam
373 2245 424 2295 sibi
441 2245 539 2295 habere
553 2260 594 2295 co

59 2329 154 2364 ronam
170 2315 279 2378 justitiae
295 2316 460 2382 gloriabatur
477 2331 532 2365 non
545 2315 594 2364 mi-

61 2403 122 2448 nus,
137 2404 219 2454 quam
234 2389 257 2439 si
269 2405 362 2440 omnes
377 2405 446 2456 quos
458 2399 594 2440 converte·

58 2467 108 2518 rat,
140 2459 169 2508 in
192 2474 254 2509 vera
283 2469 309 2510 et
334 2458 386 2509 fide
428 2463 455 2510 et
490 2459 593 2509 unitate

58 2537 157 2579 sanctae
182 2531 275 2580 matris
306 2530 430 2580 Ecclesiae
459 2530 592 2596 perstitis-

61 2610 131 2652 sent.

89 2687 109 2736 4
136 2673 322 2723 Rsrnansnsto
347 2689 423 2723 ssuvt
450 2687 531 2722 rtem.
561 2701 591 2710 -

58 2745 195 2796 decedens
220 2751 307 2795 autem
328 2745 374 2810 qui
398 2761 478 2795 unum
502 2744 591 2794 talen-

57 2821 115 2865 tum
138 2822 289 2880 acceperat,
310 2817 371 2866 ait:
390 2817 512 2878 Domine,
535 2816 591 2867 scio

58 2886 122 2950 quia
138 2885 216 2936 homo
237 2886 321 2935 durus
340 2900 378 2949 es,
399 2886 514 2952 graviter
538 2901 591 2950 pu-

58 2957 138 3007 niens
155 2957 352 3022 delinquentes,
374 2958 451 3007 metis
472 2957 516 3008 ubi
540 2971 590 3007 non

57 3027 207 3090 seminasti,
233 3035 259 3078 et
287 3044 441 3097 congregas
473 3030 517 3079 ubi
540 3044 591 3078 non

56 3099 196 3163 sparsisti.
220 3099 341 3149 Seminat
364 3100 435 3150 Deus
456 3100 590 3159 notitiam,

56 3171 85 3220 in
115 3169 305 3235 praedicatione
329 3170 464 3234 veritatis3
489 3171 591 3236 spargit

54 3242 180 3303 virtutes,
195 3242 222 3292 in
237 3244 359 3309 exemplo
371 3243 516 3305 bonitatis;
530 3258 590 3292 me-

54 3314 88 3365 tit
103 3329 168 3380 ergo
182 3314 229 3364 ubi
244 3329 336 3364 semen
352 3314 431 3380 Legis
444 3315 486 3365 vel
500 3314 590 3364 Evan-

54 3385 121 3454 gelii
147 3402 202 3436 non
231 3387 405 3451 ministravit,
430 3396 456 3437 et
486 3386 591 3452 colligit

54 3460 104 3510 ubi
118 3460 250 3535 punitatis
269 3461 390 3526 exempla
413 3460 442 3509 in
466 3459 591 3509 Patribus

53 3530 162 3582 Veteris
187 3531 230 3580 vel
259 3531 327 3581 Novi
349 3531 513 3581 Testamenti
536 3546 590 3579 non

53 3602 164 3669 sparsit.
187 3604 216 3653 ln
232 3603 348 3668 praelatis
366 3604 447 3653 etiam
465 3602 590 3653 Ecclesiae

59 3690 117 3725 non
134 3673 225 3723 solum
239 3673 351 3739 requirit
366 3675 437 3724 bona
454 3674 482 3723 in
497 3690 591 3739 perso-

55 3759 92 3794 na
119 3758 238 3810 propria,
264 3745 310 3807 sed
341 3744 420 3794 etiam
444 3744 472 3793 in
492 3745 589 3804 aliena,

54 3813 159 3866 scilieet
188 3813 217 3864 in
244 3815 361 3865 subditis
392 3830 494 3874 eorum,
526 3817 590 3881 quia

56 3903 155 3940 eorum
165 3887 285 3938 officium
298 3898 337 3939 est
350 3888 417 3938 alios
434 3899 460 3939 et
473 3889 591 3939 maxime

651 389 775 440 subditos
795 390 922 441 inducere
941 392 973 442 ad
997 392 1109 443 bonum.
1129 393 1181 445 Ti·

651 474 725 510 mens
738 459 838 526 itaque,
856 461 956 512 scilicet
974 463 1082 528 aggredi
1099 462 1180 513 altio-

650 530 688 580 ris
702 530 763 580 vitae
775 542 884 592 statum,
896 548 929 582 ne
945 532 1002 598 ipse
1019 533 1180 598 periclitaret

650 619 771 670 quaerens
789 606 903 655 salutem
915 607 1040 667 aliorum,
1053 608 1182 658 abscondi

651 678 776 728 talentum
787 683 859 728 tuum
872 679 898 728 in
911 684 995 739 terra,
1006 680 1057 728 hoc
1071 689 1110 731 est
1125 695 1180 730 non

650 765 711 801 sum
728 765 795 800 usus
808 750 903 800 notitia
916 751 984 800 mihi
997 752 1057 802 data
1073 762 1181 818 propter
1200 766 1202 771 ’

649 832 755 883 aeterna,
776 823 822 872 sed
850 832 958 889 propter
981 835 1100 888 terrena,
1122 839 1181 876 cece

649 893 739 957 habes,
762 893 832 958 quod
851 900 922 944 tuum
940 900 989 943 est.
1005 894 1088 953 Quasi
1106 895 1181 945 dice-

649 975 708 1016 ret:
724 965 828 1016 Sufficit
844 966 913 1016 mihi
932 965 995 1032 quia
1017 967 1091 1016 tenui
1107 968 1180 1032 quod

649 1037 742 1102 habui,
767 1053 815 1087 nec
846 1037 905 1088 aliis
940 1037 1100 1099 ministravi.
1130 1039 1181 1088 lste

648 1108 730 1159 timor
746 1108 814 1158 servi
844 1108 913 1174 pigri
934 1125 989 1158 non
1006 1117 1046 1158 est
1060 1108 1111 1158 nisi
1127 1125 1180 1174 pu-

649 1178 821 1228 sillanimitas
848 1179 915 1228 bene
937 1179 1042 1246 agendi.
1067 1179 1104 1229 Ut
1130 1194 1180 1229 au-

648 1260 703 1300 tem
718 1249 784 1300 dicit
799 1250 1021 1318 Chrysostomus,
1035 1243 1083 1299 etsi
1100 1250 1181 1299 talen-

648 1332 706 1372 tum
732 1337 785 1370 non
811 1320 936 1386 perdidit,
952 1336 1013 1370 reus
1029 1329 1119 1370 tamen
1141 1331 1181 1371 est

648 1387 758 1456 danini3
781 1391 853 1442 sicut
875 1391 921 1456 qui
936 1395 1016 1442 causa
1031 1390 1179 1440 seminandi

648 1465 741 1514 seme'n
764 1461 897 1527 accipiens
921 1470 1042 1526 tempore
1061 1460 1180 1510 semina-

648 1535 732 1585 tionis
743 1550 796 1583 non
812 1533 991 1595 seminaverit,
1003 1533 1115 1582 domino
1130 1530 1180 1597 suo

649 1609 779 1668 damnum
796 1605 868 1666 fecit,
882 1604 931 1654 etsi
946 1620 1037 1654 semen
1054 1620 1110 1653 non
1125 1619 1182 1669 per·

647 1678 725 1742 didit,
739 1686 870 1744 quantum
890 1685 992 1740 poterat
1010 1675 1116 1724 lucrum
1138 1675 1180 1725 fa-

647 1765 705 1799 cere
730 1748 753 1798 si
777 1756 929 1812 opportuno
953 1755 1073 1810 tempore
1096 1745 1180 1795 semi-

647 1829 743 1872 nasset.
756 1818 931 1884 Respondeas
940 1824 1028 1868 autem
1037 1816 1178 1878 Dominus,
1244 1817 1251 1829 ⁸

625 1894 627 1898 ⁴
647 1893 721 1943 dixit
737 1891 763 1941 ei
777 1908 785 1941 ε
798 1891 890 1952 Serve,
908 1888 985 1947 male,
1006 1898 1113 1952 propter
1133 1901 1179 1936 ca-

647 1963 780 2016 lumniam
790 1971 911 2027 respectu
923 1959 1042 2019 Domini,
1054 1967 1080 2009 et
1084 1959 1177 2025 piger,

646 2036 674 2087 in
685 2032 911 2100 multiplicatione
921 2042 1041 2095 respectu
1052 2030 1178 2096 proximi,

646 2108 753 2160 sciebas
770 2108 833 2172 quia
849 2111 918 2155 meto
936 2104 980 2154 nbi
999 2117 1050 2153 non
1067 2103 1177 2162 semino,

647 2180 732 2231 multo
757 2177 843 2244 magis
865 2175 912 2226 ubi
937 2174 1051 2234 semin0,
1075 2179 1101 2224 et
1115 2187 1178 2223 con-

646 2265 736 2318 grego
753 2248 797 2300 ubi
810 2263 860 2298 non
879 2246 979 2312 sparsi,
993 2246 1078 2295 multo
1093 2243 1180 2309 magis

646 2323 693 2374 ubi
726 2320 822 2388 sparsi.
856 2319 939 2380 Quasi
968 2318 1067 2368 diceret
1093 2334 1100 2367 ε
1129 2317 1179 2365 Pro

647 2393 799 2446 omissione
820 2390 939 2441 veritatis
955 2399 980 2439 et
993 2390 1124 2439 virtutum
1135 2389 1180 2452 iu-

647 2465 707 2515 dico
735 2464 797 2514 illos
822 2462 923 2528 quibus
946 2475 1001 2509 non
1027 2458 1179 2524 praedicavi,

647 2552 695 2587 nec
712 2536 866 2599 exemplum
890 2531 1018 2581 bonitatis
1033 2528 1178 2594 proposui;

645 2623 710 2673 ergo
727 2606 814 2655 multo
829 2604 915 2669 magis
936 2613 970 2661 te,
990 2600 1032 2650 cui
1048 2601 1179 2649 talentum

645 2679 747 2730 notitiae
764 2693 829 2728 meae
846 2677 879 2726 ad
894 2674 1086 2741 negotiandum
1101 2687 1178 2722 com-

646 2750 722 2813 misi,
745 2760 770 2800 et
794 2749 832 2799 si'c
851 2757 876 2798 te
892 2762 995 2805 accuso,
1020 2761 1052 2794 ex
1073 2760 1128 2810 quo
1152 2753 1178 2793 te

646 2837 766 2873 excusas.
790 2819 917 2887 Oportuit
931 2831 998 2883 ergo
1014 2823 1038 2867 te
1051 2817 1084 2866 ad
1100 2825 1176 2864 tuum

646 2893 783 2952 meritum,
806 2892 879 2942 etad
909 2889 1025 2939 aliorum
1054 2902 1179 2938 commo-

645 2965 721 3024 dum,
740 2963 885 3029 pecuniam
901 2975 995 3024 nicam,
1016 2960 1042 3009 id
1064 2969 1104 3010 est
1120 2975 1178 3009 ser-

646 3053 755 3087 monem
772 3036 814 3087 vel
836 3036 932 3101 legem,
954 3034 1017 3084 dare
1040 3032 1124 3098 gratis
1144 3033 1175 3081 ad

644 3112 777 3167 mensam,
796 3107 822 3156 id
847 3116 886 3156 est
910 3106 943 3155 ad
968 3105 1084 3155 aliorum
1106 3103 1147 3154 ref
1162 3131 1178 3140 -

644 3180 761 3230 ctionem
787 3179 931 3238 internam,
961 3183 987 3227 et
1015 3175 1178 3227 committere

645 3250 843 3312 nummulariis,
873 3249 900 3299 id
928 3258 968 3299 est
999 3246 1176 3304 auditoribus,

644 3323 691 3389 qui
712 3322 785 3388 quod
816 3320 929 3372 audiunt
954 3327 1107 3384 operantur,
1136 3315 1177 3365 vel

644 3396 735 3462 potius
750 3395 844 3444 docere
853 3392 931 3455 alios,
949 3391 996 3456 qui
1012 3397 1102 3454 postea
1117 3387 1177 3436 aliis

645 3464 843 3525 ministrarent;
867 3467 893 3511 et
921 3475 972 3525 ego
999 3458 1114 3520 ueniens,
1144 3456 1176 3506 ad

644 3535 845 3586 discutiendum
880 3530 984 3590 merita,
1020 3529 1177 3593 recepissem

643 3607 715 3673 qnod
728 3621 812 3656 nrenm
829 3610 870 3653 est
882 3618 939 3653 cum
954 3616 1046 3662 usura,
1063 3600 1090 3649 id
1103 3611 1143 3649 est
1152 3608 1177 3650 te

644 3689 671 3728 et
691 3678 764 3742 ipsos
784 3689 854 3740 quos
878 3673 946 3722 mihi
969 3670 1177 3737 acquisivisses:

644 3748 701 3798 haec
714 3746 788 3797 enim
801 3754 840 3794 est
858 3759 939 3793 usura
953 3741 1109 3807 spiritualis,
1123 3741 1180 3792 sci·
1217 3793 1219 3797 Α

644 3820 705 3869 licet
721 3819 826 3868 lucrum
838 3815 1000 3875 animarum,
1012 3828 1072 3879 quae
1087 3813 1178 3863 maxi-

644 3905 688 3940 me
702 3890 787 3955 placet
803 3887 868 3937 Deo.
