2632 4320
110 290 158 339 DE
170 289 286 339 CAUSA
307 289 520 340 DlMlTTENDl
538 287 697 349 UXOREM,
714 290 761 340 ET
778 291 824 342 DE
838 291 1022 352 PARVULIS,
1039 293 1117 344 ETC.
1151 244 1184 345 {33

62 404 153 464 ituchi,
184 404 214 453 id
238 415 280 454 est
301 405 484 467 continentes,
510 413 537 454 et
557 414 599 454 est

62 477 187 527 Graecum
200 477 375 536 vobabulum,
389 477 538 527 secundum
549 477 599 527 Isi·

61 547 166 607 dorum,
190 547 237 611 qni
255 547 297 596 sic
314 548 373 597 nati
390 552 461 607 sunt,
476 546 535 598 sine
551 547 597 596 in-

61 619 238 677 strumentis,
264 619 321 670 sive
349 619 454 685 frigidae
478 630 595 682 naturae,

60 690 108 756 qui
122 690 234 756 proprie
249 689 378 740 dicuntur
389 692 506 751 castrati,
517 690 595 757 quasi

59 775 131 815 caste
144 763 211 815 nati.
225 764 265 814 Et
276 772 338 815 sunt
351 766 476 817 Eunuchi
490 767 536 831 qui
543 765 596 829 fa-

59 835 95 884 cti
114 841 180 884 sunt
198 835 234 885 ab
254 835 412 899 hominibus
429 836 529 902 quibus
550 851 595 886 se-

58 915 154 955 cantur
167 904 306 970 genitalia,
323 906 369 971 qui
383 906 490 971 proprie
504 906 596 956 dicun·

57 987 100 1026 tur
114 976 263 1043 spadones,
278 992 293 1027 a
307 978 411 1042 spatha.
427 993 521 1043 genere
531 977 594 1027 ferri

58 1062 113 1112 quo
140 1047 367 1098 eunuchizantur.
386 1048 422 1098 Et
447 1049 506 1098 istae
534 1048 594 1098 duae

58 1134 114 1168 non
138 1127 205 1168 sunt
228 1119 384 1179 laudabiles,
401 1127 428 1169 et
448 1135 497 1168 nec
511 1118 594 1168 meri-

57 1187 144 1248 toriae,
169 1203 220 1238 nec
240 1187 429 1248 demeritorie,
453 1188 517 1254 quia
544 1203 593 1238 ne-

57 1257 182 1308 cessitate
205 1257 285 1318 fiunt,
300 1274 358 1308 non
372 1260 520 1317 voluntate,
539 1258 592 1308 nisi

57 1329 86 1378 in
112 1340 247 1396 quantum
275 1345 323 1396 per
352 1332 518 1381 voluntatem
547 1345 594 1380 ac·

56 1413 206 1469 ceptantur.
220 1404 375 1454 Secundum
385 1404 592 1468 Hieronymus,

54 1473 126 1525 inter
144 1474 197 1524 hos
211 1475 344 1524 secundos
364 1482 554 1539 computantur
566 1482 594 1523 et

53 1545 82 1595 hi
104 1545 155 1612 qui
187 1546 277 1610 specie
297 1545 439 1611 religionis
463 1545 593 1596 simulant

54 1617 212 1679 castitatem,
228 1616 329 1666 scilicet
342 1616 489 1682 hypocritae
502 1626 592 1683 et-ap-

54 1697 176 1751 petentes
196 1703 292 1738 vanam
309 1688 422 1754 gloriam
445 1688 479 1738 ab
502 1687 593 1737 homi-

55 1759 137 1808 nibus
157 1775 191 1810 ex
206 1775 371 1829 quocunque
383 1775 433 1810 suo
447 1775 536 1826 opere.
553 1760 592 1810 Et

55 1837 120 1881 suut
140 1833 276 1896 Eunuchi,
302 1833 331 1882 id
354 1843 395 1883 est
414 1833 589 1891 continentes,

54 1903 104 1968 qui
125 1905 228 1971 seipsos
250 1911 445 1967 castraverunt,
469 1920 525 1954 non
543 1919 591 1970 per

55 1974 242 2025 membrorum
259 1975 467 2041 abscissionem
481 1976 528 2025 sed
543 1991 592 2040 per

54 2047 276 2114 concupiscentiae
291 2048 498 2114 repressionem,
518 2056 544 2097 et
561 2063 590 2098 se

55 2118 179 2179 castitati,
198 2134 247 2169 seu
262 2129 333 2168 caste
346 2118 434 2169 vivere
451 2129 478 2168 et
488 2119 589 2169 volun—

55 2191 118 2242 tarie
139 2193 315 2252 devoverunt,
340 2199 453 2258 propter
473 2207 588 2258 regnum

55 2262 188 2324 uelorum,
204 2263 253 2328 qui
269 2263 376 2328 proprie
393 2262 524 2313 dicuntur
534 2263 588 2313 Eu·

57 2333 146 2394 auehi,
159 2334 188 2383 id
210 2344 251 2383 est
268 2335 337 2384 bene
354 2335 484 2394 viventes,
496 2335 529 2384 ab
544 2324 586 2404 ei,

58 2415 126 2478 quod
140 2425 181 2466 est
196 2415 308 2474 bonurn,
325 2427 351 2466 et
369 2411 445 2486 ulan,
464 2415 537 2481 quod
549 2422 589 2464 est

58 2483 172 2546 victoria,
193 2487 271 2553 quasi
289 2487 354 2536 boni
372 2487 498 2550 victores;
515 2485 587 2536 ethi

62 2568 193 2608 merentur
216 2576 223 2609 :
247 2567 272 2608 et
296 2559 400 2608 ratione
425 2556 587 2616 voluntatis,

61 2623 118 2686 quia
136 2636 299 2690 spontanea;
321 2636 347 2676 et
371 2625 475 2676 ratione
502 2624 587 2674 actio-

63 2693 108 2754 nis,
126 2697 192 2763 quia
216 2699 301 2760 bona;
327 2708 353 2748 et
377 2697 481 2747 ratione
496 2697 586 2746 inten-

64 2763 145 2826 tionis,
169 2768 235 2834 quia
259 2780 329 2819 recta
353 2787 359 2818 :
382 2768 433 2817 ista
447 2767 520 2818 enim
537 2768 587 2818 tria

63 2834 194 2896 perficiunt
214 2839 352 2888 meritum.
373 2839 435 2887 Haec
456 2853 518 2903 ergo
530 2847 587 2887 ter-

64 2903 94 2954 tia
103 2908 278 2968 continentia,
293 2925 353 2975 quae
370 2919 410 2958 est
423 2924 471 2974 per
485 2909 586 2959 volun-

10 3010 12 3015 ·
64 2984 134 3027 tatem
168 2980 360 3046 reprimentem
391 2980 587 3045 concupiscen-

10 3076 13 3095 .
64 3043 121 3096 tiam
142 3065 172 3099 ac
203 3061 263 3101 actu
291 3066 422 3111 venereo,
441 3051 587 3101 victoriosa

10 3106 16 3157 '.
64 3115 150 3170 dicitur
172 3131 198 3171 et
228 3122 382 3182 laudabilis,
412 3132 439 3173 et
466 3131 521 3172 tota
548 3131 588 3172 est

10 3212 12 3229 =
63 3189 195 3241 meritoria.
230 3191 308 3242 Unde
344 3192 587 3258 Chrysosiomus:

62 3273 73 3301 a
88 3258 132 3311 illa
144 3264 188 3311 'est
201 3262 320 3327 gloriosa
340 3263 514 3323 continentia,
531 3279 586 3313 non

62 3342 131 3393 quarn
145 3331 295 3398 transgredi
315 3349 371 3383 non
391 3343 480 3399 potest
498 3349 587 3384 neces·

26 3440 30 3449 .
61 3400 114 3454 sius
129 3405 277 3455 debilitatis
295 3405 422 3470 corporis,
439 3406 487 3455 sed
504 3421 587 3472 quam

59 3474 237 3539 complectitur
260 3475 383 3524 voluntas
409 3477 495 3526 sancti
521 3492 586 3542 pro-

58 3547 137 3607 positi.
153 3568 168 3597 n
183 3549 216 3599 Et
235 3549 334 3599 iterum
352 3565 358 3598 :
381 3567 395 3595 a
413 3549 482 3600 Cum
496 3560 586 3600 autern

57 3614 140 3669 dicit:
169 3618 226 3680 Qut
251 3632 280 3668 se
309 3625 503 3682 castraverunt,
529 3637 582 3670 non

56 3691 236 3742 membrorum
271 3690 335 3740 dicit
363 3691 583 3756 abscissionem;

55 3760 92 3810 red
101 3762 238 3812 malarum
250 3759 443 3827 cogitationum
453 3762 585 3813 interem-

52 3830 181 3893 utonem.
225 3830 332 3880 Etenim
367 3833 585 3898 concupiscentia

53 3901 125 3957 habet
147 3903 242 3955 fontes
261 3903 395 3969 praecipue
411 3920 427 3954 a
442 3906 581 3972 proposito

653 404 851 465 incontinendi,
875 417 902 458 et
921 418 1011 459 mente
1029 409 1186 475 negligente.

652 478 689 527 Et
702 478 724 527 si
739 478 798 543 ipsa
812 479 902 529 sobria
914 480 1005 540 fuerit,
1020 481 1184 532 naturalium

651 558 776 598 motuum
801 551 908 601 nullum
927 561 968 600 est
982 561 1185 602 nocumentum.

651 619 706 669 Nec
726 619 762 670 ita
782 621 912 671 abscissio
931 622 1047 672 membri
1068 623 1186 688 compri-

650 692 701 742 mit
726 688 887 744 tentationes
906 705 933 744 et
962 696 1184 761 tranquillitatem

649 763 721 824 facit,
740 774 770 814 ut
783 765 954 831 cogitationis
967 766 1084 818 frenum.
1102 786 1116 814 s
1131 769 1183 818 Sed

649 836 714 901 quia
727 837 788 886 talis
810 847 895 887 status
910 839 980 887 altus
994 850 1043 899 est,
1057 854 1106 888 nec
1120 855 1184 904 pos-

648 916 714 956 sunt
734 923 829 957 omnes
852 908 950 958 adhoc
972 909 1113 975 attingere,
1135 911 1182 960 sed

648 978 736 1027 solum
759 978 881 1044 perfecti,
902 978 963 1029 ideo
984 979 1064 1029 infert
1085 980 1183 1030 Domi-

649 1066 700 1099 nus
713 1050 847 1100 hortando
861 1051 962 1102 milites
977 1067 1050 1112 suos,
1066 1051 1159 1104 dicens
1173 1070 1179 1103 :

649 1120 703 1181 Qui
722 1127 814 1186 potest
832 1136 939 1187 capere,
956 1133 983 1173 et
994 1122 1116 1188 implere,
1131 1139 1181 1174 ea-

643 1191 776 1256 picticum
787 1191 918 1256 adiutorio
928 1192 987 1252 Dei,
997 1201 1027 1242 ut
1037 1191 1073 1242 sit
1083 1204 1181 1253 castus,

646 1261 688 1310 vel
714 1260 846 1326 intelligat
867 1277 928 1327 quae
953 1263 1029 1324 dico;
1052 1262 1109 1322 vel,
1134 1262 1181 1328 qui

650 1340 739 1395 potest
757 1347 876 1397 pugnare
890 1342 982 1383 contra
996 1347 1113 1394 carnem,
1129 1349 1182 1398 pu-

647 1412 719 1466 gnet,
738 1417 769 1452 ac
786 1408 899 1468 'superet
922 1413 956 1467 et
968 1403 1128 1469 triumphet.
1149 1404 1182 1455 Et

646 1481 688 1522 est
710 1487 762 1522 vox
789 1472 921 1524 hortantis
950 1475 984 1524 ad
1010 1473 1182 1525 continentia

646 1543 779 1603 bravium,
794 1560 849 1593 non
863 1544 990 1607 jubentis.
1006 1544 1090 1604 Quasi
1105 1544 1180 1596 dice-

645 1624 686 1663 ret
711 1630 718 1664 ι
748 1614 943 1680 Unusquisque
969 1612 1123 1665 consideret
1146 1631 1181 1667 an

643 1684 808 1750 virginitatis
823 1694 850 1734 et
866 1685 1001 1750 pudicitiae
1018 1696 1180 1751 praeceptum

645 1757 757 1822 implere
779 1768 869 1822 queat,
889 1767 994 1807 tantum
1007 1758 1109 1807 bonum
1123 1775 1180 1809 non

644 1839 685 1878 est
706 1827 881 1888 necessitatis,
903 1828 949 1878 sed
963 1829 1180 1893 supererogatio-

645 1897 702 1960 nis3
728 1913 776 1948 nec
796 1907 836 1949 est
861 1897 912 1948 hoc
933 1907 1106 1963 praeceptum,
1131 1899 1179 1949 sed

643 1969 805 2029 consilium
821 1969 931 2020 cuilibet
945 1969 1064 2030 offertur,
1077 1969 1178 2021 nemini

642 2040 809 2106 imponitur,
837 2040 884 2106 qui
914 2049 1001 2106 potest
1029 2040 1177 2104 continere,

644 2112 789 2162 contineat.

674 2191 691 2242 6
702 2192 851 2243 &umatus
861 2207 1001 2242 ransncrm
1012 2207 1177 2244 ommam:

642 2281 676 2315 nr
690 2279 863 2315 austrannus
875 2281 926 2314 nen
940 2280 1180 2316 consummataest

641 2349 830 2385 rinvunonuu.
855 2363 886 2372 -
906 2334 1004 2384 Habito
1032 2335 1123 2401 itaque
1146 2337 1179 2386 de

642 2406 805 2472 perfectione
835 2405 1016 2468 continentiae,
1045 2402 1102 2455 si‘ve
1131 2420 1178 2456 ca-

642 2479 760 2536 stitatis,
800 2487 996 2542 consequenter
1025 2477 1115 2541 agitur
1145 2478 1178 2529 de

642 2551 804 2618 perfectione
823 2550 991 2610 obedientiae,
1008 2551 1064 2599 sive
1083 2549 1178 2598 humi-

641 2623 733 2683 litatis,
753 2632 779 2671 et
795 2621 846 2670 hoc
866 2620 1098 2670 commendatione
1113 2635 1175 2686 par-

640 2697 777 2759 vulorum,
790 2710 837 2761 per
850 2710 920 2760 quos
933 2694 1108 2760 designantur
1122 2693 1177 2743 hu-

643 2767 720 2816 miles
749 2775 775 2815 et
803 2764 984 2826 obedientes;
1018 2764 1083 2829 quia
1107 2763 1178 2813 sicut

641 2837 745 2904 parvuli
765 2853 821 2886 non
840 2835 949 2901 propria
968 2835 1114 2898 voluntate,
1129 2835 1176 2888 sed

641 2910 750 2960 alterius
777 2909 925 2965 ducuntur,
952 2906 989 2956 ita
1010 2906 1130 2958 humiles
1152 2915 1178 2956 et

641 2980 796 3030 obedientes
819 2977 928 3027 alterius
940 2979 1078 3028 voluntate
1090 2989 1116 3028 et
1128 2978 1176 3028 im·

642 3051 716 3117 perio
735 3058 888 3099 moventur.
904 3048 982 3098 Unde
1006 3049 1071 3098 dicit
1090 3049 1176 3108 Bada,

641 3121 715 3187 quod
730 3120 787 3169 ltoec
808 3119 886 3169 lectio
908 3119 1073 3168 humilitatis
1090 3118 1177 3183 magi-

641 3194 723 3244 sterio
744 3194 822 3259 plena
849 3192 937 3251 micat,
964 3207 1026 3258 quae
1055 3191 1179 3243 videlicet

643 3266 799 3315 innocentes
823 3278 852 3312 ac
869 3261 1005 3328 simplices
1019 3262 1052 3311 ad
1066 3257 1176 3311 Domini

643 3335 754 3403 gratiam
782 3333 934 3400 pertingere
956 3348 1034 3398 posse
1062 3331 1178 3379 demon-

642 3417 717 3458 strat.
739 3407 810 3456 Dum
825 3421 888 3470 ergo
903 3405 1038 3454 Dominus
1052 3404 1129 3452 lesus
1142 3401 1177 3450 de

642 3479 764 3529 castitate
788 3478 930 3526 dissereret
954 3492 961 3526 ι
988 3475 1065 3524 Tunc
1092 3471 1178 3521 otiati

642 3556 706 3600 sunt
726 3549 752 3598 ei
772 3547 884 3613 paruuli
898 3562 931 3595 ex
948 3543 1090 3594 devotione
1109 3527 1178 3592 offe·

640 3619 767 3678 rentium,
782 3625 810 3668 ut
823 3631 918 3668 manus
934 3616 974 3665 cis
985 3614 1132 3677 imponeret
1148 3619 1175 3664 et

641 3697 741 3752 oraret,
757 3691 785 3740 id
800 3700 841 3740 est
854 3698 885 3738 ut
907 3701 988 3736 manu
1004 3693 1030 3733 ct
1046 3698 1110 3733 voce
1125 3684 1174 3734 he-

641 3763 781 3814 nediceret.
816 3756 988 3811 Consuetudo
1023 3755 1096 3805 enim
1122 3754 1176 3806 fuit

640 3835 710 3900 apud
733 3842 843 3894 veteres,
868 3840 898 3879 ut
916 3827 1041 3894 parvulos
1063 3825 1177 3877 benedi-

640 3905 739 3956 cendos
762 3902 889 3953 offerrent
909 3897 1070 3960 senioribus,
1080 3906 1109 3950 et
1122 3897 1178 3948 ina·
