2632 4320
160 265 212 319 258

158 383 237 435 Multi
256 392 346 434 autem
360 398 447 448 neque
464 393 572 447 tegmen
590 380 634 432 hic
649 380 692 431 fa-

157 455 242 518 ciunt,
258 453 304 503 sed
319 469 368 518 pro
384 463 452 503 tecto
470 454 567 503 coelum
582 452 690 514 habent,

157 538 183 578 et
203 528 296 576 lunam
312 541 360 590 pro
376 525 480 575 lumine
496 527 620 584 lucernae,
635 538 690 573 non

156 598 309 662 indigentes
322 597 391 658 oleo,
404 611 492 662 neque
506 595 645 659 ministr03
661 595 690 646 il·

157 669 191 720 lis
211 678 282 718 certe
305 667 371 718 solis
395 668 529 734 condigne
547 669 612 718 luna
634 667 690 717 mi-

157 740 251 791 nistrat
264 741 362 790 lucem.
377 739 453 789 Hanc
465 749 491 790 et
503 738 600 804 Augeli
616 753 691 788 men·

157 826 216 862 sam
225 812 257 861 de
266 811 333 861 coelo
343 810 557 874 contemplantes
567 809 691 859 laetantur

435 265 611 317 SECUNDAE
626 263 750 314 PARTIS
764 263 881 316 CAPUT
892 268 1011 319 XXXIV.

745 387 772 430 et
782 380 925 431 exsultant.
934 382 998 432 Haec
1009 381 1093 449 igitur
1102 381 1229 442 scientes,
1237 383 1282 434 de-

745 451 833 516 posita
848 453 924 503 omni
941 449 1059 514 avaritia,¹
1074 470 1136 522 quae
1150 465 1215 505 sunt
1229 455 1281 504 de-

745 537 835 588 super,
850 525 955 575 coeleste
971 524 1072 576 scilicet
1086 541 1281 592 regnum-cum

745 596 834 646 studio
849 597 924 647 omni
940 598 1084 664 rapiamus,
1096 609 1128 651 ut
1138 608 1166 650 et
1179 598 1282 650 futuris

744 665 866 718 fruamur
883 668 964 719 bonis
978 685 986 719 s
1001 687 1016 718 n
1031 669 1087 721 haec
1108 669 1280 737 chrysosto-

744 754 812 790 mus.

644 1059 781 1114 ORATIO

188 1234 305 1284 Domine
320 1234 401 1290 Deus,
416 1230 605 1296 paterfamilias
619 1231 803 1297 omnipotens,
815 1230 864 1296 qui
878 1230 984 1283 vineam
998 1230 1124 1283 Ecclesiae
1139 1240 1194 1283 tuae
1209 1248 1279 1298 pire-

156 1307 218 1357 latis
233 1304 325 1355 locasti
338 1305 371 1354 ad
386 1303 538 1363 colendum,
554 1313 585 1354 ut
603 1302 669 1353 vitia
687 1313 817 1368 tanquam
833 1302 925 1368 spinas
942 1303 1125 1369 exstirpando,
1139 1313 1166 1354 et
1188 1302 1279 1355 virtu-

156 1387 197 1428 tes
218 1387 348 1441 tanquam
368 1375 439 1425 bona
456 1374 560 1425 semina
573 1374 727 1434 inserendo,
742 1373 859 1424 fructum
875 1374 903 1424 in
923 1389 962 1435 se,
979 1384 1005 1425 et
1024 1374 1053 1425 in
1072 1374 1193 1426 subditis
1207 1374 1279 1426 face-

156 1458 216 1500 rent
225 1448 357 1497 bonorum
368 1461 490 1512 operum,
497 1447 531 1496 da
540 1445 674 1511 propitius
682 1445 811 1496 omnibus
820 1454 846 1495 et
856 1445 979 1511 praelatis,
987 1455 1013 1496 et
1024 1445 1140 1512 singulis
1148 1446 1278 1506 subditis,

155 1530 187 1571 ut
203 1517 319 1569 fructum
338 1516 436 1576 cordis,
452 1516 516 1576 oris,
533 1527 559 1567 et
572 1514 661 1581 operis
675 1515 724 1566 tibi
740 1515 864 1578 reddant;
885 1525 916 1566 ut
928 1516 1048 1568 ubertate
1062 1516 1201 1567 fructuum
1218 1533 1278 1568 ma-

156 1589 243 1651 iestati
256 1598 311 1638 tuae
324 1588 455 1654 placeant;
479 1602 509 1636 ac
526 1587 635 1638 tandem
650 1596 711 1651 post
726 1586 846 1638 laborem
864 1586 1005 1652 praesentis
1022 1586 1085 1638 vitae
1103 1602 1165 1639 cum
1184 1587 1278 1639 electis

157 1659 221 1721 tuis,
240 1659 286 1724 qui
306 1660 375 1710 bene
395 1669 421 1710 et
442 1658 556 1709 fideliter
573 1657 768 1718 laboraverunt,
787 1657 817 1709 in
835 1672 920 1723 regno
942 1668 998 1718 tuo,
1014 1666 1041 1709 te
1058 1658 1215 1715 miserante.
1233 1675 1279 1710 re·

156 1731 306 1797 quiescant.
323 1733 420 1783 Amen.

552 2161 720 2231 CAPUT
736 2162 889 2230 XXXIV

318 2411 371 2479 Dc
395 2408 557 2480 invitatis
575 2411 622 2479 ad
643 2411 801 2502 nuptias,
826 2421 860 2478 et
885 2432 952 2479 uon
973 2409 1115 2480 habente

540 2535 664 2593 vestem
682 2518 885 2617 nuptialem.

560 2775 704 2840 Matthaei
725 2795 794 2858 cap.
816 2796 867 2839 20.

140 3036 146 3048 ·
190 3033 200 3068 1
221 3017 367 3066 Prnnnonn
382 3029 415 3064 oe
429 3028 561 3064 ruurnrrs
578 3029 612 3064 nu
631 3029 685 3065 nu·
739 3013 839 3078 quibus
857 3013 993 3080 praedicas,
1007 3014 1181 3068 correctione.
1201 3016 1266 3078 Quia

153 3103 229 3138 arms
248 3099 351 3135 scopus.
376 3111 407 3122 -
430 3083 464 3133 Et
482 3083 546 3149 quia
571 3084 685 3148 majores
738 3083 821 3149 igitur
834 3085 986 3136 ostenderat
998 3085 1071 3151 quod
1086 3101 1202 3153 regnum
1216 3103 1265 3141 aa·

153 3158 319 3215 Judaeorum,
334 3153 512 3218 intelligentes
531 3154 564 3204 de
582 3169 610 3204 se
630 3153 682 3204 dici
730 3153 841 3218 seretur
861 3171 876 3206 a
893 3156 1002 3219 Judaeis,
1020 3163 1046 3207 et
1065 3157 1176 3211 dabitur
1194 3159 1265 3226 genti

152 3227 299 3295 parabolas,
315 3223 469 3289 quaerebant
483 3222 632 3273 Dominum
648 3232 684 3273 te·
730 3222 849 3287 facienti
856 3225 969 3290 fructus
990 3226 1056 3293 qus,
1072 3227 1134 3279 ideo
1155 3230 1265 3294 subjun-

151 3317 213 3352 nere
223 3310 248 3350 et
263 3297 390 3358 occidere,
406 3295 474 3345 hanc
488 3310 582 3345 eorum
596 3295 683 3346 sciens
736 3294 775 3359 git
790 3312 862 3346 nunc
877 3297 1030 3362 parabolam
1050 3298 1084 3348 de
1098 3299 1222 3352 invitatis
1234 3299 1265 3352 ud

150 3373 328 3429 voluntatem,
357 3365 537 3416 nihilominus
563 3364 682 3430 increpat

150 3446 305 3504 saevientes,
332 3455 380 3491 nec
402 3438 500 3490 timore
523 3447 680 3503 superatur,

149 3516 295 3583 quominus
319 3519 413 3576 arguat
433 3517 590 3573 peccatores.
609 3508 679 3559 Hinc

147 3589 230 3638 habes
241 3590 441 3652 argumentum,
454 3579 527 3644 quod
542 3578 566 3628 si
579 3579 679 3644 praedi-

147 3659 216 3709 catio
235 3667 281 3707 tua
303 3671 358 3704 non
384 3650 464 3701 fuerit
483 3664 590 3715 semper
610 3665 678 3700 con-

147 3739 236 3779 secuta
248 3725 380 3783 effectum,
397 3737 452 3771 non
466 3720 526 3770 ideo
540 3718 651 3771 desistas
663 3735 679 3772 a

139 3799 334 3866 praedicatione
356 3805 383 3847 et
398 3792 602 3859 redargutione;
619 3809 679 3844 ma-

146 3871 219 3923 xime
243 3870 265 3922 si
291 3884 352 3934 spes
379 3875 419 3918 est
442 3865 492 3916 tibi
515 3865 548 3915 de
572 3880 676 3930 eorum,

736 3369 843 3434 nuptias
858 3370 939 3436 regis,
957 3386 1025 3437 quas
1041 3370 1105 3422 fecit
1117 3371 1176 3425 filio
1192 3389 1265 3426 suo:

734 3455 852 3505 quorum
879 3443 991 3508 quidam
1018 3443 1110 3495 venire
1136 3447 1266 3513 neglexe-

733 3521 806 3572 runt,
828 3512 939 3578 quidam
963 3529 1027 3564 vero
1053 3529 1146 3567 servos
1169 3516 1266 3570 missos

733 3583 907 3634 contumeliis
924 3584 1032 3635 affectos
1053 3586 1225 3652 occiderunt;
1242 3596 1266 3639 et

732 3653 766 3703 de
782 3652 843 3704 aliis
861 3654 940 3706 bonis
961 3664 988 3705 et
1005 3656 1084 3707 malis
1103 3659 1208 3711 vocatis
1220 3657 1266 3727 qui

731 3734 875 3785 venerunt,
900 3735 927 3776 et
951 3726 983 3776 ad
1012 3723 1123 3793 nuptias
1148 3728 1266 3781 intrave-

731 3803 805 3845 runt.
818 3795 893 3847 Hanc
912 3796 1066 3863 parabolam
1085 3797 1219 3853 inducit:
1237 3808 1267 3851 ut

730 3867 780 3920 Dei
796 3868 1040 3936 longanimitatem,
1059 3880 1088 3924 et
1105 3872 1265 3941 patientiam
