2632 4320
155 284 208 336 260
292 346 295 354 ,

156 400 232 451 mino
246 398 358 459 detenti,
375 408 401 450 et
415 399 450 448 ob
470 397 590 464 pecuniae
609 396 687 463 cupi-

154 473 264 523 ditatem
284 470 465 537 negotiatione
485 469 614 535 occupati.
634 468 686 519 Ubi

156 543 368 610 Chrysostomus
392 558 400 591 .·
430 560 443 588 a
470 541 493 591 Ο
518 538 688 591 miserrimus

156 614 285 673 mundus,
297 622 323 663 et
336 612 427 663 miseri
437 614 484 678 qui
499 628 561 662 eum
574 626 688 676 sequun-

155 683 212 734 tur!
231 683 343 749 Semper
358 683 431 734 enim
445 681 594 733 mundialia
608 696 688 747 opera

155 755 282 806 homines
298 755 468 805 excluserunt
487 770 503 805 a
520 752 583 804 vita.
602 771 615 799 n
631 753 687 802 Re-

156 825 222 891 liqui
247 841 309 876 vera
336 832 475 876 tenuerunt
496 838 589 875 servos
612 823 685 890 ejus,

155 903 182 948 et
196 898 363 949 contumeliis
380 897 493 963 affectos
510 895 686 946 occiderunt:

155 971 220 1038 quia
232 971 348 1022 loannes
364 971 482 1036 Baptista
494 979 533 1020 est
545 969 578 1019 ab
588 967 627 1018 eis
641 967 687 1017 in-

153 1052 303 1092 carceratus
322 1051 348 1092 et
369 1040 482 1101 occisus,
503 1055 607 1090 necnon
627 1041 687 1089 Ste-

155 1113 263 1179 phanus
277 1124 303 1164 et
316 1114 440 1173 lacobus,
452 1123 478 1163 et
491 1112 536 1162 alii
551 1111 686 1177 discipuli,

155 1193 180 1234 et
189 1184 315 1234 similiter
325 1183 404 1233 multi
417 1183 446 1233 in
457 1184 627 1232 Testamenta
638 1183 688 1232 Ve-

154 1253 219 1316 teri,
240 1253 312 1319 quia,
332 1253 404 1319 quod
420 1262 459 1302 est
478 1251 595 1318 gravius,
614 1267 686 1301 non-

154 1324 221 1374 nulli
233 1324 319 1374 vocati
332 1323 444 1389 gratiam
462 1339 518 1373 non
536 1323 625 1372 solum
642 1338 686 1372 re-

95 1442 98 1449 .
153 1405 264 1460 spuunt,
273 1393 687 1460 sedetiampersequuntur.Rex

155 1472 243 1516 autem
255 1479 313 1515 cum
327 1466 455 1528 audisset,
467 1465 554 1514 iratus
563 1471 611 1527 est,
623 1465 686 1530 quia

154 1551 169 1586 a
187 1535 306 1585 Domino
324 1536 421 1586 merito
439 1551 486 1601 pro
506 1534 604 1585 talibus
621 1545 686 1585 sunt

155 1606 258 1673 puniti;
283 1613 309 1656 et
328 1607 419 1657 missis
434 1606 598 1657 exercitibus
618 1606 684 1669 suis,

154 1677 257 1728 scilicet
280 1679 480 1738 Romanorum,
503 1677 554 1727 sub
581 1677 686 1727 Princi-

154 1749 234 1815 pibus
257 1749 421 1814 Vespasiano
441 1757 467 1799 et
486 1748 562 1808 Tito,
586 1747 632 1813 qui
653 1762 685 1797 ex

154 1820 245 1872 divina
265 1820 431 1870 ordinatione
443 1830 574 1870 venerunt
592 1828 685 1869 contra

152 1893 313 1952 Jerusalem,
338 1891 542 1957 quadragesimo
567 1891 684 1940 secundo

155 1979 227 2014 anno
247 1974 307 2028 post
321 1961 422 2012 Christi
438 1962 602 2021 Passionem,
616 1975 684 2027 per-

154 2038 225 2088 didit
240 2037 388 2102 homicidas
402 2037 472 2097 illos,
490 2035 536 2101 qui
555 2035 584 2085 in
600 2035 684 2085 ultio-

154 2122 216 2157 nem
240 2106 381 2171 sanguinis
403 2105 504 2156 Christi
525 2115 551 2156 et
571 2120 684 2154 suorum

153 2176 349 2241 discipulorum
363 2175 396 2224 ab
413 2175 529 2224 exercitu
545 2176 684 2224 Romano-

152 2264 213 2298 rum
234 2257 297 2297 sunt
317 2246 441 2296 trucidati
460 2257 486 2296 et
505 2247 644 2312 captivati3
659 2254 685 2298 et

152 2319 286 2370 civitatem
314 2318 421 2369 illorum
447 2318 595 2381 succendit,
620 2318 684 2384 quia

151 2400 214 2441 tunc
224 2392 369 2442 Jerusalem
383 2399 424 2440 est
438 2404 571 2454 succensa,
583 2399 608 2440 et
619 2401 684 2441 tem·

152 2464 228 2529 plum
244 2463 272 2513 in
287 2478 325 2513 ea.

183 2551 201 2600 4
219 2535 318 2584 lunare
339 2548 682 2593 venrnanotsnrraus,1u-

152 2621 287 2655 vrrnurun
313 2605 456 2655 Gaurrrss.
479 2632 509 2641 —
540 2605 568 2654 T
567 2618 617 2655 unc
642 2604 683 2654 ait

151 2679 238 2729 servis
252 2678 317 2740 suis,
335 2677 434 2727 scilicet
448 2677 584 2741 Apostolis
598 2687 624 2727 et
637 2677 681 2727 di-

148 2748 261 2813 scipulis
277 2762 324 2818 per
340 2746 526 2797 revelationem
546 2764 553 2797 t
570 2747 682 2813 Nuptiae

149 2818 253 2883 quidem
270 2823 380 2882 parata
395 2823 464 2879 sunt,
480 2816 507 2866 id
524 2826 564 2867 est
578 2827 680 2883 myste-

149 2889 189 2938 ria
207 2888 310 2939 Christi
334 2888 444 2954 impleta
461 2897 535 2949 sunt,
552 2898 578 2939 et
599 2905 681 2940 omne

147 2968 344 3010 sacramentum
368 2959 568 3020 lucarnationis,
584 2969 609 3010 et
627 2960 680 3010 hu-

148 3043 235 3079 manae
248 3029 457 3094 dispensationis
470 3030 523 3095 jam
544 3041 679 3096 peractum

146 3110 203 3161 est,
228 3110 254 3151 et
276 3102 441 3166 completum
463 3118 470 3152 ι
490 3114 521 3153 ut
545 3104 678 3163 nativitas,

148 3171 311 3238 pradicatio,
327 3171 427 3231 Passio,
440 3181 465 3222 et
476 3172 641 3238 hujusmodi3
654 3180 680 3225 et

147 3243 193 3309 qui
211 3241 316 3292 inritati
338 3248 416 3292 erant
438 3258 485 3308 per
506 3245 612 3311 Legem,
633 3260 681 3311 per

149 3314 310 3380 Prophetas,
334 3328 380 3379 per
402 3314 555 3380 Apostolos,
580 3317 680 3367 scilicet

146 3384 243 3446 Judaei,
257 3399 308 3435 non
324 3385 440 3450 suerunt
461 3385 547 3451 digni,
572 3397 680 3453 propter

149 3471 227 3507 suam
252 3454 474 3505 incredulitatem.
494 3455 535 3506 Ite
555 3470 622 3523 ergo
643 3457 680 3508 ad

147 3529 240 3579 exitus
261 3528 374 3590 viarum,
393 3527 419 3577 id
439 3537 479 3577 est
496 3528 529 3577 ad
551 3529 678 3589 Gentiles,

147 3600 304 3651 extrariam
319 3611 446 3664 errantes,
460 3610 485 3650 et
500 3600 679 3666 dispersiones

148 3671 286 3731 Gentium,
299 3679 325 3723 et
338 3685 505 3738 quoscunque
518 3672 678 3736 inveneritis,

146 3741 174 3790 id
189 3751 228 3792 est
250 3743 435 3810 cujuscunque
454 3758 533 3794 sexus
555 3744 597 3794 vel
615 3753 679 3794 aeta-

146 3812 191 3872 tis,
215 3815 398 3882 cujuscunque
418 3826 503 3867 status
522 3815 563 3866 vel
589 3815 680 3883 digni-

146 3882 217 3948 tatis,
235 3886 417 3954 cujuscunque
440 3886 617 3954 professionis
638 3888 680 3939 vel

440 279 614 332 SECUNDAE
631 278 754 329 PARTlS
770 278 886 335 CAPUT
901 280 1020 331 XXXlV.

744 394 915 456 conditionis,
932 395 992 446 sine
1010 395 1162 461 acceptione
1179 408 1276 460 perso-

741 480 845 526 narum,
855 472 959 517 uocate
984 466 1022 516 ad
1047 465 1165 531 nuptias,
1186 465 1213 515 id
1234 475 1276 516 est

740 537 773 587 ad
794 537 874 587 fidem
898 537 1102 598 lncarnationis,
1116 537 1182 605 quia
1207 537 1276 587 nul-

739 610 782 660 lus
803 610 897 660 volens
916 608 997 659 fidem
1021 609 1123 661 Christi
1145 609 1276 675 recipere,

739 691 780 731 est
805 680 982 746 repellendus.
1010 681 1050 731 Et
1072 682 1180 747 egressi
1202 681 1278 732 serui

739 755 797 819 ejus
806 760 1043 820 congregaverunt
1056 768 1147 806 amnes
1158 769 1226 820 quas
1239 755 1276 804 in-

739 831 873 886 venerunt,
898 825 985 875 malos
1001 831 1028 875 et
1050 825 1139 888 tonos,
1160 824 1227 891 quia
1248 825 1276 875 in

739 896 857 946 Ecclesia
871 896 1004 947 militante
1015 896 1127 946 admixti
1143 906 1207 946 sunt
1222 911 1277 947 ma-

739 965 758 1015 li
779 981 841 1015 cum
857 966 952 1030 bonis;
971 973 997 1018 et
1018 966 1134 1032 impleta
1148 971 1213 1017 sunt
1226 981 1277 1017 nu-

736 1039 803 1104 ptiae
817 1039 1046 1103 discumbentium,
1063 1039 1137 1105 quia,
1152 1048 1183 1089 ut
1202 1055 1275 1105 prae-

738 1109 840 1159 dictum
861 1120 915 1174 est,
938 1111 1005 1160 fides
1025 1110 1155 1160 catholica
1173 1110 1276 1162 diffusa

738 1193 778 1233 est
793 1199 840 1249 per
854 1185 948 1234 orbem
963 1184 1133 1248 universum;
1149 1184 1202 1248 vel,
1222 1185 1276 1236 im-

734 1254 818 1320 pletae
838 1260 909 1317 sunt,
932 1264 958 1305 et
971 1264 1104 1322 quantum
1127 1255 1159 1304 ad
1174 1269 1275 1305 nurne-

738 1340 809 1387 rum,
830 1334 856 1374 et
878 1335 1010 1390 quantum
1032 1326 1064 1375 ad
1084 1324 1225 1389 meritum,
1249 1335 1276 1377 et

739 1403 872 1459 quantum
894 1395 926 1444 ad
952 1393 1208 1460 praeordinationem
1231 1395 1275 1445 di-

737 1465 839 1528 vinam,
860 1465 933 1530 quod
957 1465 1008 1515 erit
1031 1464 1061 1515 in
1086 1464 1140 1515 fine
1164 1467 1274 1527 mundi,

737 1535 845 1602 quando
866 1535 1045 1601 complebitur
1066 1550 1198 1586 numerus
1218 1537 1275 1587 ele-

738 1618 851 1657 ctorum.

772 1679 784 1730 5
809 1680 868 1730 Cua
893 1679 1001 1730 centris
1022 1696 1112 1731 vrrsrrs
1132 1695 1277 1735 surmus

737 1751 858 1801 nrcrrua?
872 1779 902 1789 —
912 1751 1031 1802 Intravit
1040 1757 1128 1801 autem
1139 1752 1216 1816 Rex,
1227 1751 1275 1802 sci-

736 1822 797 1874 licet
813 1824 894 1883 Deus,
914 1823 947 1872 ad
971 1823 1112 1888 iudicium,
1127 1831 1185 1874 tota
1199 1823 1273 1875 enim

736 1893 854 1943 Trinitas
865 1893 1003 1959 judicabit,
1014 1893 1042 1942 id
1057 1903 1097 1944 est
1107 1894 1204 1945 reddet
1215 1894 1273 1945 uni·

735 1964 833 2030 cuique
848 1979 896 2029 pro
911 1962 1030 2026 meritis;
1049 1969 1077 2016 ut
1091 1964 1196 2016 videret
1212 1965 1271 2016 dis-

736 2036 891 2097 cumbentes,
902 2035 928 2084 id
939 2043 979 2085 est
989 2034 1017 2083 in
1027 2033 1080 2085 fide
1090 2034 1271 2101 quiescentes,

735 2107 897 2165 attendendo
918 2107 1018 2157 seilicet
1040 2106 1124 2158 vitam
1138 2106 1270 2168 fidelium,

736 2186 763 2228 et
780 2179 956 2229 discernendo
979 2178 1074 2228 merita
1096 2189 1122 2229 et
1143 2179 1271 2230 demerita

735 2265 841 2315 eorum;
853 2250 945 2301 fideles
956 2250 1029 2301 enim
1040 2250 1176 2315 pertinent
1186 2253 1218 2303 ad
1227 2253 1269 2317 ju·

734 2320 844 2384 dicium,
859 2337 921 2372 nam
940 2339 945 2371 :
964 2321 1009 2386 qui
1029 2335 1092 2372 non·
1105 2323 1201 2387 credit,
1210 2322 1269 2390 jam

727 2392 870 2458 judicatus
883 2399 932 2444 est.
950 2395 1033 2444 lntrat
1047 2403 1137 2443 autem
1153 2395 1268 2461 duplici-

734 2471 783 2521 ter,
804 2463 905 2513 scilicet
922 2480 929 2512 :
947 2463 1109 2528 generaliter
1128 2463 1158 2513 in
1180 2464 1267 2516 futuro

734 2534 841 2598 judicio,
856 2546 882 2584 et
901 2530 1051 2600 specialiter
1073 2533 1102 2584 in
1118 2546 1207 2587 morte
1221 2551 1266 2587 cu·

733 2605 841 2669 juslibet
855 2605 984 2654 hominis.
998 2605 1030 2654 Et
1045 2614 1111 2655 nota
1122 2607 1198 2672 quod
1210 2605 1265 2656 dis·

734 2675 860 2725 cumbere
888 2675 915 2724 in
947 2674 1048 2740 nuptiis
1079 2675 1202 2738 Christi,
1228 2686 1264 2727 est

733 2745 907 2795 sacramentis
918 2745 1042 2795 Ecclesiae
1053 2745 1222 2813 participare,
1231 2744 1262 2796 ti-

733 2817 793 2866 dem
818 2817 918 2868 Christi
943 2818 1056 2877 habere,
1084 2828 1111 2868 et
1137 2818 1264 2871 beneficiis

732 2887 780 2937 Dei
800 2897 880 2953 atque
902 2888 996 2954 gratiis
1016 2889 1074 2953 ejus
1091 2890 1207 2956 perfrui.
1224 2889 1264 2941 Et

732 2960 800 3011 uidit
814 2961 851 3011 iti
865 2962 1004 3024 hominem,
1018 2961 1045 3011 id
1057 2972 1098 3013 est
1108 2971 1199 3015 totum
1212 2978 1263 3017 eoe·

731 3042 789 3083 tum
811 3034 955 3097 malorum,
979 3033 1026 3113 qui
1048 3034 1076 3084 in
1096 3035 1202 3087 malitia
1221 3050 1262 3087 so·

731 3104 793 3155 ciati
815 3113 879 3154 sunt
899 3104 926 3154 in
950 3121 1046 3165 unum,
1068 3120 1121 3157 non
1145 3106 1262 3158 vestitum

731 3183 803 3228 veste
818 3176 943 3244 nuptiali,
963 3177 990 3227 id
1008 3187 1049 3227 est
1065 3177 1213 3230 habentem
1230 3176 1261 3228 fi-

730 3249 791 3299 dem
813 3247 923 3309 Christi,
940 3265 994 3300 non
1018 3265 1107 3315 opera.
1128 3250 1207 3313 Nam,
1223 3264 1262 3302 se·

731 3322 848 3373 cundum
871 3322 1077 3390 Hieronymum,
1104 3323 1188 3374 vestis
1213 3339 1261 3375 nu-

731 3393 821 3458 ptialis
850 3403 979 3458 praecepta
1003 3403 1068 3444 sunt
1090 3393 1215 3457 Domini,
1239 3402 1262 3445 et

731 3479 811 3529 opera
828 3478 889 3529 quae
909 3464 1078 3530 complentur
1092 3479 1127 3515 ex
1144 3464 1226 3532 Lege,
1240 3473 1264 3515 et

732 3535 888 3602 Evangelio,
914 3535 1031 3602 novique
1054 3536 1181 3589 hominis
1206 3534 1263 3588 effi-

731 3607 806 3658 ciunt
824 3607 1024 3659 vestimentum.
1043 3610 1094 3660 lste
1114 3610 1201 3662 homo
1216 3610 1263 3661 lra-

731 3678 799 3728 bens
819 3677 899 3729 fidem
922 3679 980 3730 sine
1000 3679 1140 3746 operibus,
1161 3681 1196 3731 ad
1214 3695 1264 3731 nu·

731 3747 801 3813 ptias
822 3747 944 3800 Ecclesiae
960 3759 1046 3814 portat
1064 3763 1096 3800 os
1115 3759 1143 3801 et
1166 3750 1264 3810 dentes,

732 3817 860 3869 omittens
869 3817 931 3869 vitae
941 3818 1171 3884 compositionem
1180 3830 1265 3873 etmo

732 3904 782 3941 res.
797 3888 857 3952 Vel,
872 3903 924 3941 non
938 3889 1062 3942 vestitum
1076 3898 1152 3944 ueste
1165 3892 1268 3961 nuptia.
