2632 4320
304 279 351 329 DE
368 278 559 330 ΡΕΤΙΤΙΟΝΕ
571 277 744 330 FlLiORUM
761 278 931 330 ZEBEDAEI.
1125 280 1171 333 161

479 656 646 728 CAPUT
669 658 754 726 XXI

299 907 352 975 De
378 905 547 998 petitione
569 906 730 998 filiorum
751 907 924 977 Zebeuaei.

283 1155 427 1218 Matthaei
453 1177 520 1238 cap.
545 1177 587 1219 20
613 1168 643 1217 et
671 1156 772 1218 Marci
801 1178 868 1240 cap.
897 1179 945 1223 ro.

88 1397 178 1447 rCun
204 1411 315 1446 munies
345 1397 494 1446 Passionem
523 1411 592 1446 suun

52 1469 207 1518 Arosronrs
218 1483 384 1517 armaturam
404 1468 526 1518 Doumtu
537 1467 553 1517 't
561 1494 592 1506 -

56 1541 119 1589 Post
134 1538 196 1588 haec
211 1539 332 1589 ascendit
346 1541 424 1589 Jesus
436 1552 531 1589 versus
542 1539 592 1590 Je-

54 1609 238 1676 rosolymmn,
265 1625 325 1675 quae
359 1619 481 1675 respectu
505 1609 592 1660 totius

53 1689 132 1730 terrae
146 1679 338 1745 promissionis
364 1680 415 1730 sita
427 1690 468 1731 est
485 1681 512 1731 in
526 1682 590 1742 alto,

55 1763 82 1802 et
94 1761 206 1818 propter
222 1753 274 1802 hoc
292 1752 325 1801 ab
340 1752 402 1802 aliis
415 1754 535 1818 partibus
554 1753 591 1803 ii·

55 1823 100 1872 luc
112 1822 252 1873 venientes
269 1823 345 1872 ibant
363 1824 549 1888 ascendend03
565 1833 592 1874 et

56 1893 224 1958 pmoedebnt
244 1893 390 1960 discipulos
404 1909 476 1954 suos,
491 1904 531 1953 ut,
546 1909 591 1944 se-

56 1966 178 2016 cundum
222 1967 404 2033 Theophilum,
440 1968 593 2018 ostenderet

57 2038 129 2104 quod
153 2039 186 2089 ad
210 2038 364 2089 Passionem
392 2039 541 2105 praecurrit,
567 2048 593 2089 et

60 2125 113 2159 non
127 2108 231 2174 refugit
245 2120 360 2160 mortem
378 2126 426 2176 pro
441 2119 533 2161 nostra
547 2124 593 2160 sa-

59 2181 122 2230 lute.
137 2180 206 2230 illuc
224 2180 280 2231 ibat
294 2196 422 2246 passurus
440 2197 489 2248 pro
504 2181 591 2242 nubis,

60 2261 85 2301 et
98 2265 150 2301 nos
162 2253 317 2316 praecedens
335 2263 360 2302 et
376 2268 426 2302 nos
446 2253 592 2318 instruens,

63 2325 133 2389 quod
155 2325 247 2391 ipsum
270 2325 298 2376 in
314 2326 443 2392 operibus
460 2328 593 2393 preniten-

62 2395 104 2447 tiae
119 2396 201 2462 sequi
215 2397 382 2448 debeamus:
394 2399 434 2448 Et
454 2406 593 2466 sequentes

66 2468 188 2535 discipuli
218 2469 353 2532 timebant,
381 2471 446 2537 quia
471 2472 594 2523 nondum

66 2539 170 2604 perfecti
190 2556 277 2608 usque
293 2543 324 2592 ad
338 2543 507 2594 tolerantiam
520 2559 595 2594 mar>-

66 2610 123 2675 tyrii
136 2622 220 2663 erant.
236 2612 277 2671 Et,
287 2622 316 2662 ut
325 2613 391 2663 dicit
405 2614 491 2674 Beda,
503 2614 596 2664 memi-

69 2692 155 2732 nerant
163 2683 298 2733 sermonis
312 2685 371 2749 ejus
385 2700 440 2751 quo
456 2699 485 2735 se
497 2699 595 2750 passu·

68 2767 122 2803 rum
139 2755 226 2805 multa
241 2770 256 2804 a
269 2757 386 2806 summis
401 2757 594 2818 sacerdotibus,

70 2832 90 2871 et
100 2824 210 2885 Scribis,
225 2835 252 2876 et
267 2826 445 2878 occidendum
460 2844 518 2879 esse
530 2843 596 2895 prm,

10 2888 12 2937 Ξ
70 2890 137 2951 dixit,
163 2904 316 2945 metuentes
341 2912 375 2946 ne
396 2899 438 2948 vel
463 2897 516 2964 ipsi
531 2913 595 2948 cum

10 3880 13 3913 t

10 3934 14 3985 i

71 2974 96 3010 eo
108 2963 302 3029 occiderentur,
321 2967 363 3016 vei
375 2968 470 3018 saltem
484 2968 539 3027 ille,
553 2984 596 3018 cu·

72 3032 106 3111 ius
128 3035 182 3086 vita
204 3046 231 3087 et
253 3038 409 3105 magisterio
434 3040 594 3107 gaudebant,

73 3104 240 3158 inimicorum·
264 3110 391 3161 manibus
414 3112 594 3162 occumberet.

75 3175 248 3232 triturans
261 3197 290 3232 se
304 3183 384 3245 avia,
399 3186 554 3250 assumpsit,
570 3198 596 3238 et

74 3246 99 3296 ad
114 3261 215 3315 partem
231 3252 313 3302 traxit
324 3269 458 3315 seorsum,
472 3265 498 3306 et
512 3269 597 3307 serre·

75 3321 96 3367 ta
115 3320 253 3373 duodecim
275 3322 424 3390 discipulos
445 3339 519 3388 suos,
534 3336 596 3376 tan-

73 3402 145 3454 quam
163 3392 344 3459 perfectiores,
360 3405 455 3462 typum
470 3398 595 3464 praelato·

71 3477 125 3515 tum
158 3477 289 3533 gerentes,
319 3485 375 3519 non
399 3470 523 3523 infirmos
547 3471 594 3538 qui

72 3546 176 3597 possent
199 3538 383 3599 scandalizari,
412 3540 477 3607 quia
508 3542 596 3593 noluit

70 3606 192 3659 omnibus
209 3621 309 3660 secreta
327 3626 376 3661 sua
390 3613 518 3679 mysteria
528 3614 596 3665 indi·

69 3690 141 3741 ctre3
155 3690 181 3730 et
196 3689 262 3730 tunc
286 3681 326 3732 eis
345 3682 399 3748 iam
422 3694 516 3751 quarta
538 3685 596 3737 vice

68 3751 224 3816 mysterium
238 3768 296 3804 sure
312 3754 451 3808 Passionis
464 3767 490 3809 et
503 3772 595 3809 resur-

124 3891 195 3944 Vrrs
209 3892 274 3945 Jnsu
285 3892 406 3959 Citnrsrr,
424 3912 511 3951 rouus
526 3899 569 3951 111.

647 1397 775 1448 rectionis
799 1399 932 1464 praedixit.
964 1399 1042 1459 Quia,
1057 1408 1089 1449 ut
1112 1398 1178 1450 dicit

649 1468 822 1533 Theophilus,
833 1469 996 1519 conveniens
1010 1479 1065 1519 erat
1078 1469 1179 1520 Passio·

645 1539 689 1590 nis
702 1541 864 1606 mysterium
884 1541 1126 1607 propinquioribus
1137 1541 1179 1592 si-

645 1611 672 1661 bi
684 1612 808 1662 revelare,
821 1613 899 1662 Unde
912 1624 939 1662 et
949 1613 1179 1678 Citrysostomus:

645 1701 659 1728 a
669 1683 767 1734 Omnis
778 1684 863 1750 gloria
881 1684 939 1743 Dei,
955 1695 981 1734 et
994 1684 1084 1734 omnis
1105 1685 1180 1736 salus

643 1752 799 1814 hominum,
819 1753 847 1803 in
863 1754 964 1806 Christi
985 1765 1072 1804 morte
1092 1755 1180 1821 posita
1271 1797 1273 1801 .

644 1835 693 1875 est.
709 1825 788 1875 Nulia
800 1824 873 1874 enim
888 1841 930 1875 res
941 1834 982 1875 est
990 1840 1051 1891 quae
1062 1825 1179 1891 amplius

645 1897 677 1948 ad
710 1898 824 1947 salutem
861 1895 1009 1946 hominum
1038 1895 1178 1960 pertineat,

645 1983 728 2034 quam
754 1981 830 2016 mors
851 1966 953 2032 ipsius;
974 1981 1022 2016 nec
1046 1975 1087 2016 est
1104 1966 1179 2016 aliud

645 2036 750 2104 aliquid
780 2046 889 2102 propter
911 2037 984 2102 quod
1014 2036 1099 2102 magis
1122 2037 1180 2087 Deo

647 2109 745 2175 gratias
757 2123 835 2174 agere
849 2108 1007 2168 habeamus,
1021 2122 1103 2173 quarn
1118 2121 1179 2173 pro-

646 2193 707 2249 pter
729 2193 847 2233 mortem
873 2181 960 2247 ipsius
989 2198 997 2231 ε
1025 2181 1085 2232 ideo
1114 2197 1179 2232 cum

647 2253 764 2320 plurima
788 2253 867 2304 turba
890 2252 1011 2303 fidelium
1024 2262 1180 2318 sequeretur

647 2342 720 2388 eum,
746 2325 774 2375 in
803 2326 846 2375 via
871 2324 1013 2376 duodecim
1037 2324 1180 2388 Apostolos

648 2400 721 2448 solos
734 2397 797 2447 tulit
818 2397 848 2447 in
869 2407 979 2458 secreto,
999 2406 1025 2445 et
1041 2395 1096 2445 illis
1118 2405 1181 2444 tan-

647 2468 791 2519 tummodo
817 2466 914 2515 mortis
936 2481 991 2515 suae
1008 2464 1181 2515 annuntiavit

648 2537 820 2605 mysterium,
840 2537 905 2603 quia
917 2551 1024 2601 semper
1037 2535 1182 2600 pretiosior

648 2608 835 2660 thesaurusin
859 2607 1019 2657 melioribus
1041 2605 1113 2657 vasis
1137 2606 1182 2657 in·

649 2681 775 2732 cluditur.
808 2699 822 2728 u
855 2680 888 2731 Et
911 2680 1072 2741 notandum,
1108 2680 1182 2745 quod

649 2751 775 2804 Christus
801 2751 956 2802 Passionem
971 2767 1048 2802 suam
1065 2760 1093 2801 et
1107 2766 1182 2800 mor-

650 2835 706 2875 tem
728 2823 830 2889 pluries
850 2822 997 2888 discipulis
1018 2821 1076 2872 suis
1106 2836 1185 2888 prae·

649 2895 718 2946 dixit
741 2912 749 2945 :
773 2893 881 2961 ptimo,
915 2903 1058 2959 postquam
1088 2893 1183 2943 Petrus

649 2967 788 3017 confessus
815 2965 867 3015 fuit
900 2981 962 3015 eum
988 2965 1089 3015 Filium
1112 2963 1180 3029 Dei3

650 3040 782 3101 secundo,
807 3048 957 3104 postquam
979 3037 1184 3104 transfiguratus

649 3111 702 3161 fuit
712 3111 740 3160 in
752 3117 844 3159 monte
855 3125 862 3171 ;
875 3109 963 3161 tertio.
979 3109 1092 3170 ibidem,
1104 3118 1182 3174 post-

650 3196 732 3248 quam
757 3180 860 3230 curavit
880 3180 1050 3244 lunaticum3
1074 3187 1182 3245 quarto,

650 3253 678 3303 in
695 3253 820 3318 praesenti
835 3254 907 3316 loco;
923 3253 1029 3318 quinto,
1048 3252 1077 3301 in
1092 3259 1183 3300 monte

651 3323 759 3388 Oliveti,
781 3324 871 3375 dicens
891 3342 898 3375 ι
921 3326 1007 3375 Scitis
1037 3324 1100 3389 quia
1122 3328 1185 3388 post

650 3398 756 3449 biduum
779 3397 888 3449 Pascha
898 3398 957 3463 flet,
974 3407 1023 3447 etc.
1034 3397 1068 3446 Et
1084 3396 1136 3445 hoc
1154 3393 1185 3444 fit

650 3481 760 3537 propter
765 3471 849 3536 plura.
858 3469 958 3528 Primo,
969 3478 999 3518 ut
1008 3467 1186 3534 colloquendo

649 3559 714 3594 cum
730 3543 877 3594 carissimis
897 3542 991 3592 amicis
1012 3541 1069 3591 suis
1084 3539 1186 3591 revela·

650 3628 691 3669 ret
714 3618 770 3669 illis
789 3627 887 3669 secreta
910 3632 965 3666 suae
984 3615 1097 3677 mentis;
1122 3613 1188 3682 quia

650 3697 749 3739 secreta
763 3687 890 3755 mysteria
904 3695 966 3735 sunt
982 3695 1087 3734 tantum
1106 3685 1188 3750 majo-

649 3760 726 3811 ribus
752 3758 892 3810 rerelanda
911 3767 938 3807 et
960 3755 1113 3823 detegenda,
1137 3771 1188 3807 cu-

1025 3911 1053 3946 tt
