2632 4320
106 324 150 376 DE
167 325 271 376 CONF.
283 325 391 377 VERAE
405 325 510 386 FIDEl,
521 325 622 385 QUAM
641 325 777 377 PETRUS
793 325 899 377 FECIT
917 325 986 376 PRO
1001 325 1123 377 OMNIB.
1156 343 1172 395 t)

64 440 118 491 liter
134 441 262 506 arguendi
277 441 416 507 majorem,
438 439 502 508 quia
522 439 586 491 inf-

65 511 112 562 rior
130 528 186 562 non
200 513 277 564 debet
294 513 323 564 in
345 513 453 579 publico
475 527 586 578 arguere

65 585 228 650 superiorem.
251 586 387 639 Dominus
409 596 498 638 autem
519 600 585 637 eon-

65 670 157 718 versus,
170 656 196 707 id
210 667 251 707 est
264 657 332 709 facie
346 673 421 709 versa
431 659 464 708 ad
474 657 584 708 Petrum

65 741 134 792 quem
150 728 322 793 praecedebat,
341 739 372 779 ut
392 728 430 780 sic
444 742 585 779 conversus

65 813 118 849 eum
137 799 266 866 aspiceret
287 811 313 851 et
337 799 470 852 efficacius
495 815 585 867 argue-

65 879 105 929 ret,
116 869 188 920 dixit
201 868 235 934 ei,
250 871 387 937 arguendo
401 870 490 938 ipsum
506 887 513 921 ε
536 872 585 920 Va·

65 939 159 1008 depost
169 956 211 992 me
224 942 411 994 conformitate
425 943 582 1005 voluntatis;

64 1021 85 1060 et
94 1018 173 1076 retro,
185 1028 240 1063 non
255 1023 348 1065 contra
361 1029 414 1077 me,
426 1014 540 1077 Satana,
556 1013 583 1064 id

62 1091 95 1132 est
117 1084 266 1135 adversarie
291 1095 319 1152 et
343 1085 490 1149 contrarie;
521 1084 584 1151 quia

63 1169 118 1208 mete
130 1157 263 1208 voluntati
284 1169 310 1209 et
330 1157 380 1209 vite
400 1159 494 1210 salutis
508 1174 584 1210 com-

63 1226 143 1278 munis
167 1228 323 1290 adversaris,
346 1239 373 1280 et
393 1228 525 1279 contraria
548 1229 583 1279 lo-

62 1298 155 1362 queris3
173 1300 284 1349 Satanas
300 1299 373 1349 enim
395 1299 583 1366 interpretatur

62 1367 301 1431 advesariussive
316 1371 479 1422 contrarius.
499 1370 581 1430 Quasi

62 1437 171 1490 diceret:
191 1439 253 1490 Non
274 1440 422 1492 adverseris
437 1440 517 1501 mihi,
536 1442 581 1492 sed

62 1508 153 1574 applica
170 1511 336 1562 voluntatem
356 1521 430 1564 tuam
455 1527 521 1563 meae
539 1527 582 1562 vo

62 1577 160 1643 luntati3
173 1591 200 1631 et
215 1581 270 1632 noli
281 1581 412 1648 impedire
425 1583 580 1635 Passionem

63 1663 148 1711 meam,
166 1651 212 1701 sed
230 1652 318 1718 magis
338 1667 457 1718 sequere,
475 1663 502 1704 et
521 1663 582 1719 post

63 1738 98 1773 me
109 1726 193 1775 eundo
207 1725 319 1792 vestigia
332 1741 391 1777 mea
402 1725 516 1778 imitare.
527 1727 580 1778 Ubi

65 1793 182 1862 Origenes
194 1817 203 1849 .·
217 1818 231 1845 a
240 1800 337 1850 Beatus
349 1809 438 1851 autem
452 1801 485 1851 ad
498 1816 579 1867 quem

65 1870 213 1922 convertitur
229 1872 363 1933 Christus,
379 1872 484 1925 etiamsi
500 1873 581 1924 corri-

65 1939 141 2004 piendi
155 1959 234 1996 causa
250 1945 424 1997 convertitur!
439 1966 453 1994 u
471 1947 503 1997 Et
520 1948 581 1997 sub

63 2013 135 2082 jungit
146 2017 281 2069 Dominus
293 2035 300 2070 :
316 2019 481 2072 Scandalum
496 2034 524 2071 es
535 2021 582 2071 mi-

64 2083 98 2148 ii,
123 2087 149 2138 id
174 2099 215 2140 est
242 2089 289 2140 das
315 2089 384 2141 mihi
411 2092 579 2144 occasionem

64 2155 214 2220 offensionis,
233 2169 259 2210 et
273 2175 316 2211 me
332 2161 455 2224 offendis,
470 2162 534 2228 quia
551 2163 579 2212 in

63 2223 104 2277 isto
122 2227 190 2279 iacto
211 2243 263 2280 non
285 2231 361 2297 sapis
381 2247 425 2296 ea,
447 2247 507 2299 quae
529 2233 582 2284 Dei

63 2304 119 2363 tunt,
134 2299 340 2366 dispositionem
350 2303 399 2353 Dei
410 2304 443 2354 de
452 2319 512 2355 mea
524 2305 582 2354 Pas

63 2366 126 2420 sione
145 2368 357 2435 considerando,
381 2375 430 2426 sed
450 2390 498 2440 ea,
522 2390 582 2441 quoe

62 2435 189 2505 hominum,
218 2441 265 2507 qui
288 2443 429 2507 praesentia
453 2454 582 2512 appetunt

63 2505 166 2562 humane
188 2528 239 2578 pro
258 2528 302 2563 me
312 2514 432 2575 zelando,
451 2525 477 2566 et
491 2531 535 2566 me
549 2515 583 2566 ai-

62 2577 118 2631 iectu
141 2583 261 2633 humano
282 2583 430 2650 diligendo.
451 2586 521 2652 Ergo
544 2601 583 2636 sa·

11 2698 16 2721 ,
60 2664 112 2714 pere
134 2653 266 2703 debemus
289 2668 344 2703 non
373 2655 510 2720 humana,
536 2656 582 2706 sed

11 2726 13 2783 ζ
59 2721 151 2790 divina;
170 2740 226 2775 non
245 2725 370 2787 carnalia,
388 2728 435 2778 sed
454 2725 582 2793 spiritua-

11 2808 13 2857 !
59 2793 98 2862 lit3
113 2813 168 2848 non
190 2807 303 2860 terrena,
329 2800 374 2850 sed
399 2800 524 2851 coelestia.
548 2801 584 2852 Ut

11 2862 13 2937 l
58 2864 113 2919 dicit
135 2868 299 2935 Origenes:
321 2887 335 2918 u
358 2870 477 2921 Omnem
499 2871 589 2922 disci-'

11 2950 13 3011 t
58 2937 143 3002 pulum
165 2948 329 3004 peccantem,
354 2940 508 2992 scandalum
530 2941 582 2992 sibi

11 3020 13 3037 ¹
57 3009 171 3074 appellat.
195 3028 209 3057 u
238 3010 346 3060 Petrum
370 3020 475 3073 autem,
502 3027 582 3078 quem

56 3076 195 3131 Dominus.
208 3089 271 3130 ante
297 3079 334 3131 ita
359 3081 582 3151 magnificaverat,

54 3147 173 3200 Satanam
194 3150 307 3211 vocavit,
331 3166 362 3201 eo
382 3153 455 3219 quod
475 3162 584 3219 propter

53 3233 167 3273 tutorem
187 3224 321 3274 carnalem
340 3225 469 3290 quemad
486 3224 583 3275 Domi-

53 3307 114 3343 num
138 3294 264 3355 habebat,
288 3294 415 3346 dissuasit
434 3295 459 3347 ei
483 3297 516 3347 de
536 3311 584 3347 sua

51 3365 193 3428 Passione,
222 3378 254 3418 ut
281 3384 336 3419 non
363 3368 446 3421 tieret.
472 3370 583 3420 Maximi

51 3455 164 3508 namque
181 3441 287 3492 ardoris
306 3451 332 3492 et
350 3442 450 3493 amoris
469 3441 584 3508 legimus

51 3509 132 3563 fuisse
149 3512 262 3562 Petrum
285 3511 311 3561 in
328 3512 477 3562 Dominum
491 3512 584 3563 Salva-

51 3590 132 3633 torem
149 3592 285 3633 nostrum.
301 3582 338 3633 Ut
351 3581 541 3649 enim'legitur
554 3581 583 3633 in

52 3651 189 3706 itinerario
216 3654 373 3716 Clementis,
397 3655 492 3706 Petrus
518 3655 584 3706 adeo

51 3723 216 3776 afficiebatur
235 3724 268 3774 ad
290 3724 390 3776 Christi
420 3725 583 3793 corporalem

52 3797 232 3861 praesentiam,
244 3812 327 3863 quam
340 3796 534 3849 ferventissime
547 3797 585 3847 di-

50 3865 157 3928 lexerat,
178 3866 254 3933 quod
279 3875 340 3932 post
365 3865 468 3918 Christi
489 3881 584 3919 ascen-

52 3936 156 3989 sionem
182 3936 397 4005 quotiescunque
423 3937 585 3990 dulcissimae

637 441 785 508 praesentire
800 457 829 494 ac
843 440 978 493 societatis
990 450 1016 493 et
1028 441 1169 494 allocutio-

639 511 682 562 nis
696 511 806 576 Christi,
821 522 846 563 et
863 511 1038 563 sanctissimae
1056 527 1169 564 conver-

638 582 750 635 sationis
773 594 960 643 memorerm,
985 593 1057 635 totus
1080 583 1108 633 in
1129 584 1169 636 la-

638 669 741 721 crymas
766 655 959 720 resolvebatur3
984 653 1020 706 ita
1039 664 1068 705 ut
1093 670 1168 720 genae

638 727 694 791 ejus
707 727 809 778 adustae
830 727 1009 793 lacrymarum
1030 726 1104 777 fluxu
1124 726 1168 778 vi-

637 799 772 851 derentur.
787 801 826 850 Ex
839 800 896 850 zelo
910 800 993 866 igitur
1006 800 1106 850 Christi
1119 817 1168 852 vo-

637 870 708 921 lebat
727 869 859 937 impedire
878 871 935 935 ejus
956 870 1124 934 Passionem;
1143 880 1169 921 et

638 940 701 1006 quia
728 941 777 993 iste
803 942 876 993 zelus
907 951 962 991 erat
991 941 1167 1001 indiscretus,

637 1026 701 1061 nam
714 1011 814 1064 Christi
833 1011 924 1064 Passio
936 1021 991 1062 erat
1004 1027 1020 1062 a
1035 1011 1089 1062 Deo
1104 1027 1168 1078 prae·

637 1082 757 1135 ordinata
777 1085 809 1134 ad
830 1083 943 1134 humani
967 1082 1071 1149 generis
1095 1084 1168 1134 salu-

636 1162 700 1214 tem,
716 1154 776 1206 ideo
794 1156 888 1206 duram
910 1153 1008 1204 meruit
1021 1153 1168 1218 reprehen-

637 1224 751 1277 sionem.
778 1225 846 1286 Quia
870 1241 933 1292 ergo
962 1224 1084 1275 affectum
1113 1240 1168 1274 non

636 1300 774 1364 regulavit,
798 1308 827 1350 ut
850 1299 928 1350 vellet
947 1298 1019 1366 quod
1043 1297 1168 1348 Christus

636 1370 754 1436 volebat3
779 1380 805 1421 et
824 1371 990 1421 voluntatem
1012 1384 1089 1420 suam
1112 1384 1167 1417 non

635 1439 811 1491 conformavit
835 1441 965 1491 voluntati
987 1440 1097 1499 divinae,
1124 1438 1167 1489 cui

635 1514 767 1565 adversari
798 1514 955 1576 videbatur,
991 1513 1087 1565 merito
1119 1528 1169 1563 re-

636 1583 828 1648 prehenditur,
845 1593 882 1634 ·et
903 1584 1043 1644 Satanas,
1075 1582 1102 1633 id
1128 1592 1169 1649 est

634 1652 808 1713 adversarius,
833 1653 990 1719 appellatur.
1017 1654 1074 1703 Hoc
1104 1667 1168 1718 ergo

634 1725 756 1789 exemplo
774 1724 884 1775 Domini
906 1724 1004 1780 habeas
1023 1733 1049 1773 et
1070 1732 1100 1773 tu
1119 1737 1167 1788 pro

633 1793 792 1844 adversariis
823 1808 917 1843 omnes
949 1793 997 1860 qui
1032 1808 1081 1858 pro
1107 1808 1169 1842 cor-

634 1863 718 1930 porali
738 1862 907 1914 alleviatione
929 1872 955 1913 et
979 1862 1163 1913 consolatione

634 1936 733 1987 abono
748 1944 774 1987 et
786 1933 912 1987 exercitio
926 1934 1057 2001 spirituali
1075 1944 1100 1984 te
1116 1934 1169 1983 vel-

634 2006 691 2057 lent
706 2006 847 2057 retrahere.
861 2005 936 2057 Sicut
951 2015 1041 2056 autem
1054 2005 1165 2055 Petrum

634 2095 715 2147 quem
738 2090 798 2131 ante
819 2079 941 2147 probavit
961 2080 1006 2131 hic
1029 2079 1165 2143 inerepat;

634 2151 672 2201 sic
686 2167 765 2201 nemo
778 2150 814 2201 ob
827 2151 897 2200 bona
907 2149 981 2215 prius
996 2148 1062 2200 facta
1073 2148 1169 2198 immu-

635 2220 679 2270 nis
696 2220 731 2271 sit
750 2235 766 2271 a
781 2220 958 2286 correptione,
973 2228 1082 2286 propter
1099 2218 1168 2267 mala

635 2291 776 2357 quaefacit.

670 2364 700 2414 13
721 2365 748 2414 ln
766 2379 850 2414 cauce
868 2364 966 2415 Dostuu
986 2377 1167 2413 otoarsnouu.

636 2463 666 2473 -
679 2435 740 2484 Non
759 2445 800 2485 est
823 2449 887 2499 ergo
907 2433 934 2483 in
953 2447 1031 2483 cruce
1056 2431 1167 2482 Domini

634 2504 879 2565 verecundantium,
906 2504 953 2554 sed
989 2502 1080 2569 potius
1105 2504 1168 2568 glo-

636 2578 771 2642 riandum,
784 2577 849 2643 quia
857 2587 898 2627 est
909 2586 1007 2626 nostrae
1022 2574 1118 2625 salutis
1136 2574 1170 2626 si-

636 2663 721 2713 gnum
735 2658 762 2698 et
775 2648 908 2698 bonorum
922 2657 1077 2697 nostrorum
1098 2646 1169 2712 prin-

636 2722 747 2788 cipium.
764 2721 841 2772 Unde
859 2721 1090 2789 chrysostomus:
1104 2739 1117 2768 «
1133 2721 1168 2772 Ut
1182 2785 1186 2792 η

636 2807 771 2853 coronam,
781 2792 819 2842 ita
831 2789 1052 2843 circumferamus
1061 2805 1169 2840 crucem

637 2863 748 2915 Christi.
768 2864 873 2914 Etenim
887 2862 978 2913 omnia
996 2878 1057 2929 quae
1072 2878 1168 2912 secun-

636 2937 702 2988 dum
717 2952 766 2987 nos
776 2943 857 2998 sunt,
865 2952 912 3004 per
922 2936 1009 3002 ipsam
1023 2935 1169 3002 perficiun-

635 3017 680 3059 tur
693 3026 701 3075 ;
714 3019 740 3061 et
757 3009 779 3060 si
795 3009 944 3076 regenerari
957 3017 1087 3075 oporteat,
1102 3024 1168 3059 crux

636 3080 753 3145 accedit;
770 3090 796 3131 et
808 3080 830 3130 si
843 3079 914 3146 pasci
932 3079 1046 3146 mystico
1061 3078 1108 3129 illo
1130 3078 1170 3129 ci-

638 3150 682 3214 bo,
695 3161 721 3201 et
739 3149 762 3200 si
780 3151 936 3212 consecrari,
950 3160 976 3201 et
990 3149 1171 3216 quodcunque

637 3225 710 3275 aliud
724 3223 817 3285 facere,
836 3225 938 3292 ubique
954 3223 1119 3291 symbolum,
1141 3222 1168 3271 id

637 3305 677 3346 est
691 3295 800 3361 signum
817 3294 936 3346 victoriae
959 3295 1038 3346 nobis
1054 3291 1166 3344 assistit.

639 3367 749 3432 Propter
760 3367 810 3417 hoc
825 3377 850 3418 et
868 3366 896 3416 in
912 3367 1003 3427 domo,
1019 3376 1045 3417 et
1060 3365 1087 3414 in
1101 3379 1167 3414 mu-

638 3436 685 3497 ris,
706 3446 732 3487 et
746 3436 774 3487 in
788 3437 886 3502 ianuis,
900 3447 926 3488 et
942 3437 970 3487 in
984 3436 1081 3494 fronte,
1098 3443 1125 3483 et
1139 3433 1167 3485 in

638 3518 729 3559 mente
750 3524 812 3560 cum
833 3510 919 3560 multo
939 3506 1113 3559 inscribimus
1140 3507 1169 3557 id

638 3579 745 3646 studio;
761 3581 855 3632 salutis
867 3581 940 3632 enim
951 3594 1012 3647 quae
1027 3592 1076 3642 pro
1090 3579 1170 3629 nobis

638 3662 687 3715 est,
698 3653 749 3704 hoc
759 3664 800 3705 est
811 3665 936 3706 nostrum
946 3653 1063 3717 signum.
1079 3652 1170 3713 Quan-

637 3726 672 3777 do
688 3726 771 3792 igitur
784 3727 908 3794 signaris,
921 3723 1041 3790 excogita
1057 3739 1168 3775 omnem

638 3798 822 3849 conditionem
847 3797 942 3856 crucis,
967 3798 1008 3847 vel
1035 3810 1167 3859 causam3

639 3885 693 3920 non
708 3869 781 3919 enim
795 3866 953 3933 simpliciter
961 3866 1047 3934 digito
1059 3864 1171 3930 insigni·

638 3939 661 3990 ri
677 3954 735 3990 eam
745 3947 857 4005 oportet,
869 3937 916 3987 sed
930 3952 993 3988 cum
1004 3937 1091 3988 multa
1102 3934 1169 3997 tide,
