2632 4320
151 294 201 333 110

151 412 210 464 quo
220 405 335 447 notatur
349 394 428 460 plens
442 393 555 445 scientis
563 401 590 444 et
599 392 688 458 cogni-

155 473 195 522 tio
209 470 341 529 veritatis,
356 483 418 534 quae
428 467 467 518 ibi
479 468 531 518 erit
544 468 572 518 in
587 466 686 518 Beatis.

150 542 185 592 Et
202 550 313 591 vocatur
333 539 385 590 iste
406 538 535 590 denarius
558 538 685 599 diurnus,

152 624 211 665 tum
230 612 295 680 quia
318 622 373 663 tota
396 612 451 663 vita
473 612 605 672 hominis,
631 621 687 665 tota

153 685 236 735 etism
252 685 306 734 vita
324 698 443 751 presens
457 693 598 750 reputatur
608 681 686 745 quasi

151 772 207 806 una
222 755 290 815 dies,
305 755 334 805 in
353 770 406 821 qua
421 769 563 820 nunquam
582 769 597 804 a
615 754 686 803 bono

151 842 231 893 opere
254 836 294 877 est
321 826 519 887 desistendum
542 834 602 875 turn
622 825 687 890 quia

151 914 206 949 non
227 899 280 949 nisi
299 898 421 964 operanti
443 897 471 947 in
487 897 530 947 die
544 896 648 962 gratie,
662 905 687 946 et

152 985 208 1019 non
226 969 255 1018 in
272 979 350 1020 nocte
369 970 456 1034 culpae
475 967 610 1030 redditum
628 977 686 1016 tum

151 1040 216 1105 quie
236 1039 265 1089 in
283 1040 329 1090 die
351 1038 446 1105 gloriae
463 1039 552 1104 primo
569 1037 686 1088 dabitur.

150 1110 191 1161 Et
199 1111 272 1161 misit
283 1125 330 1160 eos
345 1110 373 1160 in
385 1110 489 1160 vineam
503 1124 589 1173 suain,
609 1108 685 1174 quasi

150 1183 185 1234 ab
197 1183 277 1233 initio
295 1182 371 1233 misit
381 1182 414 1231 ad
427 1183 578 1233 vocandum
593 1181 686 1231 homi-

151 1270 200 1305 nus
211 1256 245 1305 ad
261 1254 342 1303 fidem
359 1254 558 1319 Redemptoris,
575 1262 602 1303 et
613 1252 686 1303 invi-

150 1326 217 1376 tavit
239 1326 273 1375 ad
294 1325 441 1375 vivendum
468 1325 546 1390 juste,
569 1334 596 1374 et
616 1326 686 1375 bene

150 1396 327 1461 operandum.

183 1483 203 1531 4
217 1468 293 1516 Auris
310 1482 531 1517 numismatis
545 1479 685 1516 massm-

152 1553 216 1597 tms,
238 1554 326 1596 usum:
348 1555 383 1590 ru
404 1554 501 1601 ‚nonen
523 1552 684 1588 umscntm

150 1613 228 1663 -Et
238 1627 376 1678 egressus,
392 1628 439 1679 per
452 1612 583 1677 majorem
595 1610 684 1661 mani·

151 1682 323 1733 festationem
347 1683 535 1735 circuitorem
559 1682 682 1744 tertiam,

150 1753 252 1803 scilicet
276 1769 292 1804 a
317 1761 442 1820 tempore
464 1754 521 1804 Noe
544 1753 684 1819 usquead

147 1823 296 1885 Abraham,
324 1825 393 1875 uidit
417 1838 463 1890 per
485 1823 683 1874 miserationem

148 1893 221 1944 alios
245 1901 348 1945 starttes
370 1896 399 1945 in
420 1895 491 1961 soro
516 1896 634 1958 otiosos,
658 1900 684 1945 et

150 1963 208 2013 illis
222 1964 302 2014 etiam
316 1967 349 2014 ad
362 1965 469 2015 vineam
481 1964 599 2015 invitatis
610 1979 684 2014 mer-

149 2034 242 2084 cedem
258 2035 392 2100 promisit.
414 2035 568 2085 Secundnm
588 2035 683 2100 Chry-

150 2112 304 2168 sostomum,
321 2123 368 2172 per
381 2107 473 2157 iorum
480 2108 601 2158 mundus
612 2107 682 2157 acci-

149 2176 230 2240 pitur,
253 2176 282 2225 in
305 2192 360 2242 quo
383 2177 537 2238 calumniae,
559 2177 682 2240 injuriae,

149 2246 346 2306 contentiones,
365 2246 534 2297 diversorum
555 2247 697 2312 negotio-⁴

149 2333 211 2367 rum
226 2317 398 2369 difficultates
409 2334 518 2385 semper
527 2320 680 2369 tumultuo-

145 2406 195 2451 se..
208 2400 233 2440 et
248 2392 342 2442 omnia
363 2393 470 2443 uenalia
487 2401 560 2444 sunt.
582 2392 614 2442 ln
628 2392 680 2443 isto

146 2462 217 2524 foro,
231 2464 331 2514 animae
347 2464 492 2515 hominum
504 2465 612 2516 venales
631 2480 681 2515 ex-

146 2543 295 2598 ponuntur.
321 2536 481 2586 Merentem
505 2536 559 2586 duo
582 2545 647 2586 sunt
672 2553 679 2587 :

147 2606 217 2655 Dens
231 2616 257 2656 et
273 2606 408 2658 diabolus.
427 2607 545 2668 Quidam
562 2607 603 2658 sic
620 2607 680 2659 caeci

145 2686 210 2724 sunt
225 2687 256 2725 ut
269 2678 385 2727 vendant
407 2678 546 2743 propriam
559 2678 679 2728 animam

144 2745 253 2796 diabolo
276 2763 329 2811 pro
348 2748 397 2798 vili
420 2748 521 2813 pretio,
543 2750 609 2815 quia
631 2766 680 2815 pro

145 2815 251 2866 modico
267 2818 408 2881 presentis
422 2817 485 2868 vite
494 2818 679 2880 delectatione,

144 2897 176 2938 ut
188 2888 276 2953 gulosi
294 2899 320 2939 et
335 2889 468 2941 luxuriosi
474 2906 483 2955 ;
498 2890 608 2956 quidam
630 2907 680 2957 pro

145 2959 299 3009 honoribus
317 2970 342 3011 et
358 2962 444 3029 gloria
465 2962 571 3023 mundi,
585 2972 616 3013 ut
637 2978 681 3015 su-

146 3032 221 3097 perbi
232 3042 261 3083 et
276 3049 344 3085 vane
356 3035 481 3101 gloriosi3
495 3035 610 3103 quidam
630 3052 678 3102 pro

144 3101 247 3152 divitiis
274 3114 300 3154 et
321 3105 403 3156 bonis
424 3107 631 3172 temporalibus,
648 3116 680 3159 ut

143 3182 262 3238 raptores
281 3183 308 3224 et
326 3175 409 3225 avari.
429 3176 524 3226 Talem
544 3187 679 3228 mercato·

143 3258 201 3293 rem
213 3243 349 3310 fugiamus
369 3255 395 3297 ct
410 3248 560 3297 vendamus
573 3247 679 3299 animas

143 3326 249 3367 nostras
262 3318 384 3380 Christo,
405 3318 453 3384 qui
473 3334 527 3370 nos
545 3319 610 3369 emit
623 3335 680 3370 san·

143 3391 225 3455 guise
257 3407 310 3442 suo
329 3392 458 3458 pretioso.
487 3392 621 3444 Otiositas
639 3402 680 3443 est

143 3463 227 3514 debiti
240 3465 331 3531 operis
341 3465 566 3525 deiectus.Unde‚
579 3480 678 3515 meun-

144 3535 209 3585 dum
224 3538 349 3587 eumdem
366 3537 598 3603 chrysostomum,
615 3552 678 3602 pec-

144 3614 247 3657 catores
261 3608 362 3658 mortui
377 3618 451 3668 sunt,
460 3622 514 3656 non
522 3606 613 3657 otiosi.
624 3607 677 3667 Qui

144 3675 255 3728 diabolo
281 3681 373 3741 servit,
400 3689 524 3730 mortuus
549 3688 604 3742 est;
629 3679 677 3744 qui

144 3760 215 3811 opus
226 3750 276 3801 Dei
289 3767 346 3801 non
358 3760 493 3818 operatur,
508 3749 615 3801 otiosus
627 3760 676 3802 ast.

144 3815 198 3876 Qui
213 3818 301 3871 aliena
319 3821 401 3885 tollit,
415 3829 608 3883 mortuusest3
629 3819 677 3886 qui

143 3901 192 3938 sua
212 3904 268 3940 non
292 3892 349 3954 dat,
367 3892 471 3945 otiosus
494 3900 544 3945 est.
561 3890 677 3945 Coluisti

460 275 632 357 SECUNDAE
649 275 774 326 psum
790 275 909 329 CAPUT
923 280 993 330 XIV.

742 392 835 443 miseri
841 393 942 445 cordis·
953 393 1046 454 vitam,
1059 393 1082 444 si
1100 394 1135 444 de
1151 384 1277 443 tuisdesi

741 462 849 526 jejunii,
866 464 888 515 si
904 464 978 530 quod
991 465 1203 514 manducaturus
1223 462 1278 514 iue-

740 550 784 584 ras
806 536 912 588 dederis
935 535 1094 602 impotenti;
1114 535 1137 587 si
1157 535 1276 601 jejunus,

741 608 802 659 etsi
822 609 924 661 nemini
938 609 998 669 das,
1011 609 1116 660 otiosus
1134 624 1180 673 es;
1195 617 1224 659 et
1239 608 1277 661 tic

740 679 773 729 de
795 680 866 732 aliis.
891 681 993 732 lterum
1015 687 1105 730 autem
1126 679 1208 742 exiit,
1232 693 1278 744 per
1309 712 1312 719 -

732 751 897 816 'ampliorem
926 750 1175 801 manifestationem
1201 750 1277 801 circa

740 830 858 885 sextam,
873 824 975 875 scilicet
987 824 1022 874 ab
1036 823 1175 874 Abraham
1188 838 1276 889 usque

739 893 773 943 ad
790 895 913 961 Moysen,
926 900 952 945 et
965 895 1040 946 circa
1055 897 1163 955 nonam,
1176 893 1277 945 scilicet

739 978 755 1014 a
767 965 859 1030 Moyse
869 981 957 1031 usque
965 965 998 1015 ad
1008 964 1149 1015 Christum
1155 979 1165 1027 ;
1174 963 1277 1029 etfacit

740 1035 868 1086 similiter
889 1036 1046 1096 invitando,
1068 1045 1095 1086 et
1122 1035 1275 1085 mercedem

740 1107 931 1171 promittendo.
946 1109 1029 1158 Circa
1043 1108 1210 1158 undecimam
1230 1120 1275 1159 re-

739 1194 780 1241 ro,
802 1179 830 1230 id
851 1191 891 1231 est
915 1182 945 1230 in
967 1181 1071 1231 ultimis
1094 1181 1274 1246 temporibus,

739 1251 866 1304 sciliceta
877 1262 998 1319 tempore
1017 1252 1118 1303 Christi
1134 1268 1222 1319 usque
1241 1253 1274 1305 ud

739 1325 822 1376 tinem
848 1326 954 1386 mundi,
976 1326 1046 1377 exiit
1066 1341 1115 1392 per
1133 1325 1274 1377 clariorem

739 1399 993 1457 manifestationem,
1005 1414 1069 1449 cum
1086 1399 1217 1449 Christus
1225 1414 1275 1464 ap—

739 1470 828 1535 paruit
842 1486 849 1520 :
863 1476 890 1520 et
903 1470 1004 1521 inuenit
1012 1470 1085 1521 alios
1093 1476 1204 1535 stantes,
1221 1484 1274 1519 non

738 1539 918 1605 proficientes,
946 1556 1002 1590 non
1029 1555 1059 1590 se
1081 1540 1274 1601 humiliantes,

740 1610 841 1661 scilicet
866 1611 999 1672 Gentiles,
1022 1616 1050 1662 et
1080 1611 1156 1663 dixit
1179 1611 1242 1664 illis
1264 1630 1274 1662 ι

738 1684 812 1745 Quid
838 1684 882 1734 liic
902 1683 931 1734 in
953 1684 1014 1734 loco
1037 1693 1093 1734 tam
1112 1684 1274 1749 periculum,

736 1764 792 1806 tam
814 1754 985 1816 transitorio,
1002 1765 1059 1805 tam
1072 1755 1170 1806 foetido
1178 1756 1271 1820 stetin

737 1841 799 1876 cum
814 1825 907 1891 potius
926 1826 967 1876 ire
978 1826 1122 1887 deberitis,
1136 1826 1202 1893 quia
1215 1826 1271 1878 rim

737 1896 835 1956 brevis,
858 1897 904 1947 via
924 1898 1023 1963 lonpu,
1046 1896 1132 1949 virtus
1162 1897 1271 1960 debilis,

737 1974 793 2018 tota
820 1967 881 2029 die,
909 1983 972 2017 cnm
996 1967 1118 2017 babeatis
1141 1968 1273 2035 temporis

736 2038 978 2105 opportunitatem,
991 2039 1123 2088 mercedis
1140 2039 1273 2090 securita-

735 2120 790 2160 tem
808 2119 835 2160 et
848 2109 1069 2168 immensitatem,
1084 2110 1177 2173 otiosi,
1192 2109 1272 2161 vobis

735 2178 805 2228 nihil
837 2178 1023 2243 proficientes,
1052 2179 1188 2244 proximis
1217 2194 1271 2229 nos

734 2248 944 2310 subvenientes,
969 2248 1097 2299 hostibus
1121 2264 1177 2298 non
1205 2247 1272 2299 resi-

734 2330 845 2382 stentes,
861 2332 887 2372 et
902 2322 930 2371 in
951 2331 1091 2387 posterum
1105 2337 1160 2371 non
1177 2320 1272 2387 provi·

734 2395 836 2453 dentes,
860 2408 923 2444 cum
941 2394 1051 2444 mulium
1070 2393 1205 2443 malitiam
1222 2393 1270 2441 do-

734 2463 945 2516 cuitotiositosP
957 2464 1039 2524 Quasi
1052 2464 1123 2514 dicat
1136 2462 1271 2513 Dominus

734 2536 830 2588 otiosis
851 2553 859 2587 :
884 2537 939 2587 Cur
966 2547 1040 2587 tanto
1069 2545 1190 2597 tempore
1220 2548 1269 2599 pm

733 2609 818 2659 salute
845 2618 934 2659 vestra
963 2606 1101 2673 negligitis
1126 2603 1269 2655 laborare?

733 2680 834 2730 Dicunt
845 2680 896 2729 ei:
918 2677 992 2738 Quia
1013 2689 1087 2725 nemo
1103 2687 1153 2724 nos
1167 2674 1269 2725 cosdu-

732 2749 786 2812 xit,
803 2749 831 2798 id
845 2758 886 2799 est
900 2747 992 2797 nullus
1009 2744 1155 2809 Propheta,
1176 2744 1275 2795 nullus

734 2819 828 2868 doctor
848 2819 883 2868 ad
902 2832 955 2867 nos
972 2814 1161 2866 instruendum
1185 2813 1269 2865 veuit

733 2890 808 2941 Dicit
839 2890 896 2940 illis
925 2907 934 2940 .·
962 2889 1004 2939 Ite
1026 2894 1052 2938 et
1074 2901 1142 2948 vos,
1167 2885 1270 2937 scilicet

733 2960 863 3024 Gentiles,
879 2961 907 3011 in
929 2959 1033 3011 vineam
1054 2971 1156 3019 means,
1180 2964 1271 3007 mente

732 3031 884 3091 credendo,
912 3045 961 3081 ore
990 3027 1161 3085 confitendo,
1188 3040 1270 3092 opere

731 3104 894 3167 laborando;
907 3102 983 3170 quia,
1004 3100 1153 3151 secuudum
1176 3098 1271 3164 Clrrr·

732 3182 888 3239 tostomran,
901 3174 949 3241 qui
964 3189 1017 3223 non
1030 3180 1157 3237 operatur
1168 3169 1199 3220 in
1216 3169 1269 3219 hoc

731 3249 842 3308 seculo,
866 3263 924 3298 non
939 3244 1083 3295 manducat
1103 3242 1132 3292 in
1156 3241 1269 3304 futuro;

731 3319 789 3370 imo
803 3318 862 3370 dies
876 3318 926 3369 iste
940 3325 980 3367 est
993 3315 1051 3364 dies
1066 3312 1267 3379 operationum,

731 3389 788 3441 dies
800 3389 848 3456 qui
865 3387 989 3454 sequitur
998 3395 1040 3436 est
1051 3384 1110 3435 dies
1128 3381 1267 3433 feriarum.

730 3461 768 3512 Et
785 3460 970 3526 interponitur
981 3457 1026 3507 hic
1045 3453 1202 3520 conjunctio
1220 3467 1269 3503 co·

731 3533 859 3598 pulativs,
884 3531 985 3583 scilicet
1007 3535 1042 3591 et,
1057 3526 1123 3594 quia
1143 3524 1269 3575 Gentiles

729 3603 831 3654 iudaeis
846 3601 964 3667 adjuncti
980 3609 1054 3659 sunt,
1068 3608 1101 3649 ut
1111 3610 1168 3647 uns
1179 3594 1269 3647 Eccle-

731 3677 770 3728 sia
785 3693 820 3729 ex
832 3676 964 3727 smbobus
979 3675 1063 3726 tieret.

763 3745 777 3798 5
813 3748 974 3797 Moassrrnn
1001 3758 1081 3794 noan
1114 3755 1170 3791 nter
1199 3752 1267 3791 som

730 3833 848 3869 orrum
875 3832 984 3868 somnis
1010 3828 1126 3865 nrurss.
1155 3837 1190 3849 -
1215 3811 1271 3863 ista

730 3891 860 3958 parabola
868 3888 1054 3958 principaliter
1066 3895 1093 3939 et
1107 3882 1269 3938 communi-
