2632 4320
209 262 256 313 DE
272 262 490 313 CARITATIVA
506 261 764 313 CORRECTIDNE
780 261 1002 325 PRODlTORlS,
1018 264 1096 315 ETC.
1163 265 1215 330 403

96 378 159 439 vel,
186 388 274 444 potest
296 378 395 443 exponi
424 379 458 428 de
482 378 636 428 assertione

96 449 194 508 cordis,
207 449 286 514 quasi
307 448 407 499 diceret
422 465 430 498 ι
445 449 501 499 Ore
513 448 632 499 interro-

96 536 154 588 gas,
170 521 247 586 quasi
263 521 378 585 nescius,
394 521 440 570 sed
459 521 538 571 corde
555 520 631 581 dicis,

96 601 126 640 et
140 600 229 640 ratum
247 591 330 641 habes
346 601 371 642 te
383 607 441 641 esse
457 592 631 656 proditorem.

97 661 177 720 Ecce,
187 660 269 711 miser
285 662 376 722 homo,
393 661 469 712 vides
483 662 632 711 Dominum

96 731 190 783 omnia
201 731 277 792 scire,
288 748 337 782 nec
350 741 425 782 tuam·
440 732 632 783 conscientiam

97 820 161 855 eum
178 803 276 854 lateret
296 805 377 855 Cessa
398 805 489 870 igitur,
505 814 531 855 et
554 803 634 855 confi-

96 888 163 928 tere.
174 877 225 927 Hic
238 877 415 927 admonemur
429 888 459 928 ut
471 886 632 943 peccantem,

97 949 187 1015 primo
214 964 275 998 cum
298 948 507 999 mausuetudine
534 964 632 1014 argua-

97 1037 177 1084 mus3
194 1029 259 1081 post.
279 1020 302 1070 si
330 1021 487 1086 peccaverit,
508 1021 631 1086 gravius;

97 1093 135 1141 ad
146 1091 284 1151 ultimum,
295 1091 461 1157 gravissime.
472 1092 548 1141 Hanc
558 1091 631 1141 enim

97 1162 215 1214 formam
244 1163 325 1213 nobis
346 1163 481 1213 Dominus
506 1162 632 1230 reliquit,

98 1234 149 1301 qui
161 1234 251 1300 primo
273 1233 342 1283 dixit
360 1251 372 1283 :.
389 1234 464 1284 Unus
494 1249 531 1284 ex
557 1233 633 1285 uobis

97 1320 140 1356 me
155 1305 259 1368 tradet,·
280 1304 398 1354 secundo
421 1323 429 1355 ι
446 1305 500 1365 Qui
522 1304 634 1370 intingit

97 1391 201 1428 mecum
229 1392 336 1427 manum
360 1377 387 1427 in
409 1377 569 1442 paropside,
589 1376 632 1427 laic

98 1466 140 1502 me
151 1450 242 1501 tradat
250 1467 263 1513 ;.
272 1449 353 1500 tertio
367 1466 375 1499 ι
390 1449 418 1498 T
418 1466 434 1499 u
449 1450 558 1500 dixisti.

129 1523 146 1573 6
174 1523 309 1574 Cumsrus
340 1538 510 1573 rnourroamr
537 1522 632 1572 ionum

95 1611 200 1657 rncrrn,
211 1612 258 1646 sno
276 1611 380 1646 tanaro
397 1611 482 1656 sinuo,
495 1611 630 1645 axrnuur.

96 1698 127 1707 -
140 1668 214 1718 Erat
234 1677 325 1718 autern
345 1681 412 1717 unus
433 1681 471 1718 ex
481 1666 631 1732 discipula,

96 1740 214 1790 loannes
232 1737 342 1797 scilicet,
358 1738 521 1800 recumbens,
543 1737 632 1786 idest

96 1810 432 1871 reclinatus,sermonibus
440 1809 499 1859 istis
511 1808 630 1868 territus,

96 1897 123 1937 et
136 1884 259 1952 seipsum
267 1883 402 1934 stistinere
417 1899 471 1932 non
481 1883 588 1943 valens,
601 1896 632 1932 eo

97 1956 175 2022 quod
181 1965 283 2006 terrore
299 1964 355 2005 erat
367 1954 512 2014 resolutus,
521 1954 549 2004 in
560 1955 631 2017 sinu,

96 2029 154 2080 sire
167 2042 250 2093 supra
259 2026 362 2093 pectus,
375 2027 451 2091 Jesu,
467 2025 532 2092 quia
547 2025 630 2076 incli-

98 2110 168 2160 nate,
181 2099 259 2164 quasi
271 2110 330 2147 ante
346 2107 447 2162 pectus,
463 2107 488 2146 et
504 2112 589 2162 prope
601 2112 632 2146 os

98 2171 166 2236 ejus,
194 2167 348 2234 appodiavit
379 2183 409 2218 se
438 2182 518 2233 super
543 2167 633 2218 Domi-

97 2257 174 2303 num,
198 2239 268 2289 sicut
286 2237 396 2288 innixus
411 2254 492 2304 super
504 2239 632 2289 dilectum

98 2329 200 2376 samur,
214 2321 241 2362 et
252 2311 290 2361 sic
300 2322 356 2361 erat
370 2310 465 2362 idonee
480 2311 587 2377 positus
598 2313 631 2362 ad

97 2383 321 2450 interrogandum
343 2382 450 2449 aliquid
470 2392 568 2433 secrete
597 2383 632 2434 ab

98 2472 140 2517 eo,
166 2465 194 2506 et
211 2453 388 2505 audiendum.
416 2453 487 2503 Cum
507 2469 569 2519 ergo
581 2453 632 2504 ista

685 379 782 443 signo;
812 396 868 429 non
894 389 983 430 tamen
1013 381 1141 441 nomine,
1171 397 1219 432 nec

686 450 830 510 omnibus,
862 451 893 500 in
917 452 971 501 hoc
999 468 1051 502 nos
1082 453 1219 504 instruens

685 537 739 570 non
760 522 858 572 debere
883 522 998 572 crimina
1028 523 1217 588 proximorum
1289 548 1292 553 ·

685 592 824 657 propalare
836 592 905 642 aliis.
928 593 991 642 ldeo
1012 593 1096 653 enim,
1118 609 1219 644 secun·

685 664 751 713 dum
769 663 1001 730 chrysostomum,
1029 664 1116 715 noluit
1138 664 1220 715 Chri-

686 748 745 787 stus
767 737 862 786 tudam
884 737 1051 802 proditorem
1070 737 1218 804 publicare,

686 820 716 858 ut
728 823 779 858 nos
791 808 896 857 doceret
906 808 979 872 quod
995 817 1101 871 peccata
1117 809 1219 861 occulta

685 879 801 929 aliorum
828 874 964 944 publicare
988 892 1045 927 non
1073 879 1217 944 debemus3

685 950 750 1016 quia
763 950 835 1001 sicut
848 959 888 1000 est
904 950 1018 999 mortale
1033 960 1172 1018 peccatum
1181 951 1220 1003 itr-

685 1020 795 1071 nocenti
819 1019 917 1071 lalsum
940 1020 1042 1070 crimen
1072 1035 1217 1085 apponere,

685 1094 723 1144 sic
741 1109 837 1144 uerum
858 1094 962 1144 crimen
985 1094 1129 1153 occultum,
1157 1094 1219 1145 aliis

685 1165 809 1215 revelare.
833 1165 866 1215 Et
889 1164 979 1214 statim
997 1164 1144 1213 buccellam
1156 1173 1218 1214 tau-

684 1249 744 1288 tum
767 1238 923 1297 intinctam,
945 1253 999 1286 non
1026 1245 1217 1297 consecratam,

684 1312 759 1362 Judae
782 1311 908 1375 porrexit,
930 1325 990 1376 quae
1016 1324 1115 1374 corpus
1137 1324 1219 1359 suum

685 1401 741 1436 non
758 1392 828 1448 erat3
850 1383 916 1449 quia
930 1382 978 1448 qui
1002 1397 1095 1432 verum
1122 1396 1220 1447 panem

685 1457 718 1508 de
736 1457 804 1508 coelo
820 1456 925 1505 tradere
939 1454 1071 1504 insidiose
1086 1454 1219 1513 studebat,

686 1544 741 1579 non
756 1527 813 1589 illo,
837 1526 883 1574 sed
900 1525 953 1575 alio
969 1525 1087 1575 intincto
1110 1523 1221 1574 revelari

685 1598 848 1648 merebatur.
869 1595 905 1645 Et
926 1595 987 1644 ideo
1016 1604 1148 1646 statutum
1171 1603 1220 1655 est,

684 1671 758 1736 quod
769 1667 937 1719 Eucharistia
950 1667 1062 1716 intincta
1074 1683 1129 1716 non
1143 1666 1221 1717 detur

684 1740 820 1799 fidelibus,
838 1746 865 1788 et
876 1737 958 1787 etiam
979 1752 1028 1802 pro
1045 1736 1143 1787 haeresi
1166 1736 1220 1786 tol-

684 1813 786 1872 lenda,
813 1825 875 1876 quae
911 1807 1101 1873 dogmatizavit
1130 1817 1220 1858 totum

685 1884 827 1936 Christum
841 1882 891 1933 sub
904 1889 1017 1946 unaque
1031 1896 1097 1941 esse,
1111 1889 1138 1931 et
1150 1896 1220 1932 neu-

685 1966 725 2006 tra
749 1964 854 2005 tantum
886 1952 982 2003 forma.
1010 1952 1144 2002 Dominus
1173 1967 1220 2019 per

685 2028 833 2078 buccellam
843 2025 987 2076 intinctam
999 2040 1080 2074 suum
1093 2023 1221 2089 exprimit

685 2099 851 2157 traditorem,
872 2096 994 2146 fortassis
1014 2111 1061 2161 per
1082 2095 1160 2160 panis
1175 2095 1220 2145 in-

684 2169 855 2232 tinctionem,
868 2167 943 2217 illius
957 2165 1114 2232 significans
1129 2164 1219 2216 fictio-

685 2256 766 2306 nenr,
789 2240 855 2306 quia
882 2238 956 2288 sicin
983 2237 1062 2302 panis
1089 2235 1220 2287 intinctus

685 2314 766 2364 habet
781 2313 907 2371 colorem,
925 2320 951 2360 et
975 2325 1100 2375 saporem
1127 2308 1156 2358 in
1170 2324 1220 2358 su-

685 2384 792 2450 perficie
816 2383 900 2433 aliurn
922 2395 1008 2447 quam
1033 2379 1156 2438 interius,
1184 2378 1221 2429 ita

683 2457 766 2506 ludas
792 2451 938 2503 simulabat
956 2466 984 2500 se
1001 2449 1118 2499 exterius
1142 2448 1222 2498 Chri·

97 2525 215 2595 quaestio
229 2541 244 2575 a
259 2524 374 2590 singulis
389 2523 472 2584 fieret,
489 2524 577 2574 innuit
589 2525 632 2575 illi
656 2541 663 2590 t
683 2527 717 2576 sti
736 2522 915 2589 discipulum,
946 2531 971 2570 et
991 2519 1103 2584 diligere
1129 2518 1219 2582 Magi-

97 2598 207 2661 Petrus,
222 2602 248 2647 et
263 2596 332 2646 dicit
343 2596 387 2646 ei:
402 2594 470 2656 Quis
482 2600 522 2644 est
536 2594 631 2661 dequo
684 2608 780 2657 strum,
792 2610 855 2644 curn
877 2602 969 2641 tamen
991 2589 1106 2639 interius
1125 2587 1221 2653 prodi-

97 2666 197 2721 dixit?
210 2666 239 2718 ld
262 2675 302 2716 est
316 2682 372 2715 non
386 2664 476 2715 uerbis
492 2673 519 2715 et
533 2681 632 2716 sonan-

97 2743 145 2802 do,
166 2739 214 2790 sed
230 2736 420 2788 tantummodo
446 2746 516 2786 nutu
532 2752 631 2800 corpo·

97 2811 147 2873 ris,
158 2819 187 2860 et
197 2809 337 2859 innuendo
354 2807 422 2857 dixit
441 2807 466 2856 ei
486 2817 519 2857 ut
530 2815 631 2856 secreto

97 2889 231 2950 quareret
243 2894 259 2929 a
272 2877 401 2939 Domino,
421 2877 484 2943 quis
507 2887 578 2928 esset
599 2877 632 2928 de

98 2969 154 3021 quo
176 2951 279 3002 dixerat
289 2965 298 3014 3
320 2949 372 3009 vel,
389 2949 479 3015 primo
497 2949 592 3010 innuit,
606 2958 632 2999 et

97 3026 201 3079 duride
216 3041 274 3074 non
289 3032 433 3074 contentus
455 3032 535 3084 nutu,
548 3021 631 3072 dixit.

98 3098 171 3149 Nota
196 3095 269 3145 Petri
307 3092 502 3154 reverentiam,
525 3102 633 3158 propter

97 3183 183 3236 quam
217 3167 286 3217 licet.
315 3165 419 3230 major,
452 3173 478 3213 et
508 3163 632 3229 princeps

96 3241 303 3309 Apostolorum,
317 3255 376 3291 non
391 3237 634 3303 interrogatDomi-

98 3330 168 3366 num
181 3328 230 3380 per
241 3327 280 3372 se,
302 3311 352 3361 sed
369 3326 417 3377 per
436 3309 584 3359 minorem.
599 3309 633 3359 Et

97 3399 164 3436 cum
186 3384 302 3434 loannes
324 3380 460 3430 submissa
489 3394 554 3429 voce
581 3378 633 3429 hoc

97 3463 241 3522 quaereret,
257 3451 393 3503 Dominus
400 3451 477 3501 lesus
496 3447 635 3500 familiari-

97 3533 139 3575 ter
154 3514 327 3588 citationum
340 3520 511 3586 singulariter
525 3520 633 3580 dilecto,

97 3596 235 3650 submissa
254 3610 320 3647 voce
342 3593 465 3660 aperuit,
494 3603 522 3644 et
539 3591 634 3658 prodi-

98 3680 190 3723 torem
213 3684 295 3721 suum
314 3668 392 3718 tacite
420 3666 566 3732 expressit,
601 3679 635 3713 ne

98 3743 146 3795 alii
164 3741 290 3795 audirent
314 3741 387 3792 :cui
415 3738 517 3790 scilicet
539 3751 635 3804 pauent

99 3812 253 3865 intincmm.
265 3810 421 3877 porrigeret.
434 3808 529 3859 loanni
542 3807 634 3872 igitur,

100 3895 132 3938 ut
149 3884 292 3938 secretario
311 3898 369 3943 suo,
392 3881 522 3947 expressit
544 3888 636 3945 aperto

684 2682 726 2722 tor
759 2669 819 2734 eius
855 2673 944 2726 esset,
983 2672 1013 2714 et.
1037 2660 1221 2728 proditionem

683 2747 814 2792 tractaret.
843 2737 960 2788 loannes
984 2743 1073 2784 autem
1100 2729 1221 2797 stupefa-

684 2823 751 2871 ctus,
769 2819 797 2861 et
823 2806 978 2871 cordialiter
999 2804 1141 2870 gladiatus,
1161 2817 1220 2852 ver-

685 2898 731 2933 sus
748 2879 898 2931 Dominum
914 2875 1003 2942 magis
1023 2890 1052 2925 se
1071 2871 1220 2932 inclinavit,

684 2963 710 3007 et
733 2967 817 3020 supra
830 2957 926 3017 pectus
950 2949 1009 3016 ejus
1022 2946 1152 2998 recubuit.
1170 2946 1221 2996 Pe-

684 3035 726 3075 tro
746 3033 837 3074 autem
859 3018 992 3070 Dominus
1006 3033 1059 3067 non
1082 3016 1160 3076 dixit,
1173 3029 1221 3066 nec

685 3096 741 3161 ipse
768 3094 897 3151 loannes,
920 3088 1050 3156 quamvis
1068 3087 1220 3138 adnutum

685 3166 742 3230 ejus
753 3161 938 3229 quaesivissem
958 3160 1023 3226 quia
1047 3166 1104 3208 erat
1114 3156 1152 3206 ita
1164 3153 1220 3204 fer·

685 3235 773 3294 vidus,
787 3232 863 3299 quod
880 3231 974 3282 statim
1001 3229 1031 3279 in
1056 3225 1219 3293 perditorem

686 3303 893 3363 insurrexisset,
905 3310 932 3352 et
946 3315 1008 3350 eum
1032 3293 1220 3346 interfecisset.

686 3377 737 3428 Sed
752 3377 805 3426 hoc
830 3373 920 3425 noluit
945 3369 1089 3427 Dominus,
1108 3381 1142 3416 ne
1162 3364 1221 3416 dis-

688 3445 809 3514 pensatio
831 3441 937 3494 consilii
960 3438 1045 3489 divini
1075 3435 1224 3502 impedire-

688 3530 742 3570 tur.
758 3516 839 3578 Quod
854 3524 945 3564 autem
957 3512 1051 3561 Petrus
1065 3507 1165 3560 loanni
1180 3506 1224 3556 in-

688 3589 898 3657 terrogationem
947 3581 1100 3634 committit
1112 3619 1124 3640 ‚.
1160 3578 1230 3628 habe

689 3664 771 3715 etiam
790 3660 923 3711 rationem
943 3654 1096 3722 mysticam.
1113 3653 1162 3702 Per
1176 3651 1229 3700 Pe·

689 3744 766 3784 trum
783 3729 861 3779 enim
880 3725 1035 3791 designatur
1059 3723 1115 3773 vita
1130 3718 1227 3781 activa;

690 3820 737 3870 per
747 3803 884 3857 loannem,
895 3794 1112 3861 contemplativa.
1131 3792 1228 3841 Petrus

691 3891 754 3942 ergo
780 3888 827 3940 per
852 3872 987 3922 loannem
1008 3883 1024 3918 a
1051 3865 1162 3917 Christo
1183 3863 1229 3915 in-
