2632 4320
213 234 216 239 ⁴
267 245 300 297 32
558 240 733 294 securiore
756 241 881 293 Partus
904 239 1020 294 entur
1042 244 1085 295 1v.

266 362 371 427 expelli,
395 374 490 411 omnes
510 357 629 409 instituit
649 358 681 408 ad
704 357 796 417 vitam,

266 445 297 486 ut
315 433 414 484 scilicet
428 430 582 482 noverimus
594 428 714 496 graviora
728 445 799 495 quae-

265 522 327 575 que,
345 507 386 557 vel
410 502 615 554 immundorum
641 501 796 567 spirituum,

265 579 307 630 vel
324 575 468 628 hominum
478 582 641 633 tentamenta
654 570 761 636 jeiuniis
772 581 798 621 et

265 648 433 702 orationibus
451 661 514 696 esse
528 645 693 710 superanda3
721 643 799 693 iram·

265 739 319 791 que
327 721 436 773 Domini
444 736 504 770 cum
517 719 546 769 in
556 718 688 769 ultionem
696 728 798 768 nostro·

264 811 327 846 rum
337 794 466 844 scelerum
479 790 560 841 fuerit
568 804 685 849 accensa,
695 790 748 839 hoc
757 804 797 839 re·

265 861 492 929 mediosingulari
503 877 581 927 posse
595 862 691 926 placari
702 879 708 911 ε
719 861 797 911 nhaec

250 938 461 1002 'Hieronymus
471 935 518 984 Per
533 933 664 998 jejunium
677 932 796 991 enim,ut

264 1011 365 1061 dictum
377 1019 425 1071 est,
434 1017 560 1057 curantur
571 1014 657 1070 pestes
666 1005 794 1070 corporis;

264 1090 290 1133 et
305 1095 351 1146 per
362 1078 520 1139 orationem,
540 1086 626 1140 pestes
640 1077 754 1126 mentis:
769 1087 795 1126 et

222 1203 225 1210 ,
264 1152 302 1202 sic
315 1150 444 1217 quaelibet
458 1146 568 1197 tentatio
583 1156 724 1212 superatur
733 1163 794 1197 cum

263 1221 376 1280 eiaVel,
385 1234 432 1284 per
445 1217 574 1282 jejunium
586 1217 795 1283 intelligiturde·

263 1292 372 1342 clinatio
383 1290 530 1351 malorum,
542 1297 568 1338 et
577 1303 623 1353 per
637 1286 793 1351 orationem,

263 1361 382 1428 operatio
405 1360 548 1410 bonorum.
565 1359 597 1407 Et
610 1358 648 1408 sic
666 1358 795 1424 accipitur

262 1432 395 1498 ieiunium
417 1428 461 1479 hic
485 1429 615 1495 generale,
640 1443 687 1494 pro
715 1429 796 1478 absti-

264 1504 364 1563 nentia,
378 1519 433 1553 non
458 1502 546 1552 solum
562 1502 595 1552 ab
608 1501 684 1564 escis,
699 1502 745 1551 sed
760 1502 795 1551 ab

262 1575 389 1627 omnibus
403 1573 596 1640 temporalibus
610 1572 794 1623 delectationi-

263 1649 313 1698 bus
328 1657 354 1698 et
367 1646 450 1697 vitiis.
475 1646 551 1696 Unde
571 1643 637 1695 dicit
659 1645 794 1711 Augusti-

263 1733 313 1769 nus
338 1719 411 1785 quod
442 1716 587 1783 perfectum
613 1725 639 1766 et
665 1732 792 1781 magnum

260 1788 390 1856 jejunium
419 1799 458 1839 est
484 1804 539 1838 non
570 1788 658 1838 solum
678 1803 694 1838 a
716 1788 792 1851 cibo;

261 1861 307 1910 sed
322 1861 355 1910 ab
365 1859 494 1911 omnibus
511 1858 702 1924 iniquitatibus
715 1869 743 1908 et
758 1859 794 1908 il-

260 1930 342 1981 licitis
353 1929 536 1996 voluptatibus
548 1929 630 1978 seculi
650 1927 792 1978 abstinere.

260 2002 339 2052 Unde
364 2000 524 2050 Bernartius
541 2016 549 2048 .·
565 2015 579 2043 <t
595 1998 622 2047 Si
649 2000 706 2048 sola
733 2000 796 2065 gula

261 2074 388 2140 peccavit,
404 2073 460 2123 sola
474 2073 583 2137 jejunet,
603 2082 629 2123 et
644 2071 751 2123 sufficit.
767 2073 795 2122 Si

259 2160 323 2194 vero
352 2151 526 2208 peccaverunt
549 2150 633 2191 cetera
660 2142 795 2201 membra,

262 2228 310 2263 cur
336 2228 389 2262 non
410 2212 530 2277 jejunent
552 2211 580 2260 et
603 2210 677 2275 ipsa}t
691 2212 797 2276 Jejunet

264 2299 328 2349 ergo
343 2284 463 2334 oculusa
478 2282 591 2332 curiosis
607 2283 758 2348 aspectibus
771 2294 798 2334 et

263 2354 340 2406 omni
364 2354 517 2420 petulantia,
540 2364 570 2403 ut
591 2354 659 2404 bene
675 2355 799 2405 humilia-

263 2439 309 2480 tus
332 2438 483 2478 coerceatur
500 2427 528 2477 in
560 2427 726 2493 poenitentia,
750 2429 796 2494 qui

265 2501 335 2550 male
355 2499 423 2549 liber
438 2499 582 2564 vagabatur
606 2497 634 2547 in
653 2499 739 2563 culpa.
753 2500 798 2548 Je-

264 2573 338 2637 junet
356 2571 429 2622 auris
453 2571 575 2637 nequiter
592 2570 714 2636 pruriens
728 2585 743 2620 a
755 2569 798 2619 fa-

266 2645 337 2695 bulis
352 2655 377 2695 et
399 2645 564 2703 rumoribus,
586 2655 611 2694 et
631 2650 798 2709 quaecun'que

266 2717 354 2768 otiosa
374 2726 447 2776 sunt,
467 2717 537 2765 etad
558 2716 671 2765 salutem
686 2716 799 2765 minime

266 2786 437 2853 pertinentia.
452 2787 557 2850 Jejunet
574 2785 665 2849 lingua
680 2800 696 2834 a
709 2786 799 2835 detra-

850 357 940 408 ctione
955 368 981 409 et
1003 363 1225 423 murmuratione,
1239 363 1273 414 ab

850 428 932 491 libus,
946 430 1028 481 variis
1051 443 1077 483 et
1097 434 1255 486 scurrilibus
1273 452 1295 485 u

851 497 985 549 interdum
992 517 1109 567 quoque,
1123 504 1158 552 ob
1169 504 1295 569 gravitate

850 569 934 629 lentii,
944 572 978 621 ab
992 571 1068 637 ipsis,
1086 588 1147 638 quae
1160 575 1243 625 videri
1261 591 1295 642 po

851 643 1007 693 necessaria.
1028 644 1131 708 Jejunet
1150 663 1247 697 manus
1260 648 1294 698 ab

850 713 888 763 sis
910 714 1012 780 signis,
1043 728 1070 767 et
1096 718 1222 782 operibus
1254 736 1298 771 om

849 801 1019 852 quaecunque
1032 804 1084 838 non
1096 801 1159 840 sunt
1173 791 1295 858 imperata

850 860 935 910 multo
957 861 1043 927 magis
1061 862 1149 913 anima
1168 865 1226 930 ipsa
1248 868 1295 933 jejt

847 929 940 993 vitiis,
960 941 986 981 et
1017 933 1124 998 propria
1155 936 1291 988 voluntate

849 1002 947 1052 etenim
970 1003 1029 1054 sine
1050 1006 1150 1070 jejunio
1172 1008 1235 1068 hoc,
1259 1022 1299 1062 cet

848 1073 965 1123 Domino
994 1077 1186 1139 reprobantur,
1216 1081 1286 1133 sicut

848 1154 924 1210 ptum
935 1155 975 1195 est
990 1163 997 1196 :
1012 1147 1081 1208 Quia
1092 1149 1118 1197 in
1131 1149 1223 1201 diebus
1225 1153 1294 1220 jejur

847 1218 906 1280 siri,
918 1219 1050 1270 invenitur
1066 1219 1189 1270 voluntas
1203 1231 1294 1275 vestra

847 1290 936 1340 solum
949 1298 1038 1338 autem
1050 1290 1084 1338 ab
1094 1289 1204 1351 illicitis,
1212 1295 1258 1343 sed
1268 1297 1297 1346 al·

848 1376 957 1428 quoque
969 1359 1051 1410 licitis
1075 1373 1178 1425 oportet
1192 1379 1241 1414 nos
1255 1365 1299 1431 jejt

848 1434 870 1482 si
885 1448 915 1482 ea
934 1431 1013 1480 nobis
1026 1445 1086 1496 quae
1102 1431 1177 1496 prius
1193 1437 1300 1485 commi.

848 1501 949 1561 illicita,
967 1501 1093 1551 volumus
1118 1503 1283 1556 condonari:

848 1572 1015 1622 Bernartius,
1033 1571 1106 1621 Unde
1120 1583 1146 1620 et
1170 1574 1247 1624 Beda
1260 1593 1269 1626 .·
1280 1596 1294 1623 a

848 1643 980 1708 jejunium
1007 1641 1129 1707 generale
1152 1655 1192 1692 est
1216 1661 1272 1697 non
1295 1663 1304 1694 s

848 1716 881 1765 ab
910 1714 990 1778 escis,
1014 1714 1059 1763 sed
1084 1729 1099 1763 a
1123 1715 1227 1766 cunctis
1251 1717 1298 1769 illc

847 1786 979 1838 abstinere
993 1786 1152 1845 carnalibus,
1170 1786 1226 1837 imo
1239 1789 1273 1839 ab
1288 1804 1303 1839 c

849 1859 899 1908 bus
923 1856 1050 1906 vitiorum
1076 1857 1265 1922 passionibus;
1290 1876 1303 1911 ε

849 1930 934 1981 oratio
947 1930 1076 1996 generalis
1091 1945 1144 1979 non
1168 1932 1256 1981 solum
1277 1932 1303 1983 ir

850 2001 892 2051 bis
900 1999 1063 2066 est,.quibus
1077 1999 1196 2050 divinam
1213 2002 1298 2053 cleme

850 2074 1024 2132 invocamus,
1046 2072 1222 2121 verumetiam
1242 2073 1270 2123 in
1290 2090 1299 2121 c

850 2144 918 2204 bus,
944 2157 1004 2207 quae
1039 2142 1067 2191 in
1093 2143 1254 2208 obsequium

851 2216 1014 2274 Conditoris,
1030 2214 1090 2265 fidei
1103 2216 1244 2269 devotione
1253 2234 1298 2285 ger

850 2297 916 2337 teste
937 2287 1076 2351 Apost010‚
1096 2287 1143 2352 qui
1158 2287 1194 2337 ait
1209 2290 1292 2341 :Siue

850 2357 976 2408 missione
992 2364 1067 2407 orate
1083 2375 1090 2407 :
1106 2377 1119 2403 n
1132 2357 1189 2407 haec
1204 2359 1287 2410 Beda.

851 2429 951 2494 quippe
967 2428 1023 2477 sine
1047 2428 1247 2479 intermissione
1262 2446 1299 2481 ort

851 2516 911 2551 cum
938 2516 968 2549 ea
988 2500 1076 2549 solum
1093 2515 1171 2564 opera
1189 2501 1299 2566 gerimus

851 2590 899 2623 nos
921 2572 1011 2638 pietati
1035 2573 1224 2622 commendent
1246 2574 1299 2623 Aut

850 2646 960 2709 Semper
969 2643 1041 2694 enim
1056 2653 1123 2702 orat,
1138 2644 1185 2709 qui
1199 2659 1299 2710 semper

852 2714 922 2772 facit,
939 2725 964 2764 et
979 2713 1007 2763 in
1023 2714 1094 2763 bono
1110 2725 1266 2777 perseverat.

756 3050 890 3102 ORATIO

269 3236 271 3243 ·
298 3220 413 3271 Domine
427 3220 489 3270 Jesu
506 3219 622 3279 Christe,
638 3219 686 3285 qui
710 3235 760 3270 nos
777 3219 957 3270 humilitatem
973 3221 1056 3270 verbo
1069 3230 1095 3270 et
1115 3221 1237 3286 exemplo
1249 3221 1299 3271 doc

267 3295 301 3344 da
313 3292 382 3343 mihi
397 3302 427 3343 ut
443 3307 582 3357 nunquam
597 3293 657 3350 alta,
671 3292 717 3342 sed
739 3307 845 3356 semper
860 3291 975 3342 humilia
988 3292 1021 3343 de
1033 3308 1085 3349 me,
1100 3293 1178 3342 corde
1194 3291 1302 3343 sentiatt

267 3364 412 3431 proferam,
426 3374 453 3413 et
467 3378 547 3428 opere
560 3363 710 3413 ostendam.
726 3362 806 3427 Eripe
827 3378 870 3411 me
890 3373 917 3412 et
932 3363 1066 3413 custodia
1086 3363 1213 3428 malignis
1229 3361 1303 3428 spirit

267 3447 293 3488 et
303 3437 415 3488 defende
428 3435 462 3486 ab
476 3435 602 3498 omnibus
617 3434 736 3484 inimicis
748 3434 904 3486 visibilibus
915 3445 941 3485 et
955 3436 1153 3500 invisibilibus;
1169 3446 1195 3486 et
1214 3446 1303 3501 praestr

266 3509 305 3569 hi,
322 3526 339 3560 0
353 3509 472 3560 Salvator
483 3522 560 3557 meus
574 3517 600 3557 et
614 3506 686 3557 Deus
702 3522 788 3566 meus,
803 3517 832 3556 ut
848 3507 954 3572 jejuniis
968 3517 994 3557 et
1010 3507 1178 3559 orationibus
1191 3509 1306 3559 conveni

265 3581 395 3645 intentus,
408 3590 516 3632 cunctas
534 3580 739 3630 immundorum
755 3579 909 3646 spirituum,
924 3590 950 3630 et
965 3596 1107 3646 pravorum
1127 3581 1273 3631 hominum
1291 3590 1304 3631 t

262 3651 350 3702 tiones
363 3654 474 3712 valeam,
489 3661 515 3701 te
527 3650 642 3715 juvante,
658 3665 792 3716 superare,
806 3661 832 3701 et
846 3651 880 3701 ab
891 3651 1015 3701 hostibus
1032 3651 1130 3701 mentis
1146 3661 1171 3702 et
1185 3650 1304 3717 corporis

264 3738 331 3785 rear,
347 3735 372 3776 te
386 3724 539 3788 miserante,
555 3723 672 3785 liberari,
688 3732 714 3774 et
728 3739 834 3788 semper
848 3725 938 3775 salvus
955 3739 1022 3775 esse.
1036 3725 1130 3776 Amen.
