2632 4320
158 285 207 337 116

154 419 209 463 cus,
225 402 328 454 scilicet
342 418 349 452 ε
365 401 394 453 in
409 401 604 469 spiritualibus,
622 418 687 468 prae-

154 475 241 537 latus;
269 472 297 522 in
320 472 532 539 temporalibus,
561 473 685 538 princeps

154 555 290 606 terrenus;
302 543 330 593 in
340 543 472 611 utrisque,
485 543 599 610 quilibet
610 543 686 595 Chri-

153 617 267 667 stianus.
279 615 401 676 Quilibet
409 615 482 665 enim
492 615 575 666 horno
588 624 628 665 est
639 614 685 664 vil-

153 687 221 737 licus
245 687 311 747 Dei,
337 685 379 736 cui
401 686 500 752 triplex
524 685 586 736 villa
609 700 685 735 com-

154 757 236 808 missa
256 768 298 808 est
318 758 500 824 gubernanda,
518 757 566 824 qui
583 756 684 807 fructus

153 830 296 898 cujuslibet
306 831 377 882 villae
390 832 533 897 prudenter
545 831 624 880 debet
633 831 685 881 dis·

152 917 274 967 pensare.
302 902 392 952 Prima
414 900 477 952 villa
502 910 543 951 est
565 901 684 951 mundus

152 973 212 1033 iste,
228 974 303 1038 cujus
322 972 425 1024 fructus
441 981 504 1022 sunt
525 971 597 1022 bona
612 980 684 1022 tem-

153 1044 262 1110 poralia,
280 1059 341 1109 quae
358 1043 473 1109 quilibet
487 1042 621 1093 custodire
642 1042 684 1092 de·

154 1114 206 1178 bet,
222 1129 255 1164 ne
265 1114 328 1164 mali
343 1113 455 1178 rapiant,
468 1121 494 1162 et
507 1122 538 1164 ut
550 1111 602 1163 sibi
613 1127 684 1162 corn-

152 1186 236 1237 missa
249 1185 334 1236 servis
347 1183 458 1234 Domini
473 1183 515 1234 sui
531 1183 682 1234 distribuat.

151 1260 271 1310 Secunda
285 1259 349 1310 villa
370 1267 410 1309 est
423 1273 520 1323 corpus
532 1256 682 1323 proprium,

150 1330 224 1396 quod
238 1338 279 1379 est
292 1328 508 1388 custodiendum,
524 1342 558 1377 ne
574 1327 682 1393 quando

150 1402 316 1469 ingrediatur
338 1417 411 1452 mors
437 1402 470 1451 ad
493 1400 612 1451 animam
636 1415 683 1466 per

151 1481 241 1536 portas
255 1487 399 1536 sensuum;
417 1470 487 1522 bona
502 1471 582 1521 etiam
597 1470 683 1535 ipsius

151 1542 280 1608 corporis,
288 1552 319 1593 ut
328 1543 430 1593 sanitas
440 1552 466 1593 et
475 1540 614 1605 fortitudo,
622 1551 681 1600 etc.,

150 1612 183 1662 ad
195 1613 244 1663 Dei
265 1613 406 1664 servitium
428 1622 453 1664 et
469 1612 602 1663 honorem
619 1621 683 1661 sunt

150 1682 339 1748 dispensanda.
360 1682 452 1734 Tertia
470 1682 533 1733 villa
557 1690 597 1732 est
621 1681 683 1732 ani-

150 1768 208 1813 ma,
233 1769 294 1821 quae
319 1769 334 1804 a
358 1753 446 1820 pravis
474 1752 683 1819 cogitationibus

149 1835 190 1876 cst
208 1825 392 1885 custodienda,
414 1825 490 1891 cuius
511 1840 606 1874 omnes
626 1824 683 1876 vir-

149 1904 220 1946 tutos
236 1897 335 1946 debent
353 1893 479 1946 distribui
501 1896 532 1945 ad
548 1895 683 1961 cognitio-

150 1980 213 2015 nem
225 1976 251 2016 et
265 1967 397 2015 bonorem
415 1975 441 2016 et
455 1979 574 2015 amorem
588 1964 647 2015 Dei.

183 2051 198 2085 2
222 2036 290 2086 Tam
309 2051 395 2086 vanua
419 2035 529 2086 Cnarsrr
549 2051 683 2085 alamann

149 2125 276 2160 rrrrurrs
294 2125 380 2159 vanna
401 2125 434 2158 ετ
455 2125 525 2159 svera
539 2124 681 2159 reustum.

148 2208 179 2217 —
192 2182 231 2230 Et
243 2181 294 2243 hic,
309 2180 412 2230 scilicet
427 2180 524 2245 triplex
538 2179 682 2245 praedictus

147 2251 263 2315 villicus,
279 2250 437 2317 diji'anzatur
453 2256 494 2301 est
507 2251 580 2316 apud
596 2249 680 2313 illum,

147 2320 248 2372 scilicet
263 2322 359 2381 Deum,
373 2320 436 2386 quia
449 2319 520 2370 nibil
532 2320 594 2370 latet
608 2336 680 2382 eum,

146 2393 226 2458 quasi
239 2393 400 2458 dissipasset
414 2392 482 2443 bona
503 2390 597 2456 ipsius
613 2393 683 2443 male

146 2468 186 2519 eis
204 2469 317 2530 utendo,
333 2467 433 2519 scilicet
455 2483 498 2518 res
521 2469 682 2534 temporales

146 2537 175 2588 in
198 2538 301 2589 illicitis
320 2548 346 2588 et
366 2537 510 2605 superfluis
524 2538 681 2604 expenden-

145 2611 190 2672 do,
204 2626 303 2677 corpus
321 2626 403 2661 suum
419 2609 604 2674 voluptatibus
619 2610 682 2660 dan-

145 2682 196 2741 do,
220 2683 339 2732 animam
364 2682 515 2733 immundis
537 2683 680 2749 cogitatio-

146 2751 227 2802 nibus
253 2753 402 2817 implendo.
427 2752 464 2802 Et
490 2752 559 2802 bene
586 2752 679 2803 dicit:

144 2821 245 2888 IpsiuS,
261 2822 326 2889 quia
346 2822 416 2873 bona
434 2831 535 2882 nostra,
552 2822 601 2872 Dei
616 2834 681 2873 sunt

144 2895 315 2956 auctoritate3
333 2894 380 2945 sed
400 2905 491 2946 nostra
512 2904 585 2956 sunt,
603 2895 680 2944 utili-

144 2975 206 3016 tate.
227 2967 273 3017 Fit
292 2978 383 3017 autem
404 2967 449 3019 hic
471 2966 618 3018 diffamatio
638 2969 680 3019 vel

144 3037 278 3088 accusatio
301 3053 423 3089 remorsu
442 3038 678 3098 conscientiarum,

144 3108 185 3158 vel
206 3107 341 3159 evidentia
356 3123 479 3173 operum,
495 3110 538 3160 vel
559 3125 605 3175 per
620 3111 679 3160 An·

144 3179 219 3245 gelos
229 3179 275 3245 qui
287 3177 366 3228 nobis
377 3178 543 3240 ministrant,
551 3190 577 3230 et
587 3181 679 3231 omnia

144 3265 225 3316 opera
250 3259 343 3301 nostra
367 3249 424 3299 Deo
449 3250 614 3302 renuntiant.
640 3251 680 3301 Et

143 3325 249 3377 vocavit
269 3324 354 3386 illum,
369 3323 472 3373 scilicet
490 3322 679 3388 inspirationi-

80 3408 83 3413 ·
145 3396 194 3447 bus
221 3395 416 3460 interioribus,
443 3393 679 3460 praedicationibus

143 3468 330 3527 exterioribus,
345 3465 516 3523 evidentibus
531 3464 677 3527 beneficiis,

99 3584 107 3602 ,
144 3538 342 3605 multiplicibus
356 3534 479 3602 flagellis,
497 3543 523 3585 et
543 3534 678 3584 incutien-

142 3610 177 3659 do
203 3611 329 3663 timorem
353 3619 459 3660 aeternae
482 3607 676 3671 damnationis,

142 3687 169 3730 et
189 3684 230 3734 ait
251 3684 301 3748 illi,
318 3699 380 3734 eum
401 3690 462 3732 ante
482 3690 597 3731 mortem
618 3696 678 3730 cor-

142 3749 276 3817 ripiendo,
299 3765 325 3807 et
348 3751 483 3804 monendo
505 3751 607 3813 :Quid
630 3751 678 3803 hoc

142 3821 224 3875 audio
249 3825 282 3876 de
307 3831 348 3888 te,
375 3824 512 3875 bonorum
533 3821 678 3887 dispensa-

142 3895 213 3947 tore?
237 3898 331 3949 Redde
349 3898 480 3949 rationem
503 3895 678 3948 villicationis

476 285 649 336 SECUNDAE
667 284 790 335 PARTIS
806 284 923 337 CAPUT
937 286 995 338 XV.

741 409 802 465 tuae,
826 413 852 454 et
874 404 940 454 dum
963 404 1032 455 vivis
1050 403 1138 471 cogita
1158 403 1273 470 qualiter

738 472 820 523 debes
840 473 961 539 operari3
986 483 1091 540 oportet
1111 472 1186 524 enim
1211 472 1271 523 red-

738 544 800 595 dere
815 545 956 606 rationem,
969 556 1016 596 aut
1030 545 1059 595 in
1073 545 1136 606 vita,
1151 555 1199 596 aut
1212 554 1272 610 post

739 626 868 681 mortem;
877 616 938 684 jam
956 617 1025 667 enim
1048 617 1128 677 ultra,
1142 615 1272 667 sciliceta

738 695 858 753 tempore
881 686 977 738 mortis
1001 697 1067 748 tuae,
1094 701 1145 737 non
1167 686 1272 753 poteris

738 758 869 822 villicare,
890 775 938 810 ncc
955 759 1106 827 quidquam
1123 759 1189 809 boni
1210 774 1271 825 age-

737 844 774 879 re.
800 829 878 880 Tunc
906 829 979 880 enim
1005 845 1059 879 non
1083 829 1184 895 poterit
1211 828 1272 894 quis

736 898 794 949 Deo
815 899 966 950 satisfacere
984 901 1016 952 de
1035 900 1116 950 rebus
1135 914 1183 965 per
1201 900 1272 950 elec-

738 987 874 1038 mosynas,
891 988 939 1024 nec
962 974 995 1024 de
1008 988 1120 1039 corpore
1137 987 1186 1039 per
1203 972 1272 1038 jeju-

738 1041 792 1102 nia,
814 1058 863 1093 nec
887 1043 920 1093 de
944 1043 1032 1094 anima
1057 1058 1104 1109 per
1125 1041 1274 1093 orationes·

737 1112 802 1163 Tria
816 1113 897 1165 verba
912 1114 981 1165 dicit
1001 1114 1045 1165 bic
1065 1113 1192 1165 Christus
1209 1130 1273 1180 pec·

736 1184 829 1246 catori,
852 1200 957 1250 magnae
976 1185 1109 1251 angustiae
1132 1193 1159 1235 et
1180 1184 1273 1236 anxie·

735 1258 809 1322 tatis,
834 1272 894 1323 quae
916 1257 940 1308 si
962 1259 1092 1310 continue
1113 1258 1273 1310 insonarent

736 1328 847 1380 auribus
863 1329 972 1390 nostris,
987 1331 1062 1381 nullo
1083 1330 1166 1381 modo
1186 1344 1274 1397 pecea-

737 1414 836 1450 remus.
857 1399 977 1450 Primum
1000 1410 1040 1450 est
1062 1399 1157 1466 rigidae
1178 1415 1272 1466 repre-

736 1471 886 1533 hensionis,
908 1489 970 1524 cum
991 1471 1112 1523 dicitur:
1130 1472 1205 1534 Quid
1224 1472 1272 1523 hoc

736 1543 818 1593 audio
841 1543 873 1594 de
899 1549 932 1606 te,
957 1542 996 1593 sic
1018 1542 1102 1593 ditato
1125 1541 1272 1608 gratiarum

737 1612 910 1674 muneribus,
935 1612 973 1663 sic
996 1621 1133 1678 proevento
1159 1612 1273 1662 benedi-

735 1683 882 1744 ctionibus,
902 1684 1060 1749 dissipatore
1085 1698 1178 1734 rerum
1202 1697 1272 1733 mea-

736 1770 797 1805 rum
813 1754 863 1804 tibi
882 1754 1107 1805 commissarum?
1133 1752 1207 1814 Quid
1223 1753 1271 1804 hoc

735 1824 844 1876 audio?
868 1825 1012 1875 clamorem
1039 1824 1072 1875 de
1096 1832 1168 1875 terra
1192 1838 1271 1875 reso·

736 1909 845 1949 nantem
859 1907 913 1949 tarn
929 1897 1072 1949 horribilia
1088 1898 1200 1957 scelera,
1216 1906 1270 1947 tam

735 1971 848 2038 antiqua
867 1971 949 2037 vitia;
967 1970 1014 2037 qui
1032 1979 1104 2021 tanta
1126 1969 1199 2020 bona
1214 1968 1272 2019 dis·

736 2041 840 2107 sipasti,
850 2041 915 2108 quia
925 2039 1083 2106 temporalia
1093 2039 1165 2090 male
1177 2054 1271 2105 expen-

734 2112 808 2172 disti,
823 2128 920 2178 corpus
935 2108 1094 2177 inquinasti,
1110 2119 1138 2161 et
1149 2108 1269 2161 animam

735 2182 847 2249 peccatis
871 2182 1033 2234 inveterasti.
1057 2210 1087 2219 -
1114 2180 1269 2231 Secundum

734 2254 847 2305 verbum
859 2264 899 2304 est
913 2252 986 2304 anxii
999 2250 1116 2314 timoris,
1129 2266 1193 2302 cum
1208 2250 1271 2301 sub

735 2324 827 2375 ditur:
841 2324 935 2375 Redde
949 2323 1079 2373 rationem
1094 2320 1270 2372 villicationis

736 2400 797 2446 tuae.
819 2394 843 2445 O
864 2393 978 2444 verbum
997 2389 1136 2443 strictum!
1160 2390 1185 2440 0
1207 2404 1269 2440 ver-

735 2465 800 2516 bum
825 2463 952 2516 anxium!
979 2464 1003 2514 O
1031 2462 1146 2513 verbum
1171 2461 1269 2512 durum

734 2535 909 2588 discussionis
930 2533 1058 2584 districtae
1081 2541 1148 2582 tunc
1167 2531 1269 2582 facien-

734 2609 785 2673 dae,
799 2607 907 2675 quando
921 2605 1043 2672 exigetur
1063 2619 1078 2654 a
1096 2602 1178 2653 nobis
1201 2601 1269 2653 ratio

734 2681 767 2731 de
780 2679 891 2731 occultis
911 2677 1034 2728 cordium
1047 2672 1269 2740 cogitationibus,

734 2750 767 2800 de
780 2749 876 2800 otiosis
890 2746 1070 2806 sermonibus,
1082 2755 1109 2797 et
1122 2744 1157 2795 de
1169 2742 1269 2795 nostris

734 2818 876 2889 operibus!
897 2820 975 2869 Tunc
995 2817 1079 2882 aperti
1101 2825 1184 2867 erunt
1205 2814 1268 2865 libri

734 2891 872 2954 coelestes,
899 2900 964 2940 tunc
990 2897 1098 2952 apertus
1121 2884 1175 2936 erit
1200 2883 1269 2935 liber

733 2963 915 3025 conscientiae,
930 2962 957 3013 in
976 2977 1032 3028 quo
1047 2962 1118 3027 leget
1137 2956 1269 3008 memoria

733 3035 868 3103 quidquid
888 3036 972 3084 homo
990 3030 1126 3098 cogitavit,
1144 3028 1224 3089 dixit,
1244 3034 1269 3079 et

732 3108 811 3173 lecit;
831 3118 896 3158 tunc
916 3104 1144 3156 examinabuntur
1165 3098 1267 3155 omnia,

733 3190 759 3231 et
770 3190 836 3231 tunc
857 3177 1016 3228 discutietur
1030 3175 1063 3224 de
1083 3181 1142 3223 tota
1154 3171 1211 3223 vita
1225 3185 1269 3221 no-

732 3259 795 3301 stra.
810 3276 840 3288 -
855 3247 978 3299 Tertium
992 3244 1107 3296 verbum
1128 3252 1171 3294 est
1186 3240 1268 3293 amari

732 3319 842 3378 doloris,
856 3334 919 3368 curn
934 3317 1040 3368 additur
1054 3332 1061 3366 ι
1076 3315 1142 3365 Jam
1155 3328 1210 3365 non
1216 3326 1269 3380 po·

733 3393 799 3443 teris
820 3390 951 3442 villicare.
967 3389 997 3438 ln
1019 3388 1107 3438 futura
1124 3384 1201 3436 enim
1215 3382 1268 3433 vita

732 3463 836 3514 tollitur
850 3461 940 3512 omnis
959 3457 1090 3511 villicatio
1106 3455 1267 3515 hominum

732 3535 768 3587 ita
784 3544 814 3586 ut
835 3534 948 3585 ulterius
963 3548 1013 3584 nec
1030 3532 1109 3590 bene,
1129 3544 1180 3580 nec
1201 3525 1267 3579 male

731 3606 838 3671 possint
856 3604 970 3670 operari.
992 3604 1107 3668 Magnus
1127 3599 1212 3667 igitur
1230 3606 1267 3648 est

731 3679 808 3730 dolor
833 3677 940 3737 animae,
965 3674 1075 3741 quando
1097 3671 1267 3740 proximante

731 3748 799 3799 hora
816 3747 922 3809 mortis,
941 3745 1017 3799 audit
1038 3743 1091 3794 sibi
1113 3741 1180 3799 dici,
1195 3734 1264 3805 quod

731 3819 845 3872 ulterius
868 3834 923 3869 non
945 3816 1033 3885 possit
1047 3813 1177 3865 villicare.
1201 3808 1264 3890 Puto

732 3891 805 3958 quod
818 3900 907 3943 totum
924 3888 1058 3942 mundum
1070 3885 1156 3945 daret,
1171 3888 1203 3935 ut
1215 3878 1263 3933 stbt
