2632 4320
118 268 166 319 DE
180 265 377 318 EJECTIONE
389 258 627 315 VENDENTIUM
638 257 688 308 ET
705 255 895 308 EMENTIUM
908 254 954 306 DE
971 256 1126 307 TEMPLO.
1153 259 1206 310 223

84 383 167 434 nobis
182 382 281 434 domus
295 390 387 431 nostra
410 392 459 444 pro
477 376 532 426 illis
546 384 618 426 esset

81 454 181 515 amon,
197 452 370 504 siamoenum
379 450 490 516 aliquod
499 447 618 498 tructus

80 536 178 577 sumre
208 524 357 591 praedium,
385 522 448 572 ideo
484 519 555 569 nihil
575 527 618 569 est

80 595 182 662 cuique
203 609 232 645 se
254 594 345 646 vilius.
371 591 462 642 Nostri
484 604 616 648 essemus,

80 669 106 720 si
120 669 174 720 ista
188 679 280 719 nostra
296 684 352 718 non
367 675 475 728 essent,
490 663 618 731 quisquis

81 749 210 790 mutim
225 749 311 789 tutam
334 752 411 804 agere
432 736 516 787 vitam
536 735 616 793 volet,

80 811 133 863 ista
163 811 265 862 riscam
292 809 421 861 beneficia
448 808 558 866 devitet,
587 805 616 854 in

79 880 182 948 qui-bus
191 881 340 932 miserrimi
353 879 481 930 fallimur.
493 877 615 944 Sapiens,

79 968 145 1004 cum
177 953 266 1019 primo
294 952 368 1003 videt
402 950 571 1009 munuscula,
600 964 616 998 a

79 1023 187 1074 theatro
202 1022 300 1089 surgit,
317 1031 345 1072 et
357 1021 408 1072 scit
423 1036 520 1088 magna
532 1034 614 1087 parvo

78 1105 219 1160 conme3
243 1096 325 1146 vilem
357 1095 485 1160 praedam,
514 1109 614 1160 magno

79 1168 256 1218 incommodo
266 1168 378 1218 luimus.
398 1165 561 1217 Beneficium
575 1181 616 1215 ac-

77 1239 168 1307 cipere
192 1240 343 1290 libertatem
371 1239 488 1290 rendere
510 1248 551 1288 est
571 1255 580 1288 r
600 1256 614 1284 u

78 1313 138 1364 bec
159 1313 273 1364 Seneca.
294 1311 348 1362 Ubi
372 1313 585 1378 chrysostomus
606 1328 615 1360 .·

78 1400 93 1428 ι
116 1383 175 1433 Hoc
199 1393 256 1443 erat
271 1381 412 1448 proprium
431 1381 494 1432 boni
510 1381 569 1440 lilii,
583 1390 614 1430 ut

76 1452 189 1504 veniens
205 1454 295 1519 primo
311 1453 344 1503 ad
359 1453 473 1502 domum
494 1461 614 1502 curreret

78 1524 173 1585 Patris,
188 1534 215 1575 et
228 1524 361 1574 honorem
375 1524 498 1574 redderet
512 1523 552 1572 illi
566 1523 614 1588 qui

75 1597 172 1662 genuit
183 1612 258 1648 eum.
277 1597 309 1647 Et
325 1608 355 1647 tu
377 1597 498 1646 imitator
509 1595 612 1647 Christi

77 1665 174 1732 lwuts,
189 1682 254 1718 cum
277 1667 305 1716 in
326 1667 448 1733 aliquam
473 1667 612 1733 ingressus

77 1736 163 1789 itteris
178 1737 324 1798 civitatem,
337 1737 456 1803 primum
470 1747 534 1787 aute
549 1752 612 1786 om-

76 1826 141 1862 nem
153 1822 245 1862 actum
266 1812 299 1862 ad
312 1810 450 1862 ecclesiam
462 1826 564 1862 curras.
579 1811 612 1861 Et

75 1885 129 1937 hoc
142 1896 201 1937 erat
214 1886 281 1936 boni
301 1885 411 1946 medici,
426 1896 458 1936 ut
473 1886 613 1952 ingressus

74 1956 110 2007 ul
135 1956 273 2008 infirmam
294 1958 430 2009 civitatem
453 1958 611 2021 sanandam,

76 2026 198 2092 primm
212 2028 246 2078 ad
263 2028 398 2094 originem
418 2027 555 2079 Passionis
569 2028 613 2077 in-

73 2098 204 2149 truderet.
218 2098 288 2148 Nam
303 2099 375 2149 sicut
388 2099 422 2148 de
434 2099 536 2164 templo
546 2114 611 2150 om-

74 2182 109 2219 ae
136 2168 243 2219 bonum
275 2169 429 2235 egreditur;
454 2170 494 2220 sic
524 2179 551 2220 et
578 2169 613 2219 de

73 2238 178 2302 templo
213 2253 294 2289 omne
339 2241 441 2289 malum
482 2239 612 2306 procedit.

73 2307 312 2367 Quemadmodum
349 2310 471 2361 medicus
503 2311 613 2378 quando

73 2381 195 2446 prirnum
206 2382 356 2449 ingreditur
368 2385 401 2434 ad
413 2385 564 2446 infirmum,
578 2385 612 2435 de

71 2453 214 2507 stomacho
234 2455 293 2519 ejus
315 2454 476 2522 interrogat,
500 2464 612 2507 etcum

72 2538 237 2591 ωιψοηοω
246 2525 368 2586 festinat,
386 2527 450 2592 quia
471 2526 496 2577 si
508 2536 612 2578 stoma-

72 2593 145 2646 chus
169 2611 252 2646 sanus
277 2596 367 2657 fuerit,
399 2607 487 2647 toturn
514 2612 611 2660 corpus

70 2665 192 2717 validum
228 2667 289 2728 erit,
325 2667 348 2717 si
373 2678 464 2718 autem
492 2668 611 2734 dissipa-

70 2746 117 2789 tus
153 2736 248 2802 fuerit,
283 2749 371 2790 totum
398 2755 497 2806 corpus
532 2739 611 2790 infir-

71 2824 149 2860 mum
167 2820 226 2876 est;
249 2811 286 2862 ita
308 2813 332 2862 si
350 2813 528 2863 sacerdotium
540 2814 611 2866 inte-

69 2892 150 2944 grum
171 2879 265 2944 uana
284 2891 341 2933 tota
358 2883 474 2934 Ecclesia
486 2884 572 2946 floret,
585 2885 610 2936 si

68 2960 161 3003 antem
175 2964 334 3020 cormptum
351 2955 441 3016 fuerit,
461 2954 529 3008 fides
543 2974 611 3009 mar·
629 2998 633 3009 .

69 3023 130 3077 cirta
150 3035 201 3077 est.
226 3026 284 3077 Cor
304 3028 378 3078 enim
404 3039 429 3078 et
450 3031 609 3083 stomachus

68 3096 253 3147 sscmdetlum
282 3097 460 3164 intelligitur,
488 3101 554 3166 quia
578 3103 608 3153 in

68 3168 151 3219 tebius
166 3169 356 3235 spiritualibus
389 3185 437 3237 per
465 3188 512 3223 eos
535 3184 609 3226 totus

68 3239 189 3305 papulus
216 3241 392 3306 gubernatur.
426 3242 504 3294 Sicut
535 3246 607 3297 enim
629 3260 631 3264 ⁴

67 3320 117 3359 cer
134 3310 275 3376 sapienda
293 3311 370 3362 lours
388 3321 443 3378 est;
467 3315 504 3365 its
517 3331 608 3367 sacer-
628 3352 631 3357 «

68 3378 147 3460 dotes
176 3385 344 3449 receptacula
374 3396 440 3437 auat
467 3389 608 3454 sapientire

68 3450 229 3529 aprmnmlls.
250 3453 286 3504 Et
308 3453 377 3525 ¹sicut
391 3459 549 3509 stomachus
561 3475 608 3511 sc-

67 3532 176 3603 umens
189 3520 407 3591 aihtrm,eequit
421 3541 485 3577 eum
506 3529 538 3579 in
563 3545 608 3581 se-

68 3600 197 3675 nnptua,
210 3602 239 3644 et
247 3608 295 3660 par
303 3604 390 3647 totum
401 3612 498 3665 corpas
509 3601 610 3668 disper·

67 3672 132 3746 μξς
166 3678 207 3716 mc
236 3676 266 3717 ec
295 3670 443 3725 sacmdotes
476 3674 609 3741 acciplunt

68 3734 213 3789 undam
226 3739 373 3802 sermonis,
387 3757 438 3807 per
456 3745 607 3812 Scripturas

66 3818 101 3857 et
114 3804 186 3868 Deo,
202 3817 232 3859 et
247 3820 396 3877 coquentes
411 3828 471 3864 earn
485 3815 513 3865 in
527 3831 564 3878 se,
579 3818 606 3868 id

66 3886 111 3931 est
133 3886 280 3935 munes
297 3891 328 3935 et
351 3884 512 3940 madltmtes
535 3895 606 3956 apud

672 389 710 434 se,
732 373 858 423 universo
873 372 973 438 populo
989 373 1206 426 subministrant.

671 446 767 497 Videte
791 461 864 511 ergo,
885 445 1046 505 sacerdotes,
1070 448 1207 512 quomodo

671 533 720 569 vos
740 517 911 583 componatis
924 518 954 567 in
976 518 1059 568 verbo
1076 530 1102 569 et
1115 535 1206 586 opere,
1290 532 1292 537 ·

670 591 800 658 quoniam
814 590 882 641 sicut
894 589 922 639 in
935 606 1045 655 corpore
1057 591 1082 642 si
1098 591 1208 659 aliquod

670 662 839 714 infirmatum
860 659 942 713 fuerit
963 663 1127 728 membrum,
1151 681 1206 714 non

669 735 783 786 omnino
808 734 919 800 languet
942 745 969 784 et
990 736 1156 797 stomachus,
1181 737 1204 787 si

668 816 759 858 autem
783 806 941 858 stomachus
963 807 1121 872 languescit,
1142 824 1205 859 orn-

668 879 713 929 nia
735 879 857 930 membra
878 878 1055 929 inveniuntur
1075 879 1203 946 infirma3

668 951 708 1001 sic
721 950 746 1001 si
757 950 858 1016 aliquis
873 948 1092 1000 Christianorum
1108 966 1204 1016 pecca·

668 1021 746 1082 verit,
773 1037 829 1071 non
851 1020 961 1070 omnino
987 1030 1096 1086 peccant
1115 1037 1205 1072 sacer-

668 1096 756 1156 dotes,
778 1095 802 1145 si
824 1103 914 1145 autem
932 1095 1082 1144 sacerdotes
1104 1093 1205 1145 fuerint

667 1184 686 1218 n
702 1169 836 1235 peccatis,
852 1178 925 1218 totus
949 1169 1065 1234 populus
1086 1184 1202 1219 conver-

668 1242 736 1292 titur
748 1242 782 1293 ud
796 1242 970 1308 peccandum.
985 1241 1057 1303 Ideo,
1077 1241 1101 1291 si
1115 1256 1205 1292 unus-

667 1312 784 1379 quisque
812 1312 1031 1362 Christianorum
1066 1327 1115 1377 pm
1152 1327 1204 1362 suo

669 1392 774 1448 peccato
801 1383 847 1432 dat
878 1382 1026 1445 rationem,
1051 1382 1203 1434 sacerdotes

665 1465 758 1507 autem
773 1471 829 1505 non
847 1464 953 1505 tantum
974 1470 1023 1520 pro
1037 1455 1103 1515 suis,
1117 1455 1164 1504 sed
1178 1464 1205 1506 et

668 1545 717 1595 pro
733 1529 859 1579 omnium
881 1528 997 1593 peccatis
1022 1528 1110 1578 daturi
1139 1539 1203 1578 sunt

668 1601 808 1651 rationem.
827 1599 903 1650 Vidit
927 1599 1050 1649 arborem
1077 1601 1203 1665 pallenti-

668 1673 719 1722 bus
735 1671 809 1721 foliis
828 1669 986 1727 marcidam,
999 1669 1131 1720 intellexit
1144 1680 1204 1722 stu-

666 1743 761 1793 diosus
782 1741 907 1806 agricola,
931 1739 995 1807 quia
1017 1740 1150 1790 lesionem
1177 1740 1204 1790 in

665 1813 755 1867 radice
770 1813 860 1863 habet.
890 1812 960 1862 Nam
983 1825 1044 1861 vere
1069 1812 1204 1876 quemad-

666 1885 779 1935 modum
803 1899 866 1934 cum
886 1881 986 1933 videris
1002 1881 1128 1931 arborem
1143 1881 1204 1947 psl-

666 1959 785 2011 lentibus
807 1957 882 2008 foliis
898 1956 1055 2016 marcidam,
1072 1955 1202 2022 intelligis

666 2031 732 2098 quia
755 2028 878 2096 aliquam
906 2028 1012 2092 culpam
1037 2026 1118 2075 habet
1139 2042 1202 2092 erga

666 2101 797 2162 radicem3
817 2099 853 2149 ita
873 2113 936 2148 cum
956 2095 1056 2147 videris
1070 2096 1201 2161 populum

666 2173 900 2239 indisciplinatum
914 2179 940 2221 et
954 2169 1146 2236 irreligiosum,
1162 2169 1203 2219 si-

667 2263 702 2298 ne
724 2246 808 2298 dubio
831 2260 966 2312 cognosce
990 2244 1055 2310 quia
1076 2243 1203 2294 sacerdo-

666 2320 736 2370 tium
760 2319 818 2384 ejus
840 2334 896 2368 non
919 2326 959 2366 est
980 2331 1076 2365 sanum
1093 2332 1100 2365 :
1117 2335 1131 2362 »
1144 2315 1202 2365 baec

667 2390 889 2456 Chrysostomus.
908 2388 993 2438 Valde
1005 2402 1069 2450 ergo
1084 2385 1200 2435 deflendi

665 2471 729 2512 sunt
750 2459 839 2510 clerici
868 2458 976 2525 quando
1000 2457 1108 2515 cadunt,
1137 2456 1202 2520 quia

663 2545 759 2582 eorum
779 2544 855 2579 casus
869 2536 910 2577 est
923 2526 1010 2592 magis
1025 2525 1201 2590 periculosus.

665 2604 745 2655 Unde
756 2603 828 2652 idem
843 2600 1055 2666 chrysostomus
1069 2614 1078 2646 .·
1093 2614 1107 2642 a
1121 2595 1201 2645 Nihil

663 2674 816 2724 intantum
834 2669 954 2720 destruit
974 2666 1121 2718 Ecclesiam
1140 2665 1199 2725 Dei,

664 2748 735 2798 sicut
756 2745 870 2797 clericos
895 2742 970 2794 laicis
997 2757 1055 2792 esse
1081 2740 1200 2791 deterio-

664 2836 717 2870 res.
734 2839 748 2867 s

697 2891 711 2942 3
730 2892 954 2942 &nonasterium
972 2903 1007 2937 ar
1022 2901 1199 2937 neutricum

662 2978 787 3014 sacmeorr
806 2975 954 3012 mncrreuts
972 2973 1143 3010 mnnarrtuu
1166 2971 1199 3006 aa

662 3050 778 3084 mnaso.
795 3031 960 3081 -Cernens
979 3044 1043 3095 ergo
1066 3027 1199 3078 Dominus

662 3109 692 3158 in
707 3109 788 3158 domo
812 3106 900 3156 Patris
922 3104 965 3155 sui
990 3102 1199 3169 negotiationem

662 3195 709 3230 seit
724 3176 895 3229 latrocinium
909 3174 1075 3237 istiusmodi,
1102 3172 1197 3223 ardore

661 3249 780 3316 Spiritus
802 3248 963 3307 concitatus,
987 3245 1050 3296 fecit
1070 3243 1122 3293 sibi
1145 3241 1197 3290 fla-

661 3321 763 3386 gellum
789 3320 823 3368 de
852 3317 995 3376 funiculis,
1023 3323 1050 3364 et
1078 3311 1200 3378 ejiciebat

660 3391 717 3456 ipse
738 3390 873 3441 Dominus
895 3386 998 3452 templi,
1019 3383 1160 3434 vendentes
1173 3386 1200 3429 et

661 3469 776 3514 ementes
803 3463 838 3512 de
867 3460 985 3526 templo,
1013 3471 1074 3506 cum
1100 3450 1198 3502 hostiis

660 3534 729 3594 suis,
752 3543 782 3584 et
805 3545 913 3582 musas
943 3522 1196 3583 numulariorum,

659 3614 689 3659 et
714 3606 859 3659 cathedras
872 3600 1039 3655 vendentium
1061 3594 1198 3648 columbas

658 3677 775 3738 euentu,-
798 3691 845 3726 nec
867 3672 977 3739 aliquod
998 3684 1044 3720 vas
1067 3667 1123 3716 Deo
1142 3680 1197 3715 non

662 3750 782 3801 dicatum
816 3758 842 3797 et
879 3753 1028 3801 sacrarum,
1059 3736 1197 3789 mercnadi

661 3821 747 3887 paria
762 3835 810 3885 per
825 3817 959 3882 templum
980 3810 1119 3862 transferri
1131 3824 1198 3874 per-

661 3890 747 3942 misit.
769 3886 911 3940 lnterdixit
928 3883 1041 3952 quidem
1065 3881 1099 3932 de
1124 3877 1197 3932 uasis
