2632 4320
146 260 180 295 20
307 228 319 245 ⁹
451 243 626 295 saeuitum
642 242 766 294 plinus
782 244 899 298 cnrur
915 248 961 300 111.

136 361 328 427 Augustinum,
354 360 453 410 candor
469 358 585 410 vestium
609 376 674 426 pro-

137 433 247 484 cedebat
261 448 276 483 a
290 431 366 483 faciei
392 432 552 498 splendore3
578 441 605 482 et
624 431 675 482 ista

139 503 190 555 fuit
201 519 263 554 vera
278 502 393 553 mutatio
416 503 445 552 in
460 503 534 563 facie,
557 503 603 553 sed
619 519 674 552 non

140 576 167 626 in
189 584 270 627 veste.
300 575 361 626 Non
399 575 577 625 substantiam
607 591 675 626 verae

136 645 225 697 carnis
253 644 356 705 amisit,
378 660 426 695 nec
456 645 575 711 corporis
604 646 674 696 veri-

137 726 219 768 tatem
258 715 404 780 subtraxit;
439 717 486 767 sed
522 716 546 766 ei
583 717 674 782 splen-

138 792 232 841 dorem
254 790 365 840 addidit.
388 791 467 841 Unde
502 791 588 841 Lucas
610 789 675 841 dicit

138 861 303 928 quodfacto
325 867 366 911 est
381 863 483 928 species
503 861 593 912 vultus
617 861 675 927 ejus

139 932 237 994 altera,
252 948 306 981 non
320 932 381 982 alia.
398 934 428 982 ln
439 947 590 1000 carneuergo
605 947 676 982 mor-

100 1058 106 1069 ,
140 1002 186 1053 tali
202 1002 412 1052 immortalitatis
433 1012 460 1052 et
472 1002 675 1053 resurrectionis

141 1089 195 1124 suae
209 1073 251 1123 vel
265 1083 361 1123 nostrae
382 1073 504 1139 gloriam,
520 1089 575 1124 non
590 1073 618 1123 in
636 1089 673 1136 se,

139 1147 185 1196 sed
207 1148 236 1197 in
251 1146 333 1196 seculi
353 1146 480 1206 claritate,
491 1146 561 1196 sicut
579 1146 673 1206 voluit,

140 1217 267 1280 ostendit,
299 1227 329 1267 ut
364 1217 438 1267 illius
473 1216 563 1282 gloriae
592 1232 674 1282 quam

139 1289 306 1355 praedicabat
325 1289 451 1339 certiores
474 1304 524 1338 nos
546 1288 673 1338 redderet.

139 1361 205 1410 Ecce
223 1368 356 1425 quantum
384 1360 483 1425 pignus
499 1359 673 1409 beatitudinis

138 1442 240 1483 nostrae
265 1431 411 1482 habemus!
440 1432 499 1482 Non
521 1431 595 1482 enirn
619 1442 674 1482 erat

137 1503 211 1554 aliud
240 1501 459 1568 transfiguratio,
482 1503 534 1553 nisi
561 1502 672 1553 secundi

137 1575 267 1626 adventus
293 1574 493 1639 praenuntiatio,
517 1575 545 1624 in
573 1590 627 1641 quo
648 1586 673 1624 et

138 1645 196 1711 ipse
222 1645 348 1695 Christus
371 1654 398 1695 et
414 1645 503 1696 Sancti
519 1646 575 1711 ejus
597 1645 673 1698 luce-

138 1717 206 1767 bunt
228 1719 284 1767 sole
307 1716 417 1781 clarius;
449 1717 520 1767 unde
544 1733 600 1767 non
627 1732 672 1766 as-

64 1829 68 1837 .
137 1791 255 1855 sumpsit
268 1789 395 1840 claritatis
418 1790 516 1846 dotem.
532 1790 577 1840 sed
591 1790 672 1840 sirni-

138 1862 292 1913 litudinem.
310 1862 388 1922 Nam,
415 1873 445 1913 ut
465 1863 519 1912 Leo
542 1862 611 1927 Papa
625 1861 671 1921 ait,

138 1934 213 1985 illam
229 1934 315 1999 ipsius
333 1932 440 1982 deitatis
462 1932 623 1982 ineffabilem
647 1943 673 1983 et

137 2003 351 2061 inaccessibilem
384 2002 537 2062 visionem,
558 2018 618 2068 quae
643 2003 680 2053 in'

137 2083 263 2124 aeternam
283 2073 366 2123 vitam
386 2072 497 2122 mundis
511 2073 588 2123 corde
614 2088 672 2123 ser-

137 2155 223 2205 vatur,
253 2145 327 2192 nullo
355 2144 436 2192 modo
456 2143 544 2193 adhuc
565 2144 672 2193 mortali

137 2231 216 2266 carne
241 2214 400 2265 circumdati
426 2215 523 2264 intueri
551 2225 672 2281 poterant

137 2295 163 2337 et
175 2285 273 2336 videre.
298 2285 428 2351 Splendor
441 2295 530 2335 autem
544 2285 618 2335 faciei
634 2285 672 2334 si-

106 2359 108 2363 ’
137 2354 246 2422 gnificat
262 2354 411 2405 claritatem
433 2355 600 2420 divinitatis3
615 2354 671 2405 ful-

135 2443 185 2494 gor
198 2441 261 2476 vero
277 2425 392 2476 vestium
410 2425 555 2476 claritatem
571 2425 671 2477 huma-

136 2500 229 2550 nitatis
255 2498 322 2564 ejus.
362 2499 444 2562 ltem,
465 2498 570 2548 claritas
596 2496 671 2549 faciei

136 2582 306 2638 repraesentat
328 2569 444 2620 futuram
461 2570 606 2621 claritatem
625 2586 670 2620 ca-

135 2640 199 2706 pitis
214 2641 330 2705 Christi;
344 2640 433 2706 fulgor
452 2651 542 2691 autern
556 2641 670 2692 vestium

136 2714 259 2778 designat
278 2713 396 2763 futuram
416 2713 562 2768 claritatem
584 2729 669 2763 mern-

137 2785 249 2834 brorum
271 2785 340 2851 ejus,
370 2785 472 2835 scilicet
497 2786 670 2844 Sanctorum,

137 2855 185 2921 qui
206 2857 404 2920 superabuntur
421 2870 436 2904 a
456 2854 573 2905 claritate
590 2855 671 2906 Chri-

127 2929 183 2997 sti,
201 2929 270 2980 sicut
292 2931 391 2979 candor
412 2929 483 2979 nivis
501 2941 672 2995 superatura

138 2998 244 3065 fulgore
266 3000 341 3050 solis.
363 2999 469 3049 Candor
486 3014 549 3065 ergo
564 2999 671 3066 signifi-

138 3079 179 3122 cat
200 3071 313 3137 gloriam
338 3069 435 3120 futurae
458 3070 671 3131 resurrectionis,

139 3151 248 3208 propter
270 3143 343 3207 quod
367 3141 497 3206 Angelus,
523 3141 671 3191 Dominicae

137 3215 340 3268 resurrectionis
363 3215 485 3275 nuntius,
513 3215 583 3265 stola
604 3230 670 3265 can-

137 3286 203 3337 dida
217 3291 357 3351 coopertus
374 3285 505 3350 apparuit.
521 3285 562 3347 Et,
580 3301 670 3335 secun-

135 3357 201 3406 dum
219 3356 329 3416 Bedam,
345 3355 456 3404 vestitus
471 3354 580 3404 Domini
601 3356 670 3405 San-

136 3420 244 3478 ctorum'
261 3425 334 3475 illius
352 3424 451 3475 chorus
467 3424 604 3490 accipitur,
621 3426 668 3492 qui

136 3495 163 3544 in
178 3497 257 3547 terris
273 3496 412 3560 despectus
426 3495 574 3546 videbatur.

135 3586 138 3592 ²
166 3565 356 3620 3M0nasrrsa
382 3583 445 3617 rnre
472 3583 668 3618 constantinus

133 3652 499 3694 crncarnaussrouanrtonsu
508 3641 616 3692 Donrur.
635 3669 668 3679 -

134 3711 270 3762 Moraliter
301 3714 369 3764 circa
405 3710 666 3777 transfigurationem

134 3782 268 3833 Dominus
282 3785 333 3836 tria
343 3783 405 3835 fecit
420 3800 427 3833 ε
442 3783 506 3849 quia
520 3782 667 3849 discipulos

135 3856 290 3923 assumpsit,
316 3868 436 3910 montem
458 3857 586 3922 ascendit,
611 3873 667 3910 ora-

728 359 831 412 tionem
846 363 990 428 praemisit;
1007 365 1040 415 ad
1055 364 1263 432 significandum

726 433 799 512 quod
825 433 858 483 ad
884 433 996 499 gloriam
1019 452 1072 486 non
1096 438 1260 502 pervenitur,

727 503 780 552 nisi
799 519 846 568 per
859 504 966 555 virtutis
981 507 1142 567 societatem,
1158 524 1206 575 per
1219 509 1262 560 vi·

727 581 761 623 tae
774 573 952 632 altitudinem,
967 591 1013 640 per
1027 577 1159 627 orationis
1177 580 1263 629 devo-

727 641 837 695 tionem.
848 645 923 695 Felix
938 661 1001 712 ergo
1018 647 1065 712 qui
1080 648 1160 698 talem
1175 649 1264 700 comi-

728 723 812 764 tatum
834 716 1004 781 assumpsit:
1023 719 1130 767 Petrum
1152 719 1263 780 scilicet,

727 783 755 833 in
766 801 820 851 quo
839 785 965 852 cognitio,
981 798 1006 837 et
1020 788 1149 838 Jacobum
1163 789 1190 839 in
1206 806 1262 857 quo

727 858 806 918 lucta,
823 867 849 909 et
861 860 992 910 Joannem
1009 860 1038 910 in
1054 877 1109 927 quo
1120 862 1206 926 gratia
1222 864 1263 913 si·

727 929 858 994 gnantur!
889 931 1015 981 Assumat
1047 947 1110 997 ergo
1140 933 1262 992 Petrum,

727 999 774 1067 qui
794 999 980 1066 interpretatur
1004 1016 1163 1068 agnoscens,
1184 1014 1216 1053 ut
1229 1004 1264 1054 sit

728 1073 756 1122 in
775 1089 806 1124 eo
820 1073 947 1139 cognitio,
966 1090 1028 1140 quae
1049 1074 1127 1124 debet
1142 1091 1200 1126 esse
1213 1077 1264 1127 tri-

728 1145 796 1209 plex,
812 1144 914 1196 scilicet
928 1162 935 1195 ε
950 1145 1008 1206 Dei,
1033 1146 1076 1196 sui
1089 1156 1115 1196 et
1132 1147 1259 1212 proximi.

727 1216 853 1282 Cognitio
876 1218 925 1268 Dei
956 1229 1064 1284 generat
1090 1219 1263 1270 dilectionem

726 1299 752 1339 et
779 1300 854 1340 cavet
887 1291 1112 1355 desperationem;
1141 1291 1263 1358 cognitio

726 1361 767 1410 sui
790 1372 898 1428 generat
920 1362 1100 1413 humilitatem
1139 1374 1165 1413 et
1189 1374 1264 1415 cavet

726 1433 980 1499 praesumptionem
1004 1433 1121 1500 cognitio
1143 1434 1262 1500 proximi

725 1515 834 1569 generat
866 1505 1081 1571 compassionem
1121 1516 1147 1556 et
1188 1517 1263 1556 cavet

725 1578 915 1629 crudelitatem.
932 1578 968 1628 Et
980 1578 1050 1628 sicut
1073 1594 1150 1628 suam
1178 1579 1261 1644 fragi-

724 1647 846 1707 litatem,
875 1647 912 1698 sic
940 1657 966 1697 et
991 1647 1086 1697 mundi
1110 1646 1261 1698 vanitatem

724 1727 865 1783 agnoscat,
895 1728 921 1768 et
950 1718 1069 1784 agnitam
1092 1727 1260 1770 contemnat.

724 1791 851 1839 Assumat
873 1788 1009 1849 iacobum,
1033 1788 1080 1854 qui
1098 1788 1261 1854 interpreta-

725 1870 768 1910 tur
792 1860 920 1922 luctator,
942 1859 1206 1925 vel-supplantator,
1228 1870 1260 1910 ut

724 1929 758 1980 sit
772 1930 799 1980 in
813 1945 845 1980 eo
859 1930 930 1980 lucta
944 1939 970 1979 et
985 1928 1175 1995 supplantatio,
1198 1945 1260 1997 quae

724 2003 804 2053 etiarn
824 2002 904 2052 debet
926 2017 984 2052 esse
1007 2001 1113 2068 triplex,
1134 2001 1261 2052 scilicet:

724 2075 820 2135 carnis,
834 2074 929 2124 mundi
944 2084 970 2125 et
983 2074 1094 2134 diaboli,
1112 2085 1144 2124 ut
1165 2085 1261 2125 contra

724 2145 954 2211 concupiscentias
981 2146 1070 2197 carnis
1094 2156 1120 2196 et
1148 2146 1261 2204 mundi,

724 2232 754 2266 ac
777 2215 962 2280 instigationes
980 2216 1080 2265 diaboli
1094 2215 1200 2266 fortiter
1215 2217 1263 2267 lu-

724 2296 817 2345 ctetur,
845 2296 871 2337 et
893 2301 937 2336 eas
959 2286 1074 2336 devictas
1093 2286 1144 2335 sub
1170 2287 1263 2352 planta

724 2366 873 2420 prosternat
893 2371 900 2405 :
920 2357 1006 2406 Nemo
1021 2355 1094 2407 enim
1113 2362 1262 2406 coronatur

724 2427 777 2476 nisi
805 2426 852 2493 qui
888 2427 1005 2492 legitime
1039 2425 1200 2488 certaverit,
1230 2426 1259 2475 in

724 2497 832 2562 signum
859 2497 938 2561 hujus
960 2496 1041 2546 Jacob
1068 2505 1129 2560 post
1158 2495 1261 2546 luctam

723 2568 825 2635 accepit
843 2567 1065 2618 benedictionem.
1086 2569 1213 2617 Assumat
1235 2578 1262 2618 et

723 2642 862 2705 loannem,
877 2640 924 2707 qui
946 2639 1131 2704 interpretatur
1145 2638 1260 2704 gratia,

724 2725 754 2764 ut
766 2715 801 2764 sit
815 2713 843 2762 in
857 2728 887 2762 eo
901 2712 993 2778 gratia,
1004 2727 1067 2778 ,quae
1082 2710 1208 2762 similiter
1218 2712 1262 2762 de·

725 2784 768 2834 bet
782 2798 840 2834 esse
850 2783 961 2849 triplex,
976 2783 1075 2832 scilicet
1092 2799 1098 2832 :
1113 2780 1258 2847 incipiens,

724 2855 882 2922 proficiens,
917 2864 943 2905 et
981 2853 1153 2920 perveniens,
1188 2855 1261 2904 unde

723 2926 869 2991 Apostolus
899 2942 906 2975 ι
933 2925 1031 2976 Gratia
1064 2925 1117 2974 Dei
1142 2937 1201 2974 sum
1231 2924 1260 2975 t'd

724 2996 794 3062 quod
814 3010 885 3059 sum,
910 3005 1041 3062 quantum
1066 2995 1099 3046 ad
1121 2993 1258 3060 primam,

724 3073 749 3118 et
762 3066 856 3132 gratia
871 3066 929 3132 ejus
939 3066 964 3116 in
977 3080 1017 3115 me
1030 3079 1114 3116 vacua
1128 3079 1180 3114 non
1189 3064 1258 3131 suit,

723 3147 855 3204 quantum
878 3137 911 3187 ad
934 3137 1092 3199 secundam;
1107 3134 1155 3184 sed
1170 3135 1259 3185 omni-

724 3210 772 3260 bus
793 3207 849 3258 illis
862 3207 1042 3258 abundantius
1056 3205 1188 3269 labunavi,
1206 3219 1258 3255 non

723 3296 774 3347 ego
786 3286 873 3330 autem
887 3279 1025 3339 solus,sed
1037 3278 1132 3344 gratia
1142 3277 1196 3327 Dei
1207 3274 1258 3327 me-

721 3370 789 3418 cum,
809 3363 939 3420 quantum
957 3352 990 3403 ad
1004 3349 1119 3402 tertiam.
1138 3350 1258 3400 Joannes

721 3426 802 3476 etiam
829 3422 970 3491 privilegio
995 3420 1140 3488 singularis
1153 3421 1256 3471 amoris

721 3497 769 3547 Dei
784 3496 890 3546 dotatus
905 3493 970 3559 fuit;
996 3493 1035 3544 sic
1054 3493 1157 3542 bonum
1184 3490 1256 3542 divi-

721 3584 787 3620 num
802 3583 883 3633 super
897 3567 990 3617 omnia
1003 3566 1096 3632 diligat
1111 3574 1137 3615 et
1152 3562 1181 3614 in
1192 3580 1256 3614 orn-

720 3642 802 3692 nibus
813 3638 974 3691 transitoriis
985 3638 1055 3689 nihil
1067 3636 1120 3687 nisi
1134 3651 1254 3688 amorem

718 3715 842 3771 divinum
868 3711 1046 3779 concupiscat.
1069 3711 1144 3770 item,
1162 3710 1255 3760 Petrus

718 3787 771 3838 alio
786 3784 896 3836 nomine
909 3783 996 3835 dictus
1017 3782 1123 3840 Simon,
1138 3780 1186 3846 qui
1210 3780 1253 3830 in-

718 3865 878 3924 terpretatur
894 3853 1026 3916 obediens,
1040 3849 1172 3919 significat
1186 3850 1253 3902 ob:-
