2632 4320
168 300 218 352 DE
232 301 348 354 CAUSA
360 299 534 352 DIMITTEN
538 301 574 352 DI
591 300 752 362 UXOREM,
767 301 815 352 ET
827 301 875 352 DE
890 301 1073 369 PARVULIS,
1082 303 1161 357 ETC.
1193 302 1228 357 85

108 417 246 478 nesciant,
276 416 398 469 fraudare
422 432 477 467 non
504 416 638 482 noverint,

105 489 217 541 referire
255 505 311 540 non
349 490 483 552 audeant,
527 489 638 541 scrutari

106 561 243 629 ignorent,
261 577 335 627 opes,
355 562 498 622 honorem,
519 561 640 612 ambitio

106 647 180 694 nem,
193 647 249 683 non
264 632 404 698 appetant?
416 634 467 684 Sed
487 649 542 682 non
557 632 639 699 igno-

104 717 164 754 rare
187 703 239 754 ista
256 703 340 754 virtus
356 713 405 765 est,
420 705 466 754 sed
481 713 639 754 contemne-

104 789 143 827 re.
155 775 218 825 Non
235 775 309 826 enim
325 775 411 826 virtus
433 786 474 826 est
492 792 548 825 non
560 789 639 841 posse

103 860 222 911 peccare,
238 847 286 896 sed
299 847 379 897 nolle.
396 847 457 897 Non
472 846 555 912 igitur
569 861 639 912 pue-

103 917 175 983 ritia,
187 919 235 971 sed
249 920 346 970 aemula
368 919 480 985 puerilis
502 918 638 985 simplici-

102 997 168 1049 tatis
195 997 302 1050 bonitas
332 999 497 1064 designatur.
520 1018 534 1047 n
560 999 638 1051 Unde

101 1081 127 1123 et
147 1071 382 1139 chrysostomus:
397 1091 411 1119 n
428 1074 461 1124 Et
475 1089 523 1124 nos
537 1074 637 1140 itaque,

100 1143 124 1194 si
144 1143 274 1193 volumus
287 1142 345 1194 fieri
367 1145 479 1195 heredes
497 1146 637 1205 coelorum,

100 1216 232 1267 virtutem
245 1216 315 1266 hanc
328 1232 390 1266 curn
401 1217 486 1267 multa
497 1217 637 1282 possidea-

101 1302 166 1337 mus
179 1286 330 1352 diligentia.
347 1287 451 1338 Etenim
462 1287 495 1336 ab
507 1287 637 1340 omnibus

100 1359 182 1410 malis
194 1373 262 1424 pura
282 1368 324 1409 est
337 1359 412 1423 pueri
427 1358 527 1419 anima,
548 1368 574 1409 et
588 1373 636 1409 eo-

101 1445 165 1481 rum
185 1429 233 1496 qui
248 1429 474 1480 contristaverunt
495 1445 552 1480 non
576 1445 638 1480 me·

100 1509 233 1560 moratur,
252 1500 299 1549 sed
315 1509 345 1548 ut
359 1498 391 1549 ad
410 1499 512 1548 amicos
527 1499 636 1562 accedit,

99 1569 171 1620 sicut
177 1570 254 1619 nullo
266 1567 351 1632 fact03
360 1578 387 1619 et
397 1572 637 1635 quantumcunque

99 1654 115 1690 a
129 1649 217 1690 matre
229 1638 379 1705 flagellatus
393 1639 483 1703 fuerit,
496 1639 565 1689 hanc
588 1638 635 1688 in-

99 1711 196 1778 quirit,
212 1722 237 1761 et
251 1726 306 1777 prae
319 1712 447 1763 omnibus
461 1727 520 1762 eam
536 1727 634 1778 appre-

98 1785 201 1845 tiatur,
225 1793 252 1835 et
281 1784 304 1834 si
336 1783 456 1850 reginam
484 1783 635 1834 ostenderis

100 1870 165 1905 cum
195 1854 369 1915 diademate,
409 1872 464 1905 non
502 1856 634 1921 praeponit

99 1926 171 1976 hanc
188 1927 268 1978 matri
284 1926 371 1977 cilicio
390 1927 584 1993 superindutae;
608 1936 634 1977 et

101 1998 262 2049 necessariis
277 1997 347 2048 nihil
360 1999 420 2063 plus
433 1996 560 2064 inquirit;
578 2014 633 2048 non

96 2066 220 2118 tristatur
231 2067 261 2117 in
278 2067 379 2134 quibus
392 2083 459 2130 nos,
477 2077 541 2134 puta
554 2068 634 2118 dam-

99 2152 135 2186 no
151 2137 337 2203 pecuniarum,
350 2148 377 2187 et
391 2139 503 2203 talibus3
515 2155 570 2189 non
585 2138 634 2190 lae-

98 2216 170 2258 tatur
186 2207 326 2275 inquibus
340 2224 400 2269 nos,
414 2208 442 2258 in
455 2211 634 2275 temporaneis

99 2277 161 2341 his3
176 2293 232 2328 non
246 2278 355 2343 respicit
370 2280 402 2329 ad
419 2280 633 2344 pulchritudines

99 2365 253 2416 corporum,
269 2360 377 2416 propter
388 2351 442 2400 hoc
462 2351 552 2403 dixit:
573 2354 634 2404 Ta·

99 2420 162 2472 lium
186 2428 228 2472 est
259 2421 327 2471 enim
358 2436 472 2488 regnum
495 2423 632 2488 coelorum,

99 2499 127 2540 ut
141 2491 272 2542 electione
288 2491 345 2542 haec
360 2507 511 2557 operemur,
536 2509 596 2556 quae
617 2509 633 2545 a

100 2569 194 2612 natura
211 2561 288 2626 pueri
308 2562 409 2613 habent
425 2579 431 2613 :
446 2581 460 2610 n
474 2563 532 2613 haec
545 2563 634 2632 Chry-

101 2638 241 2682 sostomus.
261 2633 330 2681 Sunt
347 2642 437 2683 autem
459 2632 550 2683 decem
566 2650 632 2700 pro-

101 2700 222 2765 prietates
237 2701 316 2752 bonae
330 2701 359 2752 in
384 2705 484 2769 pueris,
502 2720 570 2771 quas
583 2705 631 2772 qui

100 2769 226 2832 imitatur,
251 2787 366 2838 regnum
386 2775 515 2825 coelorum
534 2792 630 2827 conse-

101 2851 203 2906 quetur,
214 2857 275 2908 quae
287 2852 351 2893 sunt
364 2860 370 2893 :
382 2844 545 2906 innocentia,
556 2863 632 2897 mun-

100 2910 170 2973 ditia,
197 2912 360 2974 obedientia,
384 2915 550 2981 simplicitas,
574 2917 630 2968 hu-

102 2980 206 3044 militas,
221 2983 327 3045 veritas,
342 2986 476 3035 malorum
492 2987 629 3038 illatorum

101 3050 317 3116 immemoratio,
351 3053 526 3107 fortuitorum
556 3059 630 3109 nulla

100 3124 240 3190 reputatio,
256 3135 282 3176 et
297 3128 472 3192 praesentium
485 3130 562 3180 valde
571 3146 631 3196 par-

100 3211 192 3249 vorum
206 3200 240 3250 ad
252 3199 443 3252 sufficientiam
456 3203 585 3268 acceptio.

128 3269 144 3320 8
163 3269 306 3320 Hurnmuu
328 3287 507 3323 oron1rns.-
526 3274 630 3327 Deinde

97 3339 221 3405 parvulos
238 3339 291 3390 sibi
306 3342 409 3392 oblatos
423 3343 556 3394 Dominus
573 3345 631 3396 dul-

96 3407 158 3460 citer
178 3411 309 3477 suscepit.
333 3418 359 3462 et
379 3413 553 3479 complexans
573 3429 628 3480 eos,

95 3488 120 3530 et
148 3480 178 3531 in
204 3481 281 3531 ulnis
304 3482 444 3544 detinens,
470 3483 498 3534 in
520 3485 629 3551 signum

96 3551 169 3616 quod
190 3550 330 3619 simplices
348 3563 375 3604 et
399 3554 525 3616 humiles,
550 3572 631 3622 puros

95 3629 121 3671 et
132 3622 245 3673 devotos
259 3623 359 3690 diligit,
376 3631 401 3676 et
414 3640 509 3677 manus
525 3628 564 3678 eis
578 3629 632 3679 im-

92 3704 205 3756 ponens,
220 3701 252 3743 ut
265 3691 332 3743 viris
355 3695 555 3747 continentibus
568 3713 631 3764 gra-

96 3760 162 3812 tiam
187 3761 233 3833 sui
256 3763 349 3815 auxilii
376 3765 563 3818 conferendam
592 3769 632 3820 si·

95 3831 250 3896 gnificaret;
278 3834 442 3889 benedicebat
461 3852 516 3901 eos,
540 3838 632 3905 aliqua

96 3905 181 3956 vocali
210 3905 416 3973 benedictione,
445 3926 506 3978 quae
533 3913 632 3982 scripta

694 433 750 485 non
778 425 828 478 est,
844 428 876 468 ut
901 419 1021 472 humiles
1049 421 1092 472 sui
1114 421 1229 473 benedi-

691 487 780 538 ctione
794 487 891 553 dignos
908 491 1070 543 ostenderet.
1083 492 1127 543 Sic
1145 492 1228 558 spiri-

692 558 799 610 tualiter
819 560 941 625 quotidie
960 562 1113 614 humilibus
1129 579 1227 616 manus

691 631 817 698 imponit,
830 648 891 682 cum
916 634 955 684 eis
974 636 1088 700 gratiam
1102 646 1127 687 et
1141 637 1225 687 auxi-

690 703 759 753 lium
782 703 887 762 tribuit,
902 704 967 768 quia
988 705 1107 757 humiles
1128 707 1225 773 spiritu

690 773 765 839 digni
792 784 856 824 sunt
878 774 938 838 ‚ejus
958 775 1040 839 gratia
1066 786 1092 827 et
1114 777 1226 828 benedi-

691 846 802 896 ctione:
821 847 895 896 Deus
913 846 987 896 enirn
1000 849 1123 913 superbis
1152 850 1224 900 resi-

690 917 746 980 stit,
757 917 899 968 humilibus
912 922 1009 981 autem,
1025 919 1072 984 qui
1087 935 1115 970 se
1133 919 1225 970 mani-

691 988 742 1039 bus
756 997 781 1038 et
791 987 915 1054 potestati
928 987 985 1052 ejus
1005 989 1164 1052 subiiciunt,
1178 990 1226 1041 dat

689 1059 821 1123 gretiam.
844 1058 874 1108 ln
896 1074 951 1126 quo
970 1058 1118 1110 humilium
1133 1060 1225 1126 digni-

690 1140 730 1180 tas
744 1130 904 1192 ostenditur,
919 1131 966 1198 qui
983 1141 1058 1182 tanta
1076 1128 1150 1182 bona
1164 1148 1225 1183 me-

690 1211 789 1254 rentur.
825 1202 901 1253 Unde
934 1203 999 1253 dicit
1025 1203 1223 1271 Hieronymus,

689 1273 764 1339 quod
794 1272 936 1323 humilitas
973 1274 1031 1324 sola
1059 1273 1224 1325 observatrix

689 1356 730 1396 est
742 1357 887 1412 custosque
906 1347 1049 1408 virtutum,
1063 1357 1089 1416 et
1101 1347 1171 1397 nihil
1186 1355 1227 1398 est

690 1417 763 1483 quod
779 1417 816 1467 ita
829 1418 885 1467 Deo
907 1427 1012 1483 gratum
1031 1417 1110 1469 iaciat
1124 1427 1151 1469 et
1171 1417 1225 1467 ho-

689 1488 821 1549 minibus,
847 1499 979 1554 quantum
1003 1489 1026 1539 si
1046 1489 1109 1539 vitae
1125 1486 1223 1539 merito

688 1558 790 1624 magni,
806 1559 851 1608 sed
865 1558 1018 1609 humilitate
1031 1558 1118 1609 infimi
1135 1559 1222 1609 videa-

688 1644 760 1678 mur.
786 1629 818 1677 Et
834 1628 900 1678 bene
927 1628 1045 1679 humiles
1064 1628 1183 1695 parvulis
1198 1637 1224 1678 et

687 1698 879 1748 innocentibus
893 1700 1073 1764 comparavit;
1087 1699 1151 1765 quia
1166 1699 1221 1750 hu-

686 1770 786 1820 militas
804 1770 923 1820 maculas
935 1782 1105 1834 peccatorum
1117 1773 1216 1834 lavare,

686 1852 712 1892 et
731 1841 915 1892 innocentiam
937 1843 1047 1893 reddere
1066 1842 1218 1893 consuevit.

686 1914 764 1965 Unde
787 1914 946 1965 Bernartius
965 1932 974 1965 .·
991 1915 1102 1964 «Decor
1122 1914 1219 1965 animae

687 1987 827 2038 humilitas
854 1997 902 2038 est.
924 1988 984 2038 Non
1001 2003 1075 2038 ame
1094 1987 1154 2053 ipso
1165 1987 1219 2039 hoc

686 2061 764 2123 dico,¹
777 2076 839 2111 curn
853 2060 988 2126 Propheta
1005 2060 1079 2127 prior
1098 2060 1195 2110 dixerit
1210 2075 1219 2111 ι

686 2136 826 2199 Asperges
836 2147 877 2184 me
885 2133 1005 2201 hyssopo
1019 2139 1046 2184 et
1057 2133 1214 2195 mundabor,

687 2203 785 2254 humili
799 2203 884 2254 herba
896 2219 926 2254 ac
944 2203 1060 2269 pectoris
1079 2202 1220 2268 purgativa

686 2274 866 2325 humilitatem
898 2273 1063 2341 significans.
1100 2275 1156 2325 Hac
1191 2289 1220 2326 se

685 2356 745 2411 post
758 2361 865 2413 gravem
890 2346 996 2411 lapsum
1021 2362 1067 2396 rex
1088 2346 1221 2412 Propheta

685 2419 766 2470 lavari
779 2419 904 2483 confidit;
920 2428 945 2470 et
960 2420 998 2470 sic
1012 2420 1114 2470 invenit
1128 2436 1221 2486 quem·

685 2493 747 2542 dam
762 2493 924 2544 innocentiae
941 2502 1103 2559 recuperatae
1118 2494 1218 2544 cando-

684 2579 751 2615 rem.
768 2582 782 2611 n

716 2650 731 2700 9
745 2634 867 2683 Donrnus
886 2649 1016 2684 rnnvunrs
1032 2649 1120 2684 uanus
1138 2649 1219 2684 ruro-

683 2719 749 2754 unus
774 2704 1003 2756 Consrnunrrours
1024 2720 1217 2757 srcnnunnrurr

683 2790 827 2827 rusrrrurr.
856 2803 886 2812 —
908 2776 941 2825 Et
971 2775 1113 2826 sciendum
1138 2775 1213 2842 quod

684 2847 809 2898 Christus
825 2864 920 2899 manus
936 2848 1102 2914 imponendo
1114 2863 1217 2915 parvu-

683 2918 726 2967 lus
741 2918 861 2968 instituit
880 2929 906 2968 et
924 2918 1041 2969 initiavit
1066 2934 1218 2970 sacramen-

682 3003 742 3042 tum
754 2992 983 3054 Confirmationis,
999 2995 1075 3060 cuius
1088 2993 1216 3046 ministe-
1297 3020 1299 3026 ·

682 3062 754 3112 rium
789 3072 881 3128 postea
923 3065 1038 3115 contulit
1070 3064 1217 3131 Apostolis.

683 3133 760 3184 Unde
794 3133 897 3199 parvuli
924 3134 951 3184 in
980 3133 1115 3186 frontibus
1140 3135 1218 3186 chri-

684 3213 768 3255 smate
795 3204 990 3271 consignantur
1003 3207 1036 3256 ab
1064 3205 1215 3272 Episcopis,

683 3275 771 3342 quiin
791 3277 909 3327 Ecclesia
920 3278 969 3328 Dei
983 3280 1074 3330 locum
1095 3277 1218 3328 obtinent

683 3348 889 3412 Apostolorum
928 3364 975 3414 per
1014 3348 1218 3414 impositionem

684 3417 758 3467 enim
769 3432 900 3469 manuum
914 3420 1116 3485 Apostolorum,
1126 3415 1218 3469 confe-

684 3491 792 3542 rebatur
807 3491 926 3557 Spiritus
949 3493 1072 3550 Sanctus,
1088 3491 1120 3540 ad
1134 3490 1220 3541 robur

684 3571 710 3611 et
729 3561 963 3613 confirmationem
987 3562 1118 3623 fidelium,
1142 3559 1219 3625 cujus

685 3631 868 3697 impositionis
878 3649 1009 3684 manuum
1017 3633 1107 3681 locum
1114 3631 1220 3687 obtinet

684 3701 842 3767 praedictum
877 3705 1090 3754 Sacramentum.
1118 3703 1220 3755 Consi-

684 3776 746 3827 dera
763 3793 834 3827 nunc
850 3787 981 3844 quantum
1002 3775 1126 3827 Christus
1145 3776 1215 3829 sim·

685 3847 849 3912 plicitatcm,
884 3858 910 3899 et
946 3847 1148 3912 humilitatem,
1185 3864 1216 3900 ac

685 3916 865 3968 innocentiam
902 3919 1075 3984 parvulorum
1112 3919 1214 3986 diligit,
