<?xml version="1.0" encoding="UTF-8"?>
<!DOCTYPE html PUBLIC "-//W3C//DTD XHTML 1.0 Transitional//EN"
    "http://www.w3.org/TR/xhtml1/DTD/xhtml1-transitional.dtd">
<html xmlns="http://www.w3.org/1999/xhtml" xml:lang="en" lang="en">
 <head>
  <title>
</title>
<meta http-equiv="Content-Type" content="text/html;charset=utf-8" />
  <meta name='ocr-system' content='tesseract 3.04.00' />
  <meta name='ocr-capabilities' content='ocr_page ocr_carea ocr_par ocr_line ocrx_word'/>
</head>
<body>
  <div class='ocr_page' id='page_1' title='image "./vitajesuchristi01rigogoog_0083.png"; bbox 0 0 2632 4320; ppageno 0'>
   <div class='ocr_carea' id='block_1_1' title="bbox 140 327 951 408">
    <p class='ocr_par' dir='ltr' id='par_1_1' title="bbox 140 327 951 408">
     <span class='ocr_line' id='line_1_1' title="bbox 140 327 951 408; baseline 0.005 -16"><span class='ocrx_word' id='word_1_1' title='bbox 140 357 177 408; x_wconf 77' lang='lat'>74</span> <span class='ocrx_word' id='word_1_2' title='bbox 442 327 889 393; x_wconf 71' lang='lat' dir='ltr'>sscuuosraririscnrur</span> <span class='ocrx_word' id='word_1_3' title='bbox 906 343 951 396; x_wconf 82' lang='lat' dir='ltr'>rx.</span> 
     </span>
    </p>
   </div>
   <div class='ocr_carea' id='block_1_2' title="bbox 140 457 679 4025">
    <p class='ocr_par' dir='ltr' id='par_1_2' title="bbox 140 457 679 4025">
     <span class='ocr_line' id='line_1_2' title="bbox 174 457 674 510; baseline 0.004 -4"><span class='ocrx_word' id='word_1_4' title='bbox 174 457 188 507; x_wconf 93' lang='grc'><strong>5</strong></span> <span class='ocrx_word' id='word_1_5' title='bbox 206 457 346 508; x_wconf 73' lang='lat' dir='ltr'>Daunirro</span> <span class='ocrx_word' id='word_1_6' title='bbox 367 474 404 508; x_wconf 83' lang='lat' dir='ltr'>sr</span> <span class='ocrx_word' id='word_1_7' title='bbox 422 474 577 510; x_wconf 74' lang='lat' dir='ltr'>sursumsunt</span> <span class='ocrx_word' id='word_1_8' title='bbox 598 475 674 510; x_wconf 77' lang='lat' dir='ltr'>ssnvr</span> 
     </span>
     <span class='ocr_line' id='line_1_3' title="bbox 140 544 675 591; baseline 0.004 -13"><span class='ocrx_word' id='word_1_9' title='bbox 140 544 450 591; x_wconf 75' lang='lat' dir='ltr'>rurssmcoaors,1asoo</span> <span class='ocrx_word' id='word_1_10' title='bbox 465 546 589 581; x_wconf 73' lang='lat' dir='ltr'>rusrrrrm</span> <span class='ocrx_word' id='word_1_11' title='bbox 603 546 675 580; x_wconf 79' lang='lat' dir='ltr'>orvs-</span> 
     </span>
     <span class='ocr_line' id='line_1_4' title="bbox 142 601 674 668; baseline 0.004 -19"><span class='ocrx_word' id='word_1_12' title='bbox 142 616 194 658; x_wconf 65' lang='lat' dir='ltr'>ris.</span> <span class='ocrx_word' id='word_1_13' title='bbox 208 628 239 637; x_wconf 97' lang='lat'><em>-</em></span> <span class='ocrx_word' id='word_1_14' title='bbox 251 601 291 650; x_wconf 87' lang='lat' dir='ltr'>Et</span> <span class='ocrx_word' id='word_1_15' title='bbox 310 602 398 653; x_wconf 85' lang='lat' dir='ltr'>iratus</span> <span class='ocrx_word' id='word_1_16' title='bbox 410 603 541 653; x_wconf 76' lang='lat' dir='ltr'><em>Dominus</em></span> <span class='ocrx_word' id='word_1_17' title='bbox 557 618 612 652; x_wconf 91' lang='lat' dir='ltr'>non</span> <span class='ocrx_word' id='word_1_18' title='bbox 627 618 674 668; x_wconf 86' lang='lat' dir='ltr'>per</span> 
     </span>
     <span class='ocr_line' id='line_1_5' title="bbox 142 670 674 729; baseline 0.008 -10"><span class='ocrx_word' id='word_1_19' title='bbox 142 670 275 729; x_wconf 86' lang='lat' dir='ltr'>affectum,</span> <span class='ocrx_word' id='word_1_20' title='bbox 291 672 339 721; x_wconf 87' lang='lat' dir='ltr'>sed</span> <span class='ocrx_word' id='word_1_21' title='bbox 346 672 555 723; x_wconf 86' lang='lat' dir='ltr'>similitudinem</span> <span class='ocrx_word' id='word_1_22' title='bbox 565 672 674 723; x_wconf 85' lang='lat' dir='ltr'>affectus</span> 
     </span>
     <span class='ocr_line' id='line_1_6' title="bbox 142 742 674 809; baseline 0.004 -16"><span class='ocrx_word' id='word_1_23' title='bbox 142 742 263 794; x_wconf 88' lang='lat' dir='ltr'>hominis</span> <span class='ocrx_word' id='word_1_24' title='bbox 289 744 359 809; x_wconf 78' lang='lat' dir='ltr'>irati,</span> <span class='ocrx_word' id='word_1_25' title='bbox 388 746 416 795; x_wconf 92' lang='lat' dir='ltr'>id</span> <span class='ocrx_word' id='word_1_26' title='bbox 439 757 480 797; x_wconf 88' lang='lat' dir='ltr'>est</span> <span class='ocrx_word' id='word_1_27' title='bbox 504 746 537 796; x_wconf 90' lang='lat' dir='ltr'>ad</span> <span class='ocrx_word' id='word_1_28' title='bbox 562 747 674 796; x_wconf 88' lang='lat' dir='ltr'>modum</span> 
     </span>
     <span class='ocr_line' id='line_1_7' title="bbox 141 813 674 883; baseline 0.009 -21"><span class='ocrx_word' id='word_1_29' title='bbox 141 813 205 863; x_wconf 88' lang='lat' dir='ltr'>irati</span> <span class='ocrx_word' id='word_1_30' title='bbox 220 829 250 864; x_wconf 85' lang='lat' dir='ltr'>se</span> <span class='ocrx_word' id='word_1_31' title='bbox 263 815 375 877; x_wconf 89' lang='lat' dir='ltr'>habens,</span> <span class='ocrx_word' id='word_1_32' title='bbox 396 832 502 883; x_wconf 86' lang='lat' dir='ltr'>poenam</span> <span class='ocrx_word' id='word_1_33' title='bbox 524 817 674 876; x_wconf 90' lang='lat' dir='ltr'>inferendo,</span> 
     </span>
     <span class='ocr_line' id='line_1_8' title="bbox 143 887 676 952; baseline 0.008 -16"><span class='ocrx_word' id='word_1_34' title='bbox 143 887 259 938; x_wconf 81' lang='lat' dir='ltr'>tradidit</span> <span class='ocrx_word' id='word_1_35' title='bbox 274 903 332 939; x_wconf 87' lang='lat' dir='ltr'>eum</span> <span class='ocrx_word' id='word_1_36' title='bbox 347 891 503 952; x_wconf 76' lang='lat' dir='ltr'>tortoribus,</span> <span class='ocrx_word' id='word_1_37' title='bbox 520 890 548 939; x_wconf 92' lang='lat' dir='ltr'>id</span> <span class='ocrx_word' id='word_1_38' title='bbox 564 901 604 940; x_wconf 90' lang='lat' dir='ltr'>est</span> <span class='ocrx_word' id='word_1_39' title='bbox 618 890 676 940; x_wconf 87' lang='lat' dir='ltr'>dae-</span> 
     </span>
     <span class='ocr_line' id='line_1_9' title="bbox 143 960 674 1030; baseline 0.013 -23"><span class='ocrx_word' id='word_1_40' title='bbox 143 960 272 1011; x_wconf 83' lang='lat' dir='ltr'>monibus</span> <span class='ocrx_word' id='word_1_41' title='bbox 287 971 313 1013; x_wconf 91' lang='lat' dir='ltr'>et</span> <span class='ocrx_word' id='word_1_42' title='bbox 331 963 466 1013; x_wconf 77' lang='lat' dir='ltr'>ministris</span> <span class='ocrx_word' id='word_1_43' title='bbox 480 965 611 1024; x_wconf 86' lang='lat' dir='ltr'>tartareis,</span> <span class='ocrx_word' id='word_1_44' title='bbox 626 963 674 1030; x_wconf 88' lang='lat' dir='ltr'>qui</span> 
     </span>
     <span class='ocr_line' id='line_1_10' title="bbox 143 1030 677 1100; baseline 0.011 -19"><span class='ocrx_word' id='word_1_45' title='bbox 143 1030 173 1082; x_wconf 86' lang='lat' dir='ltr'>in</span> <span class='ocrx_word' id='word_1_46' title='bbox 190 1031 243 1083; x_wconf 91' lang='lat' dir='ltr'>hoc</span> <span class='ocrx_word' id='word_1_47' title='bbox 256 1044 321 1084; x_wconf 89' lang='lat' dir='ltr'>sunt</span> <span class='ocrx_word' id='word_1_48' title='bbox 332 1034 434 1086; x_wconf 83' lang='lat' dir='ltr'>divinae</span> <span class='ocrx_word' id='word_1_49' title='bbox 448 1036 556 1100; x_wconf 74' lang='lat' dir='ltr'>justitie</span> <span class='ocrx_word' id='word_1_50' title='bbox 569 1052 677 1095; x_wconf 74' lang='lat' dir='ltr'>exsecu-</span> 
     </span>
     <span class='ocr_line' id='line_1_11' title="bbox 142 1104 675 1172; baseline 0.009 -20"><span class='ocrx_word' id='word_1_51' title='bbox 142 1111 231 1166; x_wconf 78' lang='lat' dir='ltr'>tores;</span> <span class='ocrx_word' id='word_1_52' title='bbox 260 1104 324 1170; x_wconf 83' lang='lat' dir='ltr'>quia</span> <span class='ocrx_word' id='word_1_53' title='bbox 351 1116 465 1156; x_wconf 81' lang='lat' dir='ltr'>tortores</span> <span class='ocrx_word' id='word_1_54' title='bbox 499 1107 618 1172; x_wconf 84' lang='lat' dir='ltr'>patimur</span> <span class='ocrx_word' id='word_1_55' title='bbox 646 1107 675 1157; x_wconf 89' lang='lat' dir='ltr'>in</span> 
     </span>
     <span class='ocr_line' id='line_1_12' title="bbox 143 1179 675 1243; baseline 0.009 -18"><span class='ocrx_word' id='word_1_56' title='bbox 143 1190 231 1240; x_wconf 85' lang='lat' dir='ltr'>poena,</span> <span class='ocrx_word' id='word_1_57' title='bbox 254 1193 324 1243; x_wconf 87' lang='lat' dir='ltr'>quos</span> <span class='ocrx_word' id='word_1_58' title='bbox 345 1179 415 1243; x_wconf 89' lang='lat' dir='ltr'>passi</span> <span class='ocrx_word' id='word_1_59' title='bbox 435 1194 530 1230; x_wconf 83' lang='lat' dir='ltr'>sumus</span> <span class='ocrx_word' id='word_1_60' title='bbox 552 1195 675 1230; x_wconf 73' lang='lat' dir='ltr'>suasores</span> 
     </span>
     <span class='ocr_line' id='line_1_13' title="bbox 144 1246 676 1317; baseline 0.013 -22"><span class='ocrx_word' id='word_1_61' title='bbox 144 1246 174 1296; x_wconf 86' lang='lat' dir='ltr'>in</span> <span class='ocrx_word' id='word_1_62' title='bbox 189 1248 283 1312; x_wconf 87' lang='lat' dir='ltr'>culpa;</span> <span class='ocrx_word' id='word_1_63' title='bbox 299 1250 472 1316; x_wconf 79' lang='lat' dir='ltr'><em>quoadusque</em></span> <span class='ocrx_word' id='word_1_64' title='bbox 491 1251 617 1302; x_wconf 85' lang='lat' dir='ltr'>redderet</span> <span class='ocrx_word' id='word_1_65' title='bbox 629 1266 676 1317; x_wconf 88' lang='lat' dir='ltr'>per</span> 
     </span>
     <span class='ocr_line' id='line_1_14' title="bbox 141 1321 675 1382; baseline 0.011 -15"><span class='ocrx_word' id='word_1_66' title='bbox 141 1332 250 1382; x_wconf 84' lang='lat' dir='ltr'>poenam</span> <span class='ocrx_word' id='word_1_67' title='bbox 278 1321 429 1372; x_wconf 83' lang='lat' dir='ltr'>ioriversum</span> <span class='ocrx_word' id='word_1_68' title='bbox 459 1323 575 1375; x_wconf 75' lang='lat' dir='ltr'>deditum</span> <span class='ocrx_word' id='word_1_69' title='bbox 598 1339 675 1373; x_wconf 89' lang='lat' dir='ltr'>com-</span> 
     </span>
     <span class='ocr_line' id='line_1_15' title="bbox 143 1388 677 1458; baseline 0.009 -21"><span class='ocrx_word' id='word_1_70' title='bbox 143 1388 259 1439; x_wconf 87' lang='lat' dir='ltr'>missum</span> <span class='ocrx_word' id='word_1_71' title='bbox 281 1406 329 1455; x_wconf 88' lang='lat' dir='ltr'>per</span> <span class='ocrx_word' id='word_1_72' title='bbox 354 1393 461 1458; x_wconf 85' lang='lat' dir='ltr'>eulpam</span> <span class='ocrx_word' id='word_1_73' title='bbox 479 1409 486 1443; x_wconf 76' lang='grc' dir='ltr'><strong><em>ε</em></strong></span> <span class='ocrx_word' id='word_1_74' title='bbox 504 1404 530 1444; x_wconf 91' lang='lat' dir='ltr'>et</span> <span class='ocrx_word' id='word_1_75' title='bbox 551 1394 603 1444; x_wconf 92' lang='lat' dir='ltr'>hoc</span> <span class='ocrx_word' id='word_1_76' title='bbox 624 1394 677 1444; x_wconf 89' lang='lat' dir='ltr'>erit</span> 
     </span>
     <span class='ocr_line' id='line_1_16' title="bbox 144 1460 676 1530; baseline 0.015 -22"><span class='ocrx_word' id='word_1_77' title='bbox 144 1460 305 1511; x_wconf 72' lang='lat' dir='ltr'>eternaliter</span> <span class='ocrx_word' id='word_1_78' title='bbox 317 1473 344 1513; x_wconf 90' lang='lat' dir='ltr'>et</span> <span class='ocrx_word' id='word_1_79' title='bbox 352 1463 380 1513; x_wconf 89' lang='lat' dir='ltr'>in</span> <span class='ocrx_word' id='word_1_80' title='bbox 391 1472 566 1530; x_wconf 84' lang='lat' dir='ltr'>perpetuum&#39;3</span> <span class='ocrx_word' id='word_1_81' title='bbox 578 1466 676 1530; x_wconf 82' lang='lat' dir='ltr'>quood·</span> 
     </span>
     <span class='ocr_line' id='line_1_17' title="bbox 145 1533 675 1602; baseline 0.017 -23"><span class='ocrx_word' id='word_1_82' title='bbox 145 1544 228 1595; x_wconf 85' lang='lat' dir='ltr'>usque</span> <span class='ocrx_word' id='word_1_83' title='bbox 253 1533 327 1583; x_wconf 93' lang='lat' dir='ltr'>enim</span> <span class='ocrx_word' id='word_1_84' title='bbox 348 1535 459 1600; x_wconf 87' lang='lat' dir='ltr'>ponitur</span> <span class='ocrx_word' id='word_1_85' title='bbox 485 1552 535 1602; x_wconf 85' lang='lat' dir='ltr'>pro</span> <span class='ocrx_word' id='word_1_86' title='bbox 555 1537 675 1598; x_wconf 87' lang='lat' dir='ltr'>infinito,</span> 
     </span>
     <span class='ocr_line' id='line_1_18' title="bbox 144 1602 674 1676; baseline 0.015 -23"><span class='ocrx_word' id='word_1_87' title='bbox 144 1602 215 1653; x_wconf 82' lang='lat' dir='ltr'>sicut</span> <span class='ocrx_word' id='word_1_88' title='bbox 229 1604 312 1657; x_wconf 88' lang='lat' dir='ltr'>doueo</span> <span class='ocrx_word' id='word_1_89' title='bbox 326 1609 436 1673; x_wconf 88' lang='lat' dir='ltr'>ponitur</span> <span class='ocrx_word' id='word_1_90' title='bbox 450 1609 488 1659; x_wconf 91' lang='lat' dir='ltr'>ibi</span> <span class='ocrx_word' id='word_1_91' title='bbox 502 1624 510 1658; x_wconf 74' lang='grc' dir='ltr'>ε</span> <span class='ocrx_word' id='word_1_92' title='bbox 524 1611 588 1660; x_wconf 87' lang='lat' dir='ltr'>Nou</span> <span class='ocrx_word' id='word_1_93' title='bbox 605 1624 674 1676; x_wconf 74' lang='lat' dir='ltr'>cog·</span> 
     </span>
     <span class='ocr_line' id='line_1_19' title="bbox 143 1674 678 1747; baseline 0.019 -25"><span class='ocrx_word' id='word_1_94' title='bbox 143 1674 218 1724; x_wconf 81' lang='lat' dir='ltr'>nort&#39;t</span> <span class='ocrx_word' id='word_1_95' title='bbox 240 1689 298 1727; x_wconf 83' lang='lat' dir='ltr'>eam</span> <span class='ocrx_word' id='word_1_96' title='bbox 327 1678 409 1730; x_wconf 77' lang='lat' dir='ltr'>detrec</span> <span class='ocrx_word' id='word_1_97' title='bbox 433 1680 548 1747; x_wconf 77' lang='lat' dir='ltr'>peperit.</span> <span class='ocrx_word' id='word_1_98' title='bbox 580 1681 614 1731; x_wconf 88' lang='lat' dir='ltr'>Et</span> <span class='ocrx_word' id='word_1_99' title='bbox 636 1691 678 1731; x_wconf 85' lang='lat' dir='ltr'>est</span> 
     </span>
     <span class='ocr_line' id='line_1_20' title="bbox 143 1753 675 1818; baseline 0.017 -24"><span class='ocrx_word' id='word_1_100' title='bbox 143 1759 239 1796; x_wconf 86' lang='lat' dir='ltr'>sensus</span> <span class='ocrx_word' id='word_1_101' title='bbox 254 1764 261 1796; x_wconf 78' lang='lat' dir='ltr'>t</span> <span class='ocrx_word' id='word_1_102' title='bbox 278 1763 384 1815; x_wconf 87' lang='lat' dir='ltr'>semper</span> <span class='ocrx_word' id='word_1_103' title='bbox 393 1753 479 1802; x_wconf 88' lang='lat' dir='ltr'>solvet</span> <span class='ocrx_word' id='word_1_104' title='bbox 492 1760 518 1802; x_wconf 86' lang='lat' dir='ltr'>et</span> <span class='ocrx_word' id='word_1_105' title='bbox 534 1767 675 1818; x_wconf 90' lang='lat' dir='ltr'>nunquam</span> 
     </span>
     <span class='ocr_line' id='line_1_21' title="bbox 142 1818 675 1891; baseline 0.017 -27"><span class='ocrx_word' id='word_1_106' title='bbox 142 1818 276 1880; x_wconf 85' lang='lat' dir='ltr'><strong>persolvet</strong></span> <span class='ocrx_word' id='word_1_107' title='bbox 288 1835 296 1882; x_wconf 90' lang='lat'>;</span> <span class='ocrx_word' id='word_1_108' title='bbox 313 1836 401 1887; x_wconf 89' lang='lat' dir='ltr'>neque</span> <span class='ocrx_word' id='word_1_109' title='bbox 414 1824 507 1874; x_wconf 87' lang='lat' dir='ltr'>reddet</span> <span class='ocrx_word' id='word_1_110' title='bbox 519 1824 675 1891; x_wconf 86' lang='lat' dir='ltr'>aliquando,</span> 
     </span>
     <span class='ocr_line' id='line_1_22' title="bbox 144 1885 676 1962; baseline 0.021 -28"><span class='ocrx_word' id='word_1_111' title='bbox 144 1885 191 1935; x_wconf 91' lang='lat' dir='ltr'>sed</span> <span class='ocrx_word' id='word_1_112' title='bbox 204 1902 310 1955; x_wconf 87' lang='lat' dir='ltr'>semper</span> <span class='ocrx_word' id='word_1_113' title='bbox 323 1907 429 1956; x_wconf 84' lang='lat' dir='ltr'>poenam</span> <span class='ocrx_word' id='word_1_114' title='bbox 443 1894 499 1944; x_wconf 88' lang='lat' dir='ltr'>luet</span> <span class='ocrx_word' id='word_1_115' title='bbox 510 1909 517 1956; x_wconf 86' lang='lat'>;</span> <span class='ocrx_word' id='word_1_116' title='bbox 536 1911 676 1962; x_wconf 87' lang='lat' dir='ltr'>nunquam</span> 
     </span>
     <span class='ocr_line' id='line_1_23' title="bbox 144 1959 676 2033; baseline 0.021 -26"><span class='ocrx_word' id='word_1_117' title='bbox 144 1959 219 2009; x_wconf 89' lang='lat' dir='ltr'>enim</span> <span class='ocrx_word' id='word_1_118' title='bbox 236 1963 346 2014; x_wconf 79' lang='lat' dir='ltr'>reddere</span> <span class='ocrx_word' id='word_1_119' title='bbox 361 1967 467 2031; x_wconf 90' lang='lat' dir='ltr'>poterit,</span> <span class='ocrx_word' id='word_1_120' title='bbox 485 1967 549 2033; x_wconf 89' lang='lat' dir='ltr'>quia</span> <span class='ocrx_word' id='word_1_121' title='bbox 562 1980 676 2020; x_wconf 86' lang='lat' dir='ltr'>aeterna-</span> 
     </span>
     <span class='ocr_line' id='line_1_24' title="bbox 144 2027 677 2092; baseline 0.024 -14"><span class='ocrx_word' id='word_1_122' title='bbox 144 2027 207 2079; x_wconf 88' lang='lat' dir='ltr'>liter</span> <span class='ocrx_word' id='word_1_123' title='bbox 218 2030 361 2092; x_wconf 87' lang='lat' dir='ltr'>damnatus</span> <span class='ocrx_word' id='word_1_124' title='bbox 370 2036 430 2086; x_wconf 88' lang='lat' dir='ltr'>erit.</span> <span class='ocrx_word' id='word_1_125' title='bbox 442 2038 510 2088; x_wconf 86' lang='lat' dir='ltr'>Nam</span> <span class='ocrx_word' id='word_1_126' title='bbox 525 2038 554 2089; x_wconf 93' lang='lat' dir='ltr'>in</span> <span class='ocrx_word' id='word_1_127' title='bbox 569 2039 677 2090; x_wconf 77' lang='lat' dir='ltr'>inferno</span> 
     </span>
     <span class='ocr_line' id='line_1_25' title="bbox 144 2108 678 2183; baseline 0.022 -31"><span class='ocrx_word' id='word_1_128' title='bbox 144 2115 252 2183; x_wconf 75' lang='lat' dir='ltr'>semper</span> <span class='ocrx_word' id='word_1_129' title='bbox 262 2116 302 2156; x_wconf 87' lang='lat' dir='ltr'>est</span> <span class='ocrx_word' id='word_1_130' title='bbox 317 2108 432 2159; x_wconf 81' lang='lat' dir='ltr'>redditio</span> <span class='ocrx_word' id='word_1_131' title='bbox 441 2111 546 2177; x_wconf 82' lang='lat' dir='ltr'>absque</span> <span class='ocrx_word' id='word_1_132' title='bbox 559 2112 678 2178; x_wconf 88' lang='lat' dir='ltr'>acquisi-</span> 
     </span>
     <span class='ocr_line' id='line_1_26' title="bbox 145 2180 678 2247; baseline 0.021 -25"><span class='ocrx_word' id='word_1_133' title='bbox 145 2180 228 2234; x_wconf 79' lang='lat' dir='ltr'>tione,</span> <span class='ocrx_word' id='word_1_134' title='bbox 249 2191 312 2226; x_wconf 90' lang='lat' dir='ltr'>curn</span> <span class='ocrx_word' id='word_1_135' title='bbox 337 2194 416 2243; x_wconf 85' lang='lat' dir='ltr'>poena</span> <span class='ocrx_word' id='word_1_136' title='bbox 443 2195 550 2247; x_wconf 85' lang='lat' dir='ltr'>semper</span> <span class='ocrx_word' id='word_1_137' title='bbox 572 2193 678 2233; x_wconf 90' lang='lat' dir='ltr'>maneat</span> 
     </span>
     <span class='ocr_line' id='line_1_27' title="bbox 144 2243 676 2314; baseline 0.024 -22"><span class='ocrx_word' id='word_1_138' title='bbox 144 2243 205 2293; x_wconf 89' lang='lat' dir='ltr'>sine</span> <span class='ocrx_word' id='word_1_139' title='bbox 221 2244 292 2310; x_wconf 88' lang='lat' dir='ltr'>line;</span> <span class='ocrx_word' id='word_1_140' title='bbox 316 2250 381 2314; x_wconf 91' lang='lat' dir='ltr'>quia</span> <span class='ocrx_word' id='word_1_141' title='bbox 402 2251 441 2301; x_wconf 92' lang='lat' dir='ltr'>ibi</span> <span class='ocrx_word' id='word_1_142' title='bbox 464 2269 518 2302; x_wconf 92' lang='lat' dir='ltr'>non</span> <span class='ocrx_word' id='word_1_143' title='bbox 540 2264 580 2305; x_wconf 89' lang='lat' dir='ltr'>est</span> <span class='ocrx_word' id='word_1_144' title='bbox 600 2255 676 2305; x_wconf 90' lang='lat' dir='ltr'>locus</span> 
     </span>
     <span class='ocr_line' id='line_1_28' title="bbox 144 2317 675 2391; baseline 0.024 -26"><span class='ocrx_word' id='word_1_145' title='bbox 144 2317 338 2384; x_wconf 75' lang='lat' dir='ltr'>redemptionis</span> <span class='ocrx_word' id='word_1_146' title='bbox 354 2323 396 2373; x_wconf 90' lang='lat' dir='ltr'>vel</span> <span class='ocrx_word' id='word_1_147' title='bbox 412 2323 612 2391; x_wconf 79' lang='lat' dir='ltr'>satisfactionis,</span> <span class='ocrx_word' id='word_1_148' title='bbox 629 2328 675 2377; x_wconf 88' lang='lat' dir='ltr'>sed</span> 
     </span>
     <span class='ocr_line' id='line_1_29' title="bbox 144 2390 675 2462; baseline 0.024 -25"><span class='ocrx_word' id='word_1_149' title='bbox 144 2390 381 2445; x_wconf 83' lang='lat' dir='ltr'>condemnationis</span> <span class='ocrx_word' id='word_1_150' title='bbox 391 2407 416 2446; x_wconf 88' lang='lat' dir='ltr'>et</span> <span class='ocrx_word' id='word_1_151' title='bbox 425 2397 587 2462; x_wconf 87' lang='lat' dir='ltr'>punitionis.</span> <span class='ocrx_word' id='word_1_152' title='bbox 596 2399 675 2459; x_wconf 91' lang='lat' dir='ltr'>Quod</span> 
     </span>
     <span class='ocr_line' id='line_1_30' title="bbox 144 2462 676 2520; baseline 0.024 -12"><span class='ocrx_word' id='word_1_153' title='bbox 144 2470 235 2510; x_wconf 84' lang='lat' dir='ltr'>autem</span> <span class='ocrx_word' id='word_1_154' title='bbox 263 2462 334 2515; x_wconf 89' lang='lat' dir='ltr'>hanc</span> <span class='ocrx_word' id='word_1_155' title='bbox 356 2476 440 2517; x_wconf 87' lang='lat' dir='ltr'>totam</span> <span class='ocrx_word' id='word_1_156' title='bbox 467 2467 676 2520; x_wconf 88' lang='lat' dir='ltr'>similitudinem</span> 
     </span>
     <span class='ocr_line' id='line_1_31' title="bbox 144 2531 677 2605; baseline 0.024 -25"><span class='ocrx_word' id='word_1_157' title='bbox 144 2531 178 2581; x_wconf 88' lang='lat' dir='ltr'>ad</span> <span class='ocrx_word' id='word_1_158' title='bbox 190 2532 244 2584; x_wconf 90' lang='lat' dir='ltr'>hoc</span> <span class='ocrx_word' id='word_1_159' title='bbox 256 2537 375 2588; x_wconf 90' lang='lat' dir='ltr'>attulerit</span> <span class='ocrx_word' id='word_1_160' title='bbox 388 2538 445 2605; x_wconf 87' lang='lat' dir='ltr'>ipse</span> <span class='ocrx_word' id='word_1_161' title='bbox 459 2539 603 2603; x_wconf 81' lang='lat' dir='ltr'>Dominus,</span> <span class='ocrx_word' id='word_1_162' title='bbox 618 2557 677 2592; x_wconf 91' lang='lat' dir='ltr'>eam</span> 
     </span>
     <span class='ocr_line' id='line_1_32' title="bbox 144 2604 677 2679; baseline 0.023 -28"><span class='ocrx_word' id='word_1_163' title='bbox 144 2604 227 2653; x_wconf 90' lang='lat' dir='ltr'>modo</span> <span class='ocrx_word' id='word_1_164' title='bbox 242 2620 297 2671; x_wconf 91' lang='lat' dir='ltr'>quo</span> <span class='ocrx_word' id='word_1_165' title='bbox 319 2607 421 2660; x_wconf 84' lang='lat' dir='ltr'>dictum</span> <span class='ocrx_word' id='word_1_166' title='bbox 436 2621 484 2670; x_wconf 88' lang='lat' dir='ltr'>est,</span> <span class='ocrx_word' id='word_1_167' title='bbox 501 2613 532 2661; x_wconf 91' lang='lat' dir='ltr'>ad</span> <span class='ocrx_word' id='word_1_168' title='bbox 550 2612 677 2679; x_wconf 86' lang='lat' dir='ltr'>proposi-</span> 
     </span>
     <span class='ocr_line' id='line_1_33' title="bbox 145 2674 679 2746; baseline 0.022 -25"><span class='ocrx_word' id='word_1_169' title='bbox 145 2680 204 2722; x_wconf 91' lang='lat' dir='ltr'>tum</span> <span class='ocrx_word' id='word_1_170' title='bbox 219 2675 368 2741; x_wconf 89' lang='lat' dir='ltr'>adaptando</span> <span class='ocrx_word' id='word_1_171' title='bbox 382 2681 499 2746; x_wconf 84' lang='lat' dir='ltr'>exponit,</span> <span class='ocrx_word' id='word_1_172' title='bbox 509 2682 602 2732; x_wconf 88' lang='lat' dir='ltr'>dicens</span> <span class='ocrx_word' id='word_1_173' title='bbox 612 2674 620 2732; x_wconf 83' lang='lat'>:¹</span> <span class='ocrx_word' id='word_1_174' title='bbox 630 2683 679 2733; x_wconf 88' lang='lat' dir='ltr'>Sic</span> 
     </span>
     <span class='ocr_line' id='line_1_34' title="bbox 144 2746 674 2819; baseline 0.023 -26"><span class='ocrx_word' id='word_1_175' title='bbox 144 2749 171 2794; x_wconf 82' lang='lat' dir='ltr'>et</span> <span class='ocrx_word' id='word_1_176' title='bbox 184 2746 271 2797; x_wconf 84' lang='lat' dir='ltr'>Pater</span> <span class='ocrx_word' id='word_1_177' title='bbox 283 2763 356 2811; x_wconf 71' lang='lat' dir='ltr'>meus</span> <span class='ocrx_word' id='word_1_178' title='bbox 369 2751 486 2802; x_wconf 87' lang='lat' dir='ltr'>coelestis</span> <span class='ocrx_word' id='word_1_179' title='bbox 491 2753 579 2819; x_wconf 83' lang='lat' dir='ltr'>saciet</span> <span class='ocrx_word' id='word_1_180' title='bbox 591 2756 674 2816; x_wconf 75' lang='lat' dir='ltr'>robis,</span> 
     </span>
     <span class='ocr_line' id='line_1_35' title="bbox 144 2816 678 2874; baseline 0.019 -9"><span class='ocrx_word' id='word_1_181' title='bbox 144 2816 303 2868; x_wconf 88' lang='lat' dir='ltr'>universum</span> <span class='ocrx_word' id='word_1_182' title='bbox 329 2819 452 2871; x_wconf 89' lang='lat' dir='ltr'>debitum</span> <span class='ocrx_word' id='word_1_183' title='bbox 477 2837 492 2872; x_wconf 89' lang='lat' dir='ltr'>a</span> <span class='ocrx_word' id='word_1_184' title='bbox 513 2825 592 2874; x_wconf 85' lang='lat' dir='ltr'>vobis</span> <span class='ocrx_word' id='word_1_185' title='bbox 618 2825 678 2874; x_wconf 86' lang='lat' dir='ltr'>exi-</span> 
     </span>
     <span class='ocr_line' id='line_1_36' title="bbox 145 2887 678 2951; baseline 0.019 -16"><span class='ocrx_word' id='word_1_186' title='bbox 145 2887 240 2951; x_wconf 90' lang='lat' dir='ltr'>gendo,</span> <span class='ocrx_word' id='word_1_187' title='bbox 255 2898 282 2938; x_wconf 90' lang='lat' dir='ltr'>et</span> <span class='ocrx_word' id='word_1_188' title='bbox 296 2905 344 2939; x_wconf 87' lang='lat' dir='ltr'>vos</span> <span class='ocrx_word' id='word_1_189' title='bbox 358 2891 505 2943; x_wconf 87' lang='lat' dir='ltr'>tortoribus</span> <span class='ocrx_word' id='word_1_190' title='bbox 520 2894 678 2944; x_wconf 88' lang='lat' dir='ltr'>cruciandos</span> 
     </span>
     <span class='ocr_line' id='line_1_37' title="bbox 144 2961 678 3036; baseline 0.019 -28"><span class='ocrx_word' id='word_1_191' title='bbox 144 2961 282 3012; x_wconf 82' lang='lat' dir='ltr'>tradendo.</span> <span class='ocrx_word' id='word_1_192' title='bbox 315 2964 468 3016; x_wconf 88' lang='lat' dir='ltr'>Secundum</span> <span class='ocrx_word' id='word_1_193' title='bbox 508 2967 678 3036; x_wconf 76' lang='lat' dir='ltr'>chrysosto-</span> 
     </span>
     <span class='ocr_line' id='line_1_38' title="bbox 145 3035 677 3102; baseline 0.017 -23"><span class='ocrx_word' id='word_1_194' title='bbox 145 3045 225 3093; x_wconf 88' lang='lat' dir='ltr'>mum,</span> <span class='ocrx_word' id='word_1_195' title='bbox 249 3048 304 3083; x_wconf 92' lang='lat' dir='ltr'>non</span> <span class='ocrx_word' id='word_1_196' title='bbox 328 3035 394 3085; x_wconf 89' lang='lat' dir='ltr'>dicit</span> <span class='ocrx_word' id='word_1_197' title='bbox 414 3046 489 3102; x_wconf 89' lang='lat' dir='ltr'>pater</span> <span class='ocrx_word' id='word_1_198' title='bbox 507 3050 604 3099; x_wconf 88' lang='lat' dir='ltr'>vester,</span> <span class='ocrx_word' id='word_1_199' title='bbox 631 3040 677 3090; x_wconf 91' lang='lat' dir='ltr'>sed</span> 
     </span>
     <span class='ocr_line' id='line_1_39' title="bbox 144 3102 679 3178; baseline 0.021 -26"><span class='ocrx_word' id='word_1_200' title='bbox 144 3102 231 3154; x_wconf 84' lang='lat' dir='ltr'>Pater</span> <span class='ocrx_word' id='word_1_201' title='bbox 245 3120 338 3171; x_wconf 89' lang='lat' dir='ltr'>meus;</span> <span class='ocrx_word' id='word_1_202' title='bbox 353 3124 408 3159; x_wconf 91' lang='lat' dir='ltr'>non</span> <span class='ocrx_word' id='word_1_203' title='bbox 421 3110 494 3161; x_wconf 90' lang='lat' dir='ltr'>enim</span> <span class='ocrx_word' id='word_1_204' title='bbox 509 3113 624 3178; x_wconf 88' lang='lat' dir='ltr'>dignum</span> <span class='ocrx_word' id='word_1_205' title='bbox 639 3121 679 3163; x_wconf 89' lang='lat' dir='ltr'>est</span> 
     </span>
     <span class='ocr_line' id='line_1_40' title="bbox 145 3173 676 3248; baseline 0.021 -25"><span class='ocrx_word' id='word_1_206' title='bbox 145 3173 266 3226; x_wconf 88' lang='lat' dir='ltr'>hominis</span> <span class='ocrx_word' id='word_1_207' title='bbox 281 3179 343 3228; x_wconf 91' lang='lat' dir='ltr'>talis</span> <span class='ocrx_word' id='word_1_208' title='bbox 353 3181 442 3231; x_wconf 85' lang='lat' dir='ltr'>vocari</span> <span class='ocrx_word' id='word_1_209' title='bbox 462 3192 565 3248; x_wconf 88' lang='lat' dir='ltr'>patrem</span> <span class='ocrx_word' id='word_1_210' title='bbox 579 3184 676 3247; x_wconf 86' lang='lat' dir='ltr'>Deum,</span> 
     </span>
     <span class='ocr_line' id='line_1_41' title="bbox 144 3247 676 3314; baseline 0.019 -18"><span class='ocrx_word' id='word_1_211' title='bbox 144 3247 193 3312; x_wconf 90' lang='lat' dir='ltr'>qui</span> <span class='ocrx_word' id='word_1_212' title='bbox 207 3247 243 3298; x_wconf 86' lang='lat' dir='ltr'>ita</span> <span class='ocrx_word' id='word_1_213' title='bbox 262 3249 428 3314; x_wconf 89' lang='lat' dir='ltr'>perniciosus</span> <span class='ocrx_word' id='word_1_214' title='bbox 448 3264 475 3305; x_wconf 89' lang='lat' dir='ltr'>et</span> <span class='ocrx_word' id='word_1_215' title='bbox 498 3254 609 3306; x_wconf 90' lang='lat' dir='ltr'>odiosus</span> <span class='ocrx_word' id='word_1_216' title='bbox 627 3267 676 3306; x_wconf 90' lang='lat' dir='ltr'>est.</span> 
     </span>
     <span class='ocr_line' id='line_1_42' title="bbox 144 3317 677 3388; baseline 0.015 -20"><span class='ocrx_word' id='word_1_217' title='bbox 144 3317 198 3369; x_wconf 93' lang='lat' dir='ltr'>Ubi</span> <span class='ocrx_word' id='word_1_218' title='bbox 233 3319 422 3388; x_wconf 83' lang='lat' dir='ltr'>Hieronymus</span> <span class='ocrx_word' id='word_1_219' title='bbox 447 3340 456 3374; x_wconf 92' lang='lat'>.·</span> <span class='ocrx_word' id='word_1_220' title='bbox 487 3324 677 3376; x_wconf 87' lang='lat' dir='ltr'>Formidolosa</span> 
     </span>
     <span class='ocr_line' id='line_1_43' title="bbox 144 3388 676 3456; baseline 0.015 -18"><span class='ocrx_word' id='word_1_221' title='bbox 144 3388 291 3439; x_wconf 87' lang='lat' dir='ltr'>sententia!</span> <span class='ocrx_word' id='word_1_222' title='bbox 312 3389 334 3440; x_wconf 92' lang='lat' dir='ltr'>si</span> <span class='ocrx_word' id='word_1_223' title='bbox 349 3406 429 3456; x_wconf 83' lang='lat' dir='ltr'>parva</span> <span class='ocrx_word' id='word_1_224' title='bbox 454 3392 528 3445; x_wconf 84' lang='lat' dir='ltr'>fratri</span> <span class='ocrx_word' id='word_1_225' title='bbox 551 3410 606 3444; x_wconf 91' lang='lat' dir='ltr'>non</span> <span class='ocrx_word' id='word_1_226' title='bbox 631 3395 676 3445; x_wconf 90' lang='lat' dir='ltr'>di-</span> 
     </span>
     <span class='ocr_line' id='line_1_44' title="bbox 144 3460 675 3528; baseline 0.015 -19"><span class='ocrx_word' id='word_1_227' title='bbox 144 3460 294 3521; x_wconf 86' lang='lat' dir='ltr'>mittamus,</span> <span class='ocrx_word' id='word_1_228' title='bbox 314 3477 412 3528; x_wconf 87' lang='lat' dir='ltr'>magna</span> <span class='ocrx_word' id='word_1_229' title='bbox 426 3465 505 3516; x_wconf 90' lang='lat' dir='ltr'>nobis</span> <span class='ocrx_word' id='word_1_230' title='bbox 519 3481 534 3516; x_wconf 91' lang='lat' dir='ltr'>a</span> <span class='ocrx_word' id='word_1_231' title='bbox 546 3467 602 3516; x_wconf 89' lang='lat' dir='ltr'>Deo</span> <span class='ocrx_word' id='word_1_232' title='bbox 619 3483 675 3517; x_wconf 89' lang='lat' dir='ltr'>non</span> 
     </span>
     <span class='ocr_line' id='line_1_45' title="bbox 144 3529 676 3604; baseline 0.017 -25"><span class='ocrx_word' id='word_1_233' title='bbox 144 3529 335 3597; x_wconf 74' lang='lat' dir='ltr'>dimittentur,</span> <span class='ocrx_word' id='word_1_234' title='bbox 358 3544 384 3584; x_wconf 91' lang='lat' dir='ltr'>et</span> <span class='ocrx_word' id='word_1_235' title='bbox 402 3534 468 3602; x_wconf 89' lang='lat' dir='ltr'>quia</span> <span class='ocrx_word' id='word_1_236' title='bbox 486 3537 676 3604; x_wconf 88' lang='lat' dir='ltr'>unusquisque</span> 
     </span>
     <span class='ocr_line' id='line_1_46' title="bbox 144 3605 676 3666; baseline 0.013 -14"><span class='ocrx_word' id='word_1_237' title='bbox 144 3614 233 3666; x_wconf 85' lang='lat' dir='ltr'>potest</span> <span class='ocrx_word' id='word_1_238' title='bbox 246 3605 333 3656; x_wconf 86' lang='lat' dir='ltr'>dicere</span> <span class='ocrx_word' id='word_1_239' title='bbox 346 3621 392 3657; x_wconf 90' lang='lat' dir='ltr'>ore</span> <span class='ocrx_word' id='word_1_240' title='bbox 402 3622 409 3656; x_wconf 76' lang='grc' dir='ltr'><em>τ</em></span> <span class='ocrx_word' id='word_1_241' title='bbox 421 3606 495 3657; x_wconf 89' lang='lat' dir='ltr'>Nihil</span> <span class='ocrx_word' id='word_1_242' title='bbox 513 3609 598 3658; x_wconf 90' lang='lat' dir='ltr'>habeo</span> <span class='ocrx_word' id='word_1_243' title='bbox 612 3625 676 3659; x_wconf 67' lang='lat' dir='ltr'>con-</span> 
     </span>
     <span class='ocr_line' id='line_1_47' title="bbox 143 3675 674 3746; baseline 0.013 -24"><span class='ocrx_word' id='word_1_244' title='bbox 143 3680 186 3722; x_wconf 87' lang='lat' dir='ltr'>tra</span> <span class='ocrx_word' id='word_1_245' title='bbox 201 3689 273 3736; x_wconf 91' lang='lat' dir='ltr'>eum,</span> <span class='ocrx_word' id='word_1_246' title='bbox 289 3676 369 3727; x_wconf 88' lang='lat' dir='ltr'>habet</span> <span class='ocrx_word' id='word_1_247' title='bbox 382 3675 469 3727; x_wconf 90' lang='lat' dir='ltr'>Deum</span> <span class='ocrx_word' id='word_1_248' title='bbox 487 3678 612 3743; x_wconf 81' lang='lat' dir='ltr'>judicem,</span> <span class='ocrx_word' id='word_1_249' title='bbox 627 3681 674 3746; x_wconf 88' lang='lat' dir='ltr'>qui</span> 
     </span>
     <span class='ocr_line' id='line_1_48' title="bbox 142 3743 675 3815; baseline 0.013 -21"><span class='ocrx_word' id='word_1_250' title='bbox 142 3743 345 3799; x_wconf 83' lang='lat' dir='ltr'>simulationem</span> <span class='ocrx_word' id='word_1_251' title='bbox 358 3748 426 3800; x_wconf 81' lang='lat' dir='ltr'>fictae</span> <span class='ocrx_word' id='word_1_252' title='bbox 439 3749 512 3815; x_wconf 84' lang='lat' dir='ltr'>pacis</span> <span class='ocrx_word' id='word_1_253' title='bbox 525 3748 619 3810; x_wconf 86' lang='lat' dir='ltr'>aufert,</span> <span class='ocrx_word' id='word_1_254' title='bbox 630 3751 675 3801; x_wconf 93' lang='lat' dir='ltr'>di-</span> 
     </span>
     <span class='ocr_line' id='line_1_49' title="bbox 143 3817 674 3885; baseline 0.011 -21"><span class='ocrx_word' id='word_1_255' title='bbox 143 3828 224 3864; x_wconf 89' lang='lat' dir='ltr'>cens:</span> <span class='ocrx_word' id='word_1_256' title='bbox 240 3817 274 3865; x_wconf 90' lang='lat' dir='ltr'>Si</span> <span class='ocrx_word' id='word_1_257' title='bbox 287 3833 337 3869; x_wconf 84' lang='lat' dir='ltr'>non</span> <span class='ocrx_word' id='word_1_258' title='bbox 351 3819 512 3870; x_wconf 84' lang='lat' dir='ltr'>remiseritis</span> <span class='ocrx_word' id='word_1_259' title='bbox 530 3821 674 3885; x_wconf 82' lang='lat' dir='ltr'>unusquis-</span> 
     </span>
     <span class='ocr_line' id='line_1_50' title="bbox 143 3886 672 3961; baseline 0.009 -26"><span class='ocrx_word' id='word_1_260' title='bbox 143 3900 194 3951; x_wconf 82' lang='lat' dir='ltr'>que</span> <span class='ocrx_word' id='word_1_261' title='bbox 200 3886 291 3951; x_wconf 82' lang='lat' dir='ltr'>fratri</span> <span class='ocrx_word' id='word_1_262' title='bbox 304 3902 361 3951; x_wconf 88' lang='lat' dir='ltr'>suo,</span> <span class='ocrx_word' id='word_1_263' title='bbox 384 3906 438 3939; x_wconf 92' lang='lat' dir='ltr'>non</span> <span class='ocrx_word' id='word_1_264' title='bbox 450 3891 540 3940; x_wconf 89' lang='lat' dir='ltr'>solum</span> <span class='ocrx_word' id='word_1_265' title='bbox 557 3906 613 3950; x_wconf 89' lang='lat' dir='ltr'>ore,</span> <span class='ocrx_word' id='word_1_266' title='bbox 627 3892 672 3961; x_wconf 79' lang='lat' dir='ltr'>sed</span> 
     </span>
     <span class='ocr_line' id='line_1_51' title="bbox 142 3957 672 4025; baseline 0.011 -18"><span class='ocrx_word' id='word_1_267' title='bbox 142 3957 224 4008; x_wconf 88' lang='lat' dir='ltr'>etiam</span> <span class='ocrx_word' id='word_1_268' title='bbox 237 3960 271 4009; x_wconf 88' lang='lat' dir='ltr'>de</span> <span class='ocrx_word' id='word_1_269' title='bbox 285 3961 410 4012; x_wconf 80' lang='lat' dir='ltr'>cordibus</span> <span class='ocrx_word' id='word_1_270' title='bbox 424 3963 530 4025; x_wconf 72' lang='lat' dir='ltr'>uernis,</span> <span class='ocrx_word' id='word_1_271' title='bbox 546 3978 601 4013; x_wconf 90' lang='lat' dir='ltr'>non</span> <span class='ocrx_word' id='word_1_272' title='bbox 613 3961 672 4013; x_wconf 89' lang='lat' dir='ltr'>ficta</span> 
     </span>
    </p>
   </div>
   <div class='ocr_carea' id='block_1_3' title="bbox 725 458 1267 4027">
    <p class='ocr_par' dir='ltr' id='par_1_3' title="bbox 726 458 1265 2367">
     <span class='ocr_line' id='line_1_52' title="bbox 728 458 1256 526; baseline -0.002 -17"><span class='ocrx_word' id='word_1_273' title='bbox 728 474 800 526; x_wconf 89' lang='lat' dir='ltr'>pace,</span> <span class='ocrx_word' id='word_1_274' title='bbox 815 460 861 510; x_wconf 89' lang='lat' dir='ltr'>sed</span> <span class='ocrx_word' id='word_1_275' title='bbox 872 474 933 511; x_wconf 84' lang='lat' dir='ltr'>vera</span> <span class='ocrx_word' id='word_1_276' title='bbox 944 470 972 510; x_wconf 87' lang='lat' dir='ltr'>et</span> <span class='ocrx_word' id='word_1_277' title='bbox 984 460 1090 525; x_wconf 88' lang='lat' dir='ltr'>integra</span> <span class='ocrx_word' id='word_1_278' title='bbox 1099 458 1256 521; x_wconf 83' lang='lat' dir='ltr'>dilectione;</span> 
     </span>
     <span class='ocr_line' id='line_1_53' title="bbox 728 529 1257 597; baseline -0.002 -17"><span class='ocrx_word' id='word_1_279' title='bbox 728 530 792 597; x_wconf 89' lang='lat' dir='ltr'>quia</span> <span class='ocrx_word' id='word_1_280' title='bbox 819 546 875 581; x_wconf 90' lang='lat' dir='ltr'>non</span> <span class='ocrx_word' id='word_1_281' title='bbox 901 529 1000 582; x_wconf 88' lang='lat' dir='ltr'>sufficit</span> <span class='ocrx_word' id='word_1_282' title='bbox 1016 530 1096 581; x_wconf 89' lang='lat' dir='ltr'>labiis</span> <span class='ocrx_word' id='word_1_283' title='bbox 1114 529 1257 591; x_wconf 82' lang='lat' dir='ltr'>dimittere,</span> 
     </span>
     <span class='ocr_line' id='line_1_54' title="bbox 729 602 1258 662; baseline -0.004 -8"><span class='ocrx_word' id='word_1_284' title='bbox 729 604 782 654; x_wconf 87' lang='lat' dir='ltr'>nisi</span> <span class='ocrx_word' id='word_1_285' title='bbox 796 620 842 655; x_wconf 85' lang='lat' dir='ltr'>ora</span> <span class='ocrx_word' id='word_1_286' title='bbox 859 614 885 655; x_wconf 91' lang='lat' dir='ltr'>et</span> <span class='ocrx_word' id='word_1_287' title='bbox 903 605 982 655; x_wconf 89' lang='lat' dir='ltr'>corda</span> <span class='ocrx_word' id='word_1_288' title='bbox 1000 603 1169 655; x_wconf 81' lang='lat' dir='ltr'>conveniant.</span> <span class='ocrx_word' id='word_1_289' title='bbox 1189 602 1258 662; x_wconf 90' lang='lat' dir='ltr'>Qui-</span> 
     </span>
     <span class='ocr_line' id='line_1_55' title="bbox 728 676 1259 727; baseline -0.002 -2"><span class='ocrx_word' id='word_1_290' title='bbox 728 676 790 726; x_wconf 85' lang='lat' dir='ltr'>dam</span> <span class='ocrx_word' id='word_1_291' title='bbox 813 676 888 727; x_wconf 88' lang='lat' dir='ltr'>enim</span> <span class='ocrx_word' id='word_1_292' title='bbox 913 676 1051 726; x_wconf 84' lang='lat' dir='ltr'>dimittere</span> <span class='ocrx_word' id='word_1_293' title='bbox 1077 677 1175 725; x_wconf 89' lang='lat' dir='ltr'>nolunt</span> <span class='ocrx_word' id='word_1_294' title='bbox 1198 688 1259 725; x_wconf 87' lang='lat' dir='ltr'>om-</span> 
     </span>
     <span class='ocr_line' id='line_1_56' title="bbox 728 744 1257 813; baseline -0.002 -18"><span class='ocrx_word' id='word_1_295' title='bbox 728 746 805 807; x_wconf 88' lang='lat' dir='ltr'>nino,</span> <span class='ocrx_word' id='word_1_296' title='bbox 825 747 933 813; x_wconf 76' lang='lat' dir='ltr'>quiret</span> <span class='ocrx_word' id='word_1_297' title='bbox 951 746 1083 796; x_wconf 89' lang='lat' dir='ltr'>malitiam</span> <span class='ocrx_word' id='word_1_298' title='bbox 1105 755 1213 796; x_wconf 81' lang='lat' dir='ltr'>servant</span> <span class='ocrx_word' id='word_1_299' title='bbox 1230 744 1257 794; x_wconf 92' lang='lat' dir='ltr'>in</span> 
     </span>
     <span class='ocr_line' id='line_1_57' title="bbox 728 817 1256 882; baseline -0.004 -15"><span class='ocrx_word' id='word_1_300' title='bbox 728 818 816 877; x_wconf 90' lang='lat' dir='ltr'>corde,</span> <span class='ocrx_word' id='word_1_301' title='bbox 834 828 860 868; x_wconf 93' lang='lat' dir='ltr'>et</span> <span class='ocrx_word' id='word_1_302' title='bbox 877 818 1035 877; x_wconf 87' lang='lat' dir='ltr'>vindictam,</span> <span class='ocrx_word' id='word_1_303' title='bbox 1047 817 1113 866; x_wconf 91' lang='lat' dir='ltr'>dum</span> <span class='ocrx_word' id='word_1_304' title='bbox 1135 828 1256 882; x_wconf 63' lang='lat' dir='ltr'>munt.</span> 
     </span>
     <span class='ocr_line' id='line_1_58' title="bbox 728 887 1259 955; baseline -0.006 -16"><span class='ocrx_word' id='word_1_305' title='bbox 728 899 851 939; x_wconf 84' lang='lat' dir='ltr'>exercent</span> <span class='ocrx_word' id='word_1_306' title='bbox 871 888 898 939; x_wconf 91' lang='lat' dir='ltr'>in</span> <span class='ocrx_word' id='word_1_307' title='bbox 921 903 1015 955; x_wconf 84' lang='lat' dir='ltr'>opere;</span> <span class='ocrx_word' id='word_1_308' title='bbox 1030 887 1086 948; x_wconf 85' lang='lat' dir='ltr'>alii,</span> <span class='ocrx_word' id='word_1_309' title='bbox 1100 887 1151 937; x_wconf 85' lang='lat' dir='ltr'>etsi</span> <span class='ocrx_word' id='word_1_310' title='bbox 1167 887 1259 937; x_wconf 80' lang='lat' dir='ltr'>remit-</span> 
     </span>
     <span class='ocr_line' id='line_1_59' title="bbox 728 957 1260 1024; baseline 0 -16"><span class='ocrx_word' id='word_1_311' title='bbox 728 968 790 1009; x_wconf 85' lang='lat' dir='ltr'>tunt</span> <span class='ocrx_word' id='word_1_312' title='bbox 807 968 940 1024; x_wconf 86' lang='lat' dir='ltr'>quantum</span> <span class='ocrx_word' id='word_1_313' title='bbox 965 959 998 1008; x_wconf 85' lang='lat' dir='ltr'>ad</span> <span class='ocrx_word' id='word_1_314' title='bbox 1021 957 1180 1018; x_wconf 81' lang='lat' dir='ltr'>vindictam,</span> <span class='ocrx_word' id='word_1_315' title='bbox 1205 973 1260 1008; x_wconf 87' lang='lat' dir='ltr'>ser·</span> 
     </span>
     <span class='ocr_line' id='line_1_60' title="bbox 728 1028 1259 1095; baseline -0.002 -16"><span class='ocrx_word' id='word_1_316' title='bbox 728 1038 789 1079; x_wconf 84' lang='lat' dir='ltr'>vent</span> <span class='ocrx_word' id='word_1_317' title='bbox 800 1038 888 1079; x_wconf 89' lang='lat' dir='ltr'>tamen</span> <span class='ocrx_word' id='word_1_318' title='bbox 898 1039 1057 1095; x_wconf 88' lang='lat' dir='ltr'>conceptum</span> <span class='ocrx_word' id='word_1_319' title='bbox 1067 1028 1161 1078; x_wconf 89' lang='lat' dir='ltr'>odium</span> <span class='ocrx_word' id='word_1_320' title='bbox 1171 1043 1259 1094; x_wconf 82' lang='lat' dir='ltr'>quan-</span> 
     </span>
     <span class='ocr_line' id='line_1_61' title="bbox 728 1096 1259 1164; baseline -0.004 -15"><span class='ocrx_word' id='word_1_321' title='bbox 728 1109 787 1149; x_wconf 90' lang='lat' dir='ltr'>tum</span> <span class='ocrx_word' id='word_1_322' title='bbox 801 1100 833 1149; x_wconf 91' lang='lat' dir='ltr'>ad</span> <span class='ocrx_word' id='word_1_323' title='bbox 849 1099 990 1150; x_wconf 86' lang='lat' dir='ltr'>malitiam.</span> <span class='ocrx_word' id='word_1_324' title='bbox 1004 1098 1057 1149; x_wconf 89' lang='lat' dir='ltr'>Sed</span> <span class='ocrx_word' id='word_1_325' title='bbox 1068 1098 1198 1164; x_wconf 84' lang='lat' dir='ltr'>quisquis</span> <span class='ocrx_word' id='word_1_326' title='bbox 1209 1096 1259 1148; x_wconf 88' lang='lat' dir='ltr'>sibi</span> 
     </span>
     <span class='ocr_line' id='line_1_62' title="bbox 728 1168 1259 1234; baseline -0.004 -14"><span class='ocrx_word' id='word_1_327' title='bbox 728 1169 875 1220; x_wconf 89' lang='lat' dir='ltr'>aDomino</span> <span class='ocrx_word' id='word_1_328' title='bbox 892 1169 993 1219; x_wconf 85' lang='lat' dir='ltr'>remitti</span> <span class='ocrx_word' id='word_1_329' title='bbox 1014 1168 1158 1228; x_wconf 77' lang='lat' dir='ltr'>desiderat,</span> <span class='ocrx_word' id='word_1_330' title='bbox 1178 1184 1259 1234; x_wconf 86' lang='lat' dir='ltr'>opor-</span> 
     </span>
     <span class='ocr_line' id='line_1_63' title="bbox 728 1240 1259 1308; baseline -0.006 -15"><span class='ocrx_word' id='word_1_331' title='bbox 728 1252 765 1293; x_wconf 84' lang='lat' dir='ltr'>tet</span> <span class='ocrx_word' id='word_1_332' title='bbox 775 1250 805 1292; x_wconf 92' lang='lat' dir='ltr'>ut</span> <span class='ocrx_word' id='word_1_333' title='bbox 820 1253 935 1308; x_wconf 86' lang='lat' dir='ltr'>utroque</span> <span class='ocrx_word' id='word_1_334' title='bbox 944 1242 1026 1292; x_wconf 90' lang='lat' dir='ltr'>modo</span> <span class='ocrx_word' id='word_1_335' title='bbox 1041 1240 1116 1292; x_wconf 79' lang='lat' dir='ltr'>fratri</span> <span class='ocrx_word' id='word_1_336' title='bbox 1126 1240 1243 1291; x_wconf 84' lang='lat' dir='ltr'>remittat</span> <span class='ocrx_word' id='word_1_337' title='bbox 1253 1257 1259 1289; x_wconf 81' lang='lat'>2</span> 
     </span>
     <span class='ocr_line' id='line_1_64' title="bbox 728 1312 1259 1380; baseline -0.008 -15"><span class='ocrx_word' id='word_1_338' title='bbox 728 1325 761 1365; x_wconf 88' lang='lat' dir='ltr'>ut</span> <span class='ocrx_word' id='word_1_339' title='bbox 786 1330 834 1365; x_wconf 83' lang='lat' dir='ltr'>nec</span> <span class='ocrx_word' id='word_1_340' title='bbox 857 1329 938 1380; x_wconf 88' lang='lat' dir='ltr'>opere</span> <span class='ocrx_word' id='word_1_341' title='bbox 960 1323 1078 1365; x_wconf 86' lang='lat' dir='ltr'>exerceat</span> <span class='ocrx_word' id='word_1_342' title='bbox 1102 1312 1259 1373; x_wconf 81' lang='lat' dir='ltr'>vindictam,</span> 
     </span>
     <span class='ocr_line' id='line_1_65' title="bbox 729 1387 1259 1452; baseline -0.006 -14"><span class='ocrx_word' id='word_1_343' title='bbox 729 1405 778 1440; x_wconf 88' lang='lat' dir='ltr'>nec</span> <span class='ocrx_word' id='word_1_344' title='bbox 800 1388 879 1439; x_wconf 86' lang='lat' dir='ltr'>corde</span> <span class='ocrx_word' id='word_1_345' title='bbox 892 1399 1009 1438; x_wconf 79' lang='lat' dir='ltr'>reservet</span> <span class='ocrx_word' id='word_1_346' title='bbox 1022 1387 1153 1437; x_wconf 76' lang='lat' dir='ltr'>malitiam</span> <span class='ocrx_word' id='word_1_347' title='bbox 1164 1402 1172 1450; x_wconf 80' lang='lat'><em>3</em></span> <span class='ocrx_word' id='word_1_348' title='bbox 1189 1387 1259 1452; x_wconf 82' lang='lat' dir='ltr'>quia,</span> 
     </span>
     <span class='ocr_line' id='line_1_66' title="bbox 728 1457 1260 1524; baseline -0.006 -14"><span class='ocrx_word' id='word_1_349' title='bbox 728 1460 875 1510; x_wconf 85' lang='lat' dir='ltr'>secundum</span> <span class='ocrx_word' id='word_1_350' title='bbox 893 1459 1066 1524; x_wconf 83' lang='lat' dir='ltr'>Gregorium,</span> <span class='ocrx_word' id='word_1_351' title='bbox 1084 1458 1107 1508; x_wconf 90' lang='lat' dir='ltr'>si</span> <span class='ocrx_word' id='word_1_352' title='bbox 1122 1457 1176 1508; x_wconf 82' lang='lat' dir='ltr'>hoc</span> <span class='ocrx_word' id='word_1_353' title='bbox 1188 1457 1260 1524; x_wconf 89' lang='lat' dir='ltr'>quod</span> 
     </span>
     <span class='ocr_line' id='line_1_67' title="bbox 729 1529 1260 1597; baseline -0.008 -16"><span class='ocrx_word' id='word_1_354' title='bbox 729 1531 757 1581; x_wconf 90' lang='lat' dir='ltr'>in</span> <span class='ocrx_word' id='word_1_355' title='bbox 782 1547 833 1582; x_wconf 91' lang='lat' dir='ltr'>nos</span> <span class='ocrx_word' id='word_1_356' title='bbox 855 1531 1024 1597; x_wconf 86' lang='lat' dir='ltr'>delinquitur</span> <span class='ocrx_word' id='word_1_357' title='bbox 1050 1545 1082 1580; x_wconf 86' lang='lat' dir='ltr'>ex</span> <span class='ocrx_word' id='word_1_358' title='bbox 1109 1529 1190 1579; x_wconf 85' lang='lat' dir='ltr'>corde</span> <span class='ocrx_word' id='word_1_359' title='bbox 1204 1544 1260 1578; x_wconf 88' lang='lat' dir='ltr'>aon</span> 
     </span>
     <span class='ocr_line' id='line_1_68' title="bbox 729 1598 1262 1661; baseline -0.004 -11"><span class='ocrx_word' id='word_1_360' title='bbox 729 1601 901 1661; x_wconf 86' lang='lat' dir='ltr'>dimittimus,</span> <span class='ocrx_word' id='word_1_361' title='bbox 930 1600 998 1651; x_wconf 91' lang='lat' dir='ltr'>illud</span> <span class='ocrx_word' id='word_1_362' title='bbox 1022 1614 1118 1650; x_wconf 87' lang='lat' dir='ltr'>rursus</span> <span class='ocrx_word' id='word_1_363' title='bbox 1139 1615 1155 1650; x_wconf 88' lang='lat' dir='ltr'>a</span> <span class='ocrx_word' id='word_1_364' title='bbox 1183 1598 1262 1648; x_wconf 82' lang='lat' dir='ltr'>nobis</span> 
     </span>
     <span class='ocr_line' id='line_1_69' title="bbox 729 1672 1262 1740; baseline -0.008 -17"><span class='ocrx_word' id='word_1_365' title='bbox 729 1673 858 1740; x_wconf 87' lang='lat' dir='ltr'>exigetur,</span> <span class='ocrx_word' id='word_1_366' title='bbox 879 1673 952 1740; x_wconf 85' lang='lat' dir='ltr'>quod</span> <span class='ocrx_word' id='word_1_367' title='bbox 971 1672 1114 1736; x_wconf 84' lang='lat' dir='ltr'>nobisjam</span> <span class='ocrx_word' id='word_1_368' title='bbox 1135 1686 1185 1736; x_wconf 90' lang='lat' dir='ltr'>per</span> <span class='ocrx_word' id='word_1_369' title='bbox 1203 1686 1262 1736; x_wconf 86' lang='lat' dir='ltr'>poe-</span> 
     </span>
     <span class='ocr_line' id='line_1_70' title="bbox 730 1741 1263 1807; baseline -0.004 -15"><span class='ocrx_word' id='word_1_370' title='bbox 730 1743 870 1793; x_wconf 86' lang='lat' dir='ltr'>nitentiam</span> <span class='ocrx_word' id='word_1_371' title='bbox 893 1742 1036 1792; x_wconf 89' lang='lat' dir='ltr'>dimissum</span> <span class='ocrx_word' id='word_1_372' title='bbox 1055 1741 1140 1791; x_wconf 84' lang='lat' dir='ltr'>fuisse</span> <span class='ocrx_word' id='word_1_373' title='bbox 1163 1741 1263 1807; x_wconf 83' lang='lat' dir='ltr'>gaude·</span> 
     </span>
     <span class='ocr_line' id='line_1_71' title="bbox 730 1814 1263 1882; baseline -0.008 -15"><span class='ocrx_word' id='word_1_374' title='bbox 730 1817 834 1868; x_wconf 90' lang='lat' dir='ltr'>bamus.</span> <span class='ocrx_word' id='word_1_375' title='bbox 862 1817 914 1867; x_wconf 90' lang='lat' dir='ltr'>Ubi</span> <span class='ocrx_word' id='word_1_376' title='bbox 939 1832 1003 1882; x_wconf 78' lang='lat' dir='ltr'>ergo</span> <span class='ocrx_word' id='word_1_377' title='bbox 1030 1831 1085 1865; x_wconf 91' lang='lat' dir='ltr'>non</span> <span class='ocrx_word' id='word_1_378' title='bbox 1112 1814 1196 1864; x_wconf 83' lang='lat' dir='ltr'>fuerit</span> <span class='ocrx_word' id='word_1_379' title='bbox 1218 1828 1263 1864; x_wconf 86' lang='lat' dir='ltr'>ca-</span> 
     </span>
     <span class='ocr_line' id='line_1_72' title="bbox 729 1886 1265 1956; baseline -0.007 -17"><span class='ocrx_word' id='word_1_380' title='bbox 729 1888 816 1939; x_wconf 86' lang='lat' dir='ltr'>ritatis</span> <span class='ocrx_word' id='word_1_381' title='bbox 857 1887 1072 1956; x_wconf 83' lang='lat' dir='ltr'>perseverantia,</span> <span class='ocrx_word' id='word_1_382' title='bbox 1111 1886 1186 1936; x_wconf 90' lang='lat' dir='ltr'>nulla</span> <span class='ocrx_word' id='word_1_383' title='bbox 1224 1894 1265 1936; x_wconf 85' lang='lat' dir='ltr'>est</span> 
     </span>
     <span class='ocr_line' id='line_1_73' title="bbox 730 1959 1264 2027; baseline -0.007 -15"><span class='ocrx_word' id='word_1_384' title='bbox 730 1961 867 2012; x_wconf 87' lang='lat' dir='ltr'>sufficiens</span> <span class='ocrx_word' id='word_1_385' title='bbox 880 1960 1053 2027; x_wconf 79' lang='lat' dir='ltr'>poenitentia3</span> <span class='ocrx_word' id='word_1_386' title='bbox 1078 1959 1151 2009; x_wconf 86' lang='lat' dir='ltr'>unde</span> <span class='ocrx_word' id='word_1_387' title='bbox 1168 1972 1264 2024; x_wconf 88' lang='lat' dir='ltr'>apec-</span> 
     </span>
     <span class='ocr_line' id='line_1_74' title="bbox 730 2029 1264 2082; baseline -0.006 0"><span class='ocrx_word' id='word_1_388' title='bbox 730 2032 795 2082; x_wconf 89' lang='lat' dir='ltr'>catis</span> <span class='ocrx_word' id='word_1_389' title='bbox 818 2033 907 2082; x_wconf 89' lang='lat' dir='ltr'>soluto</span> <span class='ocrx_word' id='word_1_390' title='bbox 923 2030 1021 2080; x_wconf 86' lang='lat' dir='ltr'>dicitur</span> <span class='ocrx_word' id='word_1_391' title='bbox 1039 2046 1046 2079; x_wconf 76' lang='lat' dir='ltr'>z</span> <span class='ocrx_word' id='word_1_392' title='bbox 1072 2029 1147 2079; x_wconf 84' lang='lat' dir='ltr'>Vade</span> <span class='ocrx_word' id='word_1_393' title='bbox 1159 2035 1187 2079; x_wconf 86' lang='lat' dir='ltr'>et</span> <span class='ocrx_word' id='word_1_394' title='bbox 1202 2042 1264 2079; x_wconf 82' lang='lat' dir='ltr'>am-</span> 
     </span>
     <span class='ocr_line' id='line_1_75' title="bbox 726 2098 1265 2168; baseline -0.006 -17"><span class='ocrx_word' id='word_1_395' title='bbox 726 2102 802 2168; x_wconf 85' lang='lat' dir='ltr'>plius</span> <span class='ocrx_word' id='word_1_396' title='bbox 814 2098 1265 2166; x_wconf 81' lang='lat' dir='ltr'>noiipeecare.Seci1lares·quoque</span> 
     </span>
     <span class='ocr_line' id='line_1_76' title="bbox 729 2168 1264 2237; baseline -0.004 -17"><span class='ocrx_word' id='word_1_397' title='bbox 729 2172 810 2237; x_wconf 86' lang='lat' dir='ltr'>leges,</span> <span class='ocrx_word' id='word_1_398' title='bbox 826 2180 936 2236; x_wconf 83' lang='lat' dir='ltr'>propter</span> <span class='ocrx_word' id='word_1_399' title='bbox 948 2168 1167 2235; x_wconf 84' lang='lat' dir='ltr'>ingratitudines,</span> <span class='ocrx_word' id='word_1_400' title='bbox 1183 2182 1264 2234; x_wconf 86' lang='lat' dir='ltr'>quos·</span> 
     </span>
     <span class='ocr_line' id='line_1_77' title="bbox 729 2241 1263 2306; baseline -0.007 -13"><span class='ocrx_word' id='word_1_401' title='bbox 729 2245 791 2294; x_wconf 91' lang='lat' dir='ltr'>darn</span> <span class='ocrx_word' id='word_1_402' title='bbox 802 2253 927 2293; x_wconf 89' lang='lat' dir='ltr'>revocant</span> <span class='ocrx_word' id='word_1_403' title='bbox 941 2241 1125 2293; x_wconf 85' lang='lat' dir='ltr'>manumissos</span> <span class='ocrx_word' id='word_1_404' title='bbox 1137 2241 1172 2291; x_wconf 86' lang='lat' dir='ltr'>ad</span> <span class='ocrx_word' id='word_1_405' title='bbox 1185 2241 1263 2306; x_wconf 88' lang='lat' dir='ltr'>prio-</span> 
     </span>
     <span class='ocr_line' id='line_1_78' title="bbox 730 2315 966 2367; baseline -0.013 -1"><span class='ocrx_word' id='word_1_406' title='bbox 730 2331 786 2367; x_wconf 88' lang='lat' dir='ltr'>rem</span> <span class='ocrx_word' id='word_1_407' title='bbox 801 2315 966 2365; x_wconf 81' lang='lat' dir='ltr'>servitutem.</span> 
     </span>
    </p>

    <p class='ocr_par' dir='ltr' id='par_1_4' title="bbox 725 2385 1267 4027">
     <span class='ocr_line' id='line_1_79' title="bbox 760 2385 1264 2446; baseline -0.004 -10"><span class='ocrx_word' id='word_1_408' title='bbox 760 2385 777 2436; x_wconf 91' lang='lat'><strong>6</strong></span> <span class='ocrx_word' id='word_1_409' title='bbox 802 2386 865 2446; x_wconf 84' lang='lat' dir='ltr'>Quo</span> <span class='ocrx_word' id='word_1_410' title='bbox 887 2401 969 2436; x_wconf 77' lang='lat' dir='ltr'>sensu</span> <span class='ocrx_word' id='word_1_411' title='bbox 993 2400 1108 2435; x_wconf 74' lang='lat' dir='ltr'>ascum</span> <span class='ocrx_word' id='word_1_412' title='bbox 1130 2399 1264 2435; x_wconf 75' lang='lat' dir='ltr'>aarum</span> 
     </span>
     <span class='ocr_line' id='line_1_80' title="bbox 729 2456 1265 2523; baseline -0.002 -15"><span class='ocrx_word' id='word_1_413' title='bbox 729 2486 760 2496; x_wconf 88' lang='lat'><em>-</em></span> <span class='ocrx_word' id='word_1_414' title='bbox 774 2458 825 2508; x_wconf 90' lang='lat' dir='ltr'>Sed</span> <span class='ocrx_word' id='word_1_415' title='bbox 846 2473 879 2508; x_wconf 88' lang='lat' dir='ltr'>ex</span> <span class='ocrx_word' id='word_1_416' title='bbox 894 2457 938 2507; x_wconf 91' lang='lat' dir='ltr'>his</span> <span class='ocrx_word' id='word_1_417' title='bbox 952 2456 1058 2506; x_wconf 86' lang='lat' dir='ltr'>videtur</span> <span class='ocrx_word' id='word_1_418' title='bbox 1071 2456 1143 2523; x_wconf 89' lang='lat' dir='ltr'>quod</span> <span class='ocrx_word' id='word_1_419' title='bbox 1159 2466 1265 2521; x_wconf 82' lang='lat' dir='ltr'>peecata</span> 
     </span>
     <span class='ocr_line' id='line_1_81' title="bbox 729 2525 1263 2592; baseline -0.004 -14"><span class='ocrx_word' id='word_1_420' title='bbox 729 2528 842 2578; x_wconf 88' lang='lat' dir='ltr'>dimissa</span> <span class='ocrx_word' id='word_1_421' title='bbox 868 2528 979 2577; x_wconf 82' lang='lat' dir='ltr'>redeant</span> <span class='ocrx_word' id='word_1_422' title='bbox 1005 2536 1113 2592; x_wconf 74' lang='lat' dir='ltr'>prepter</span> <span class='ocrx_word' id='word_1_423' title='bbox 1139 2525 1263 2576; x_wconf 82' lang='lat' dir='ltr'>iteratam</span> 
     </span>
     <span class='ocr_line' id='line_1_82' title="bbox 730 2600 1265 2671; baseline -0.007 -17"><span class='ocrx_word' id='word_1_424' title='bbox 730 2603 830 2671; x_wconf 88' lang='lat' dir='ltr'>peccati</span> <span class='ocrx_word' id='word_1_425' title='bbox 853 2601 1086 2669; x_wconf 88' lang='lat' dir='ltr'>perpetrationem.</span> <span class='ocrx_word' id='word_1_426' title='bbox 1102 2601 1143 2650; x_wconf 88' lang='lat' dir='ltr'>Ad</span> <span class='ocrx_word' id='word_1_427' title='bbox 1157 2600 1211 2651; x_wconf 86' lang='lat' dir='ltr'>hoc</span> <span class='ocrx_word' id='word_1_428' title='bbox 1223 2601 1265 2651; x_wconf 92' lang='lat' dir='ltr'>di·</span> 
     </span>
     <span class='ocr_line' id='line_1_83' title="bbox 731 2672 1265 2739; baseline -0.009 -13"><span class='ocrx_word' id='word_1_429' title='bbox 731 2676 800 2726; x_wconf 88' lang='lat' dir='ltr'>citur</span> <span class='ocrx_word' id='word_1_430' title='bbox 809 2673 988 2725; x_wconf 84' lang='lat' dir='ltr'>communiter</span> <span class='ocrx_word' id='word_1_431' title='bbox 1000 2673 1074 2739; x_wconf 90' lang='lat' dir='ltr'>quod</span> <span class='ocrx_word' id='word_1_432' title='bbox 1088 2672 1204 2722; x_wconf 86' lang='lat' dir='ltr'>redeunt</span> <span class='ocrx_word' id='word_1_433' title='bbox 1217 2686 1265 2738; x_wconf 89' lang='lat' dir='ltr'>per</span> 
     </span>
     <span class='ocr_line' id='line_1_84' title="bbox 730 2744 1263 2813; baseline -0.004 -17"><span class='ocrx_word' id='word_1_434' title='bbox 730 2746 946 2813; x_wconf 80' lang='lat' dir='ltr'>aggravationem</span> <span class='ocrx_word' id='word_1_435' title='bbox 975 2744 1075 2811; x_wconf 87' lang='lat' dir='ltr'>peceati</span> <span class='ocrx_word' id='word_1_436' title='bbox 1104 2745 1263 2810; x_wconf 86' lang='lat' dir='ltr'>sequentis;</span> 
     </span>
     <span class='ocr_line' id='line_1_85' title="bbox 732 2816 1265 2883; baseline -0.002 -17"><span class='ocrx_word' id='word_1_437' title='bbox 732 2833 787 2867; x_wconf 91' lang='lat' dir='ltr'>non</span> <span class='ocrx_word' id='word_1_438' title='bbox 815 2818 888 2883; x_wconf 90' lang='lat' dir='ltr'>quod</span> <span class='ocrx_word' id='word_1_439' title='bbox 917 2826 1055 2882; x_wconf 87' lang='lat' dir='ltr'>peccatum</span> <span class='ocrx_word' id='word_1_440' title='bbox 1087 2830 1211 2881; x_wconf 81' lang='lat' dir='ltr'>sequens·</span> <span class='ocrx_word' id='word_1_441' title='bbox 1230 2816 1265 2866; x_wconf 90' lang='lat' dir='ltr'>sit</span> 
     </span>
     <span class='ocr_line' id='line_1_86' title="bbox 731 2887 1265 2955; baseline -0.002 -16"><span class='ocrx_word' id='word_1_442' title='bbox 731 2904 806 2955; x_wconf 83' lang='lat' dir='ltr'>teque</span> <span class='ocrx_word' id='word_1_443' title='bbox 820 2903 897 2954; x_wconf 87' lang='lat' dir='ltr'>grave</span> <span class='ocrx_word' id='word_1_444' title='bbox 916 2888 986 2938; x_wconf 86' lang='lat' dir='ltr'>sicut</span> <span class='ocrx_word' id='word_1_445' title='bbox 1003 2887 1096 2938; x_wconf 89' lang='lat' dir='ltr'>omnia</span> <span class='ocrx_word' id='word_1_446' title='bbox 1112 2887 1265 2952; x_wconf 78' lang='lat' dir='ltr'>proeoeden·</span> 
     </span>
     <span class='ocr_line' id='line_1_87' title="bbox 731 2960 1267 3027; baseline -0.002 -16"><span class='ocrx_word' id='word_1_447' title='bbox 731 2961 777 3022; x_wconf 89' lang='lat' dir='ltr'>tia,</span> <span class='ocrx_word' id='word_1_448' title='bbox 795 2961 843 3011; x_wconf 87' lang='lat' dir='ltr'>sed</span> <span class='ocrx_word' id='word_1_449' title='bbox 863 2961 928 3027; x_wconf 88' lang='lat' dir='ltr'>quia</span> <span class='ocrx_word' id='word_1_450' title='bbox 950 2960 1057 3027; x_wconf 85' lang='lat' dir='ltr'>gravius</span> <span class='ocrx_word' id='word_1_451' title='bbox 1076 2970 1118 3010; x_wconf 87' lang='lat' dir='ltr'>est</span> <span class='ocrx_word' id='word_1_452' title='bbox 1138 2976 1172 3010; x_wconf 86' lang='lat' dir='ltr'>ex</span> <span class='ocrx_word' id='word_1_453' title='bbox 1186 2975 1267 3011; x_wconf 72' lang='lat' dir='ltr'>corn·</span> 
     </span>
     <span class='ocr_line' id='line_1_88' title="bbox 730 3032 1265 3099; baseline -0.004 -16"><span class='ocrx_word' id='word_1_454' title='bbox 730 3033 869 3099; x_wconf 89' lang='lat' dir='ltr'>paratione</span> <span class='ocrx_word' id='word_1_455' title='bbox 881 3033 1100 3098; x_wconf 78' lang='lat' dir='ltr'>praecedentium.</span> <span class='ocrx_word' id='word_1_456' title='bbox 1118 3032 1265 3084; x_wconf 82' lang='lat' dir='ltr'>Unde-exi·</span> 
     </span>
     <span class='ocr_line' id='line_1_89' title="bbox 731 3104 1264 3172; baseline -0.006 -15"><span class='ocrx_word' id='word_1_457' title='bbox 731 3106 803 3171; x_wconf 85' lang='lat' dir='ltr'>gitur</span> <span class='ocrx_word' id='word_1_458' title='bbox 830 3105 903 3172; x_wconf 92' lang='lat' dir='ltr'>quod</span> <span class='ocrx_word' id='word_1_459' title='bbox 922 3105 1067 3156; x_wconf 88' lang='lat' dir='ltr'>dimissum</span> <span class='ocrx_word' id='word_1_460' title='bbox 1088 3104 1186 3165; x_wconf 86' lang='lat' dir='ltr'>fuerat,</span> <span class='ocrx_word' id='word_1_461' title='bbox 1211 3120 1264 3154; x_wconf 89' lang='lat' dir='ltr'>non</span> 
     </span>
     <span class='ocr_line' id='line_1_90' title="bbox 731 3177 1265 3244; baseline 0 -17"><span class='ocrx_word' id='word_1_462' title='bbox 731 3178 759 3228; x_wconf 92' lang='lat' dir='ltr'>in</span> <span class='ocrx_word' id='word_1_463' title='bbox 773 3193 811 3239; x_wconf 89' lang='lat' dir='ltr'>se,</span> <span class='ocrx_word' id='word_1_464' title='bbox 828 3179 874 3229; x_wconf 87' lang='lat' dir='ltr'>sed</span> <span class='ocrx_word' id='word_1_465' title='bbox 895 3188 1026 3244; x_wconf 90' lang='lat' dir='ltr'>quantum</span> <span class='ocrx_word' id='word_1_466' title='bbox 1040 3178 1074 3228; x_wconf 85' lang='lat' dir='ltr'>ad</span> <span class='ocrx_word' id='word_1_467' title='bbox 1087 3177 1265 3244; x_wconf 85' lang='lat' dir='ltr'>ingratitudi-</span> 
     </span>
     <span class='ocr_line' id='line_1_91' title="bbox 731 3247 1265 3312; baseline -0.004 -13"><span class='ocrx_word' id='word_1_468' title='bbox 731 3266 794 3300; x_wconf 91' lang='lat' dir='ltr'>nem</span> <span class='ocrx_word' id='word_1_469' title='bbox 817 3247 1000 3312; x_wconf 83' lang='lat' dir='ltr'>dimissionis3</span> <span class='ocrx_word' id='word_1_470' title='bbox 1018 3259 1045 3299; x_wconf 90' lang='lat' dir='ltr'>et</span> <span class='ocrx_word' id='word_1_471' title='bbox 1062 3248 1123 3299; x_wconf 89' lang='lat' dir='ltr'>ideo</span> <span class='ocrx_word' id='word_1_472' title='bbox 1137 3248 1265 3299; x_wconf 87' lang='lat' dir='ltr'>dicuntur</span> 
     </span>
     <span class='ocr_line' id='line_1_92' title="bbox 730 3321 1264 3387; baseline -0.002 -15"><span class='ocrx_word' id='word_1_473' title='bbox 730 3321 822 3372; x_wconf 90' lang='lat' dir='ltr'>omnia</span> <span class='ocrx_word' id='word_1_474' title='bbox 838 3321 932 3381; x_wconf 87' lang='lat' dir='ltr'>redire,</span> <span class='ocrx_word' id='word_1_475' title='bbox 954 3321 1019 3387; x_wconf 86' lang='lat' dir='ltr'>quia</span> <span class='ocrx_word' id='word_1_476' title='bbox 1039 3321 1209 3387; x_wconf 84' lang='lat' dir='ltr'>ingratitudo</span> <span class='ocrx_word' id='word_1_477' title='bbox 1224 3330 1264 3372; x_wconf 87' lang='lat' dir='ltr'>est</span> 
     </span>
     <span class='ocr_line' id='line_1_93' title="bbox 729 3393 1263 3460; baseline 0 -16"><span class='ocrx_word' id='word_1_478' title='bbox 729 3406 850 3460; x_wconf 86' lang='lat' dir='ltr'>respectu</span> <span class='ocrx_word' id='word_1_479' title='bbox 869 3393 1040 3444; x_wconf 83' lang='lat' dir='ltr'>dimissionis</span> <span class='ocrx_word' id='word_1_480' title='bbox 1054 3410 1116 3460; x_wconf 85' lang='lat' dir='ltr'>quae</span> <span class='ocrx_word' id='word_1_481' title='bbox 1138 3394 1263 3446; x_wconf 89' lang='lat' dir='ltr'>omnium</span> 
     </span>
     <span class='ocr_line' id='line_1_94' title="bbox 729 3465 1262 3531; baseline -0.002 -16"><span class='ocrx_word' id='word_1_482' title='bbox 729 3465 789 3525; x_wconf 86' lang='lat' dir='ltr'>fuit,</span> <span class='ocrx_word' id='word_1_483' title='bbox 805 3465 882 3515; x_wconf 88' lang='lat' dir='ltr'>etita</span> <span class='ocrx_word' id='word_1_484' title='bbox 896 3465 1097 3531; x_wconf 89' lang='lat' dir='ltr'>quodammodo</span> <span class='ocrx_word' id='word_1_485' title='bbox 1110 3475 1262 3531; x_wconf 85' lang='lat' dir='ltr'>respectum</span> 
     </span>
     <span class='ocr_line' id='line_1_95' title="bbox 728 3536 1264 3603; baseline 0 -16"><span class='ocrx_word' id='word_1_486' title='bbox 728 3537 810 3587; x_wconf 88' lang='lat' dir='ltr'>habet</span> <span class='ocrx_word' id='word_1_487' title='bbox 823 3536 855 3587; x_wconf 87' lang='lat' dir='ltr'>ad</span> <span class='ocrx_word' id='word_1_488' title='bbox 869 3537 962 3587; x_wconf 86' lang='lat' dir='ltr'>omnia</span> <span class='ocrx_word' id='word_1_489' title='bbox 986 3537 1108 3588; x_wconf 90' lang='lat' dir='ltr'>dimissa.</span> <span class='ocrx_word' id='word_1_490' title='bbox 1123 3538 1184 3588; x_wconf 85' lang='lat' dir='ltr'>Non</span> <span class='ocrx_word' id='word_1_491' title='bbox 1201 3552 1264 3603; x_wconf 86' lang='lat' dir='ltr'>ergo</span> 
     </span>
     <span class='ocr_line' id='line_1_96' title="bbox 728 3608 1264 3674; baseline 0 -16"><span class='ocrx_word' id='word_1_492' title='bbox 728 3608 842 3658; x_wconf 91' lang='lat' dir='ltr'>redeunt</span> <span class='ocrx_word' id='word_1_493' title='bbox 855 3619 986 3674; x_wconf 86' lang='lat' dir='ltr'>quantum</span> <span class='ocrx_word' id='word_1_494' title='bbox 1009 3608 1041 3657; x_wconf 90' lang='lat' dir='ltr'>ad</span> <span class='ocrx_word' id='word_1_495' title='bbox 1072 3609 1210 3658; x_wconf 84' lang='lat' dir='ltr'>matulam</span> <span class='ocrx_word' id='word_1_496' title='bbox 1237 3617 1264 3658; x_wconf 85' lang='lat' dir='ltr'>et</span> 
     </span>
     <span class='ocr_line' id='line_1_97' title="bbox 727 3677 1260 3746; baseline 0.002 -18"><span class='ocrx_word' id='word_1_497' title='bbox 727 3688 848 3741; x_wconf 84' lang='lat' dir='ltr'>reatum;</span> <span class='ocrx_word' id='word_1_498' title='bbox 870 3678 916 3727; x_wconf 88' lang='lat' dir='ltr'>sed</span> <span class='ocrx_word' id='word_1_499' title='bbox 939 3689 1071 3744; x_wconf 89' lang='lat' dir='ltr'>quantum</span> <span class='ocrx_word' id='word_1_500' title='bbox 1091 3678 1124 3728; x_wconf 85' lang='lat' dir='ltr'>ad</span> <span class='ocrx_word' id='word_1_501' title='bbox 1144 3677 1260 3746; x_wconf 76' lang='lat' dir='ltr'>ingrati-</span> 
     </span>
     <span class='ocr_line' id='line_1_98' title="bbox 726 3748 1259 3817; baseline 0.002 -18"><span class='ocrx_word' id='word_1_502' title='bbox 726 3748 859 3799; x_wconf 87' lang='lat' dir='ltr'>tudinem.</span> <span class='ocrx_word' id='word_1_503' title='bbox 882 3748 934 3809; x_wconf 82' lang='lat' dir='ltr'>Qui</span> <span class='ocrx_word' id='word_1_504' title='bbox 950 3748 1024 3800; x_wconf 88' lang='lat' dir='ltr'>enim</span> <span class='ocrx_word' id='word_1_505' title='bbox 1045 3759 1104 3815; x_wconf 91' lang='lat' dir='ltr'>post</span> <span class='ocrx_word' id='word_1_506' title='bbox 1122 3760 1259 3817; x_wconf 84' lang='lat' dir='ltr'>acceptam</span> 
     </span>
     <span class='ocr_line' id='line_1_99' title="bbox 726 3818 1258 3885; baseline 0.006 -18"><span class='ocrx_word' id='word_1_507' title='bbox 726 3818 914 3869; x_wconf 86' lang='lat' dir='ltr'>remissionem</span> <span class='ocrx_word' id='word_1_508' title='bbox 943 3820 975 3869; x_wconf 90' lang='lat' dir='ltr'>ad</span> <span class='ocrx_word' id='word_1_509' title='bbox 1004 3830 1140 3885; x_wconf 86' lang='lat' dir='ltr'>peccatum</span> <span class='ocrx_word' id='word_1_510' title='bbox 1170 3820 1258 3875; x_wconf 83' lang='lat' dir='ltr'>redit.</span> 
     </span>
     <span class='ocr_line' id='line_1_100' title="bbox 726 3889 1259 3957; baseline 0.004 -19"><span class='ocrx_word' id='word_1_511' title='bbox 726 3889 811 3955; x_wconf 89' lang='lat' dir='ltr'>magis</span> <span class='ocrx_word' id='word_1_512' title='bbox 846 3890 990 3955; x_wconf 85' lang='lat' dir='ltr'>delinquit,</span> <span class='ocrx_word' id='word_1_513' title='bbox 1027 3890 1101 3956; x_wconf 90' lang='lat' dir='ltr'>quod</span> <span class='ocrx_word' id='word_1_514' title='bbox 1136 3889 1259 3957; x_wconf 83' lang='lat' dir='ltr'>ingratus</span> 
     </span>
     <span class='ocr_line' id='line_1_101' title="bbox 725 3963 1262 4027; baseline 0.002 -13"><span class='ocrx_word' id='word_1_515' title='bbox 725 3974 799 4015; x_wconf 89' lang='lat' dir='ltr'>tanto</span> <span class='ocrx_word' id='word_1_516' title='bbox 818 3963 947 4015; x_wconf 87' lang='lat' dir='ltr'>beneficio</span> <span class='ocrx_word' id='word_1_517' title='bbox 967 3964 1084 4027; x_wconf 88' lang='lat' dir='ltr'>exstitit;</span> <span class='ocrx_word' id='word_1_518' title='bbox 1110 3974 1137 4014; x_wconf 88' lang='lat' dir='ltr'>et</span> <span class='ocrx_word' id='word_1_519' title='bbox 1158 3965 1197 4015; x_wconf 88' lang='lat' dir='ltr'>ita</span> <span class='ocrx_word' id='word_1_520' title='bbox 1211 3966 1262 4015; x_wconf 90' lang='lat' dir='ltr'>in-·</span> 
     </span>
    </p>
   </div>
   <div class='ocr_carea' id='block_1_4' title="bbox 0 0 1321 4320">
    <p class='ocr_par' dir='ltr' id='par_1_5' title="bbox 0 0 1321 4320">
     <span class='ocr_line' id='line_1_102' title="bbox 0 0 1321 4320; baseline 0 0"><span class='ocrx_word' id='word_1_521' title='bbox 0 0 1321 4320; x_wconf 95' lang='lat' dir='ltr'> </span> 
     </span>
    </p>
   </div>
  </div>
 </body>
</html>
