2632 4312
307 282 354 332 DE
373 282 525 333 PUSILLlS
545 282 620 333 NON
640 282 947 336 SCANDALIZANDlS.
1143 302 1178 354 49

10 408 13 441 ι
84 392 125 445 ino
135 397 259 447 recordari
271 397 349 448 timet
363 408 432 448 stare
448 408 508 448 ante
520 413 587 448 con-

10 474 13 509 l
83 474 179 529 spectum
189 467 236 517 Dei
252 485 259 517 ε
274 488 288 514 n
304 468 361 518 hoec
373 469 505 519 Basilius.

10 546 13 554 '
104 536 255 599 BQuouooo
271 557 360 591 noran
381 558 476 592 caonas
498 544 589 592 Auca-

10 615 14 646 :
80 624 151 661 torua
166 627 238 661 nouo
258 623 392 663 associum
413 630 546 665 nanetus.
558 643 589 651 -

10 700 14 710 ·
79 678 173 747 thuia
196 682 322 733 homines
346 684 429 734 beatis
449 684 589 751 spiritibus

10 772 14 780 ·
75 752 175 805 wiardi
212 765 287 815 sunt,
321 755 419 807 idcirco
454 757 499 807 hic
527 769 590 808 nota

10 845 14 861 ἡ
74 824 131 889 quod
144 825 299 892 quicunque
322 826 350 876 in
372 828 488 879 Ecclesia
504 839 554 888 est,
564 839 590 879 et

10 912 12 921 ·
72 896 173 948 maxime
189 899 217 947 in
239 899 378 965 religione,
397 900 520 961 fideliter,
535 901 589 951 hu-

69 968 157 1021 militer
173 981 200 1021 et
220 971 315 1022 devote
332 972 474 1023 ministret.
491 975 524 1023 Et
541 974 589 1040 qui

65 1054 164 1109 propter
173 1044 262 1094 Deum
276 1044 394 1095 infirmis
404 1055 430 1096 et
441 1047 591 1112 peregrinis

10 1134 12 1139 ’
63 1126 104 1163 teu
133 1114 299 1179 pauperibus
328 1124 355 1165 et
387 1115 440 1165 sibi
473 1116 589 1167 invicem

61 1182 165 1235 utitatc
199 1184 315 1235 fraterna
346 1186 530 1247 subveniunt,
560 1187 590 1237 in

60 1252 146 1319 primo
165 1255 251 1321 gradu
274 1257 433 1319 consistent,
455 1259 591 1325 Angelicis

57 1326 199 1393 spiritibus
220 1329 362 1395 coaequati.
390 1358 421 1368 —-
448 1330 501 1390 Qui
528 1326 592 1382 vero'

56 1396 178 1449 oratione
209 1408 236 1449 et
266 1399 410 1451 devotione
432 1400 592 1452 familiarius

56 1470 112 1521 Deo
138 1470 293 1533 intendunt,
316 1484 342 1523 et
367 1474 499 1539 proximis
515 1491 590 1525 suam

54 1540 219 1604 doctrinam,
233 1544 388 1607 consilium,
407 1548 592 1614 auxiliumque

55 1611 230 1679 impendunt,
252 1615 281 1665 in
297 1618 415 1667 secundo
429 1620 521 1683 gradu,
545 1621 593 1670 Ar·

53 1682 219 1751 changelicis
237 1685 378 1751 spiritibus
394 1688 549 1740 inferentur.
561 1717 593 1727 -

56 1756 91 1807 lit
104 1756 154 1823 qui
168 1770 329 1810 seexercent
343 1760 369 1809 in
380 1761 516 1827 patientia,
526 1763 593 1813 obe-

55 1826 173 1888 dientia,
200 1838 228 1880 et
247 1832 398 1883 voluntaria
430 1844 593 1900 paupertate,

57 1908 86 1951 et
115 1900 284 1963 humilitate,
313 1918 461 1970 omnesque
482 1905 594 1955 virtutes

56 1969 163 2023 fortiter
185 1983 325 2039 peragunt,
346 1975 456 2025 tertium
482 1976 593 2040 gradum

55 2056 123 2093 cum
136 2042 290 2095 Virtutibus
300 2047 486 2096 conscendent.
498 2075 527 2083 -
541 2046 594 2106 Qui

56 2122 148 2163 autem
162 2113 239 2163 vitiis
248 2124 274 2164 et
288 2116 508 2181 concupiscentiis
521 2118 595 2167 relu-

57 2192 172 2243 ctantes,
184 2184 323 2235 diabolum
337 2201 399 2236 cum
410 2186 513 2237 cunctis
527 2203 594 2253 sug-

55 2252 230 2321 gestionibus
243 2266 429 2319 contemnunt,
449 2257 478 2308 in
500 2269 596 2324 quarto

57 2326 145 2393 gradu
184 2342 246 2377 cum
279 2328 458 2380 Potestatibus
497 2330 595 2380 trium-

57 2396 148 2463 phum
176 2396 270 2463 gloria
295 2399 470 2451 obtinebunt..
486 2430 518 2437 —
541 2401 594 2460 Qui

58 2482 126 2517 vero
148 2466 179 2517 in
203 2467 329 2528 Ecclesia,
344 2469 496 2520 animarum
519 2486 595 2521 curas

57 2548 87 2590 et
99 2538 256 2604 praelaturas
277 2539 330 2590 sibi
353 2541 510 2591 commissas
528 2541 596 2592 bene

58 2618 161 2676 regunt
188 2618 214 2659 et
242 2609 416 2671 ministrant,
444 2613 596 2663 animarum

58 2680 146 2733 lucris
167 2679 211 2731 die
224 2691 358 2748 noctuque
373 2683 552 2749 invigilantes,
571 2696 597 2736 et

57 2754 161 2805 talenta
189 2754 243 2805 sibi
262 2755 360 2805 credita
382 2771 491 2807 summo
511 2773 597 2808 cona-

59 2824 138 2877 mine
161 2824 342 2891 duplicantes3
362 2826 390 2875 hi
413 2842 476 2877 cum
493 2828 598 2878 Princi-

59 2898 171 2965 patibus
192 2897 222 2948 in
252 2898 349 2963 quinto
376 2901 458 2965 gradu
485 2901 599 2966 gloriam

59 2968 139 3037 regni
159 2984 210 3036 pro
229 2970 320 3020 labore
339 2985 389 3020 suo
412 2971 598 3036 possidebunt.

60 3042 157 3103 -Qui
179 3052 271 3093 autem
290 3042 389 3093 divinae
413 3044 542 3109 majestati
555 3061 599 3095 re-

58 3122 185 3167 verenter
206 3129 269 3165 cum
294 3112 369 3163 omni
395 3114 493 3164 humili
507 3115 600 3179 subje-

59 3186 152 3237 ctione
176 3200 207 3235 se
233 3183 374 3251 inclinant,
411 3195 437 3235 et
468 3201 517 3251 pro
542 3187 600 3251 ejus

59 3256 149 3323 gloria
163 3270 277 3306 omnem·
291 3254 431 3306 hominem
447 3267 601 3307 reverentur

61 3338 89 3381 et
109 3326 247 3395 diligunt,
270 3337 297 3378 et
319 3328 454 3394 siquidem
481 3329 600 3395 seipsos,

61 3397 128 3467 quia
141 3400 176 3449 ad
198 3398 345 3465 imaginem
371 3398 418 3449 Dei
446 3399 507 3450 facti
526 3410 600 3459 sunt,

61 3470 119 3521 Deo
127 3467 211 3520 etiam
222 3480 355 3534 quantum
373 3481 487 3535 possunt
500 3485 530 3520 se
543 3486 602 3521 con-

62 3538 191 3599 formant,
204 3552 312 3589 carnem
326 3554 403 3589 suam
417 3538 522 3605 spiritui
539 3539 603 3590 sub-

62 3608 193 3677 jicientes,
207 3620 234 3661 et
250 3608 416 3662 incentivum
435 3610 601 3661 mortifican-

63 3692 115 3741 tes,
134 3680 231 3731 animo
257 3696 306 3732 suo
327 3681 506 3742 dominantes,
524 3691 550 3732 et
568 3681 602 3731 ad

29 3754 33 3761 '
63 3751 398 3817 ooelmdanansferentes3
417 3753 528 3805 hicum
553 3754 603 3803 Do

64 3821 267 3875 minationibus
285 3822 313 3873 in
325 3833 400 3875 sexto
420 3825 505 3891 gradu
518 3825 604 3875 exsul·

64 3894 172 3947 tabunt.
192 3922 225 3935 ·-
245 3894 299 3955 Qui
316 3910 381 3947 veto
399 3896 499 3947 sedulae
522 3896 604 3947 medi·

127 4012 205 4065 Vtra
224 4010 290 4065 Jnu
308 4010 431 4076 (lamet,
447 4026 536 4065 nouus
549 4010 596 4067 lll.

648 397 743 448 tationi
759 409 785 449 et
795 400 1014 465 contemplationi
1025 401 1185 457 inserviunt,

648 483 678 518 ac
703 469 792 519 cordis
822 470 1000 535 munditiam,
1038 482 1063 522 et
1086 475 1186 525 mentis

648 540 868 606 tranquillitatem
884 544 1080 608 amplectendo,
1105 546 1186 611 quie-

648 613 786 663 tissimum
802 614 829 664 in
841 631 870 665 se
892 616 947 665 Deo
962 618 1089 669 exhibent
1104 619 1186 669 habi-

649 685 783 748 taculum,
823 686 871 751 qui
913 688 1011 738 merito
1045 690 1185 754 paradisus

649 756 697 805 Dei
710 756 836 821 appellari
853 755 989 818 dicuntur,
1007 759 1080 823 juxta
1095 760 1161 810 illud
1177 779 1184 811 :

650 827 763 878 Deliciae
787 841 853 879 meae
878 840 941 879 sunt
955 844 1015 881 esse
1034 847 1093 882 cum
1111 834 1185 898 filiis

649 900 791 963 hominum,
815 901 847 949 de
871 901 971 966 quibus
990 903 1070 952 etiam
1096 905 1183 955 dicit:

650 970 797 1021 Ambulabo
817 971 844 1020 in
866 972 914 1034 eit,
938 979 963 1022 et
980 974 1105 1025 habitabo
1125 991 1183 1027 cum

649 1044 698 1106 eit,
720 1043 748 1092 in
763 1043 878 1108 septimo
900 1046 983 1110 gradu
998 1046 1117 1097 Thronis
1137 1065 1184 1100 so·

649 1116 802 1166 elabuntur.
814 1144 843 1152 —
856 1117 915 1176 Qui·
929 1128 1018 1168 autem
1032 1120 1143 1171 scientia
1158 1131 1184 1172 et

650 1186 803 1252 cognitione
812 1187 906 1237 ceteris
917 1189 1046 1248 eminent,
1062 1191 1109 1256 qui
1123 1192 1183 1241 sin-

651 1256 736 1323 gulari
758 1257 923 1307 beatitudine
951 1259 1037 1309 Deum
1058 1259 1124 1311 facie
1150 1264 1183 1313 ad

650 1328 760 1388 faciem,
791 1338 882 1377 mente
911 1328 1049 1389 illustrata,
1074 1333 1185 1398 conspi-

651 1401 735 1459 ciunt,
750 1410 776 1450 et
792 1416 822 1450 ea
840 1415 901 1466 quae
914 1416 947 1450 ex
965 1401 1024 1468 ipso
1036 1403 1108 1454 fonte
1122 1421 1185 1455 om·

652 1471 695 1521 nis
711 1470 849 1535 sapientiae
865 1472 1002 1531 hauriunt,
1020 1489 1068 1538 per
1086 1475 1186 1525 doctri-

652 1557 715 1591 nam
742 1551 768 1591 et
784 1540 1011 1592 illuminationem
1026 1544 1141 1593 aliorum
1157 1545 1185 1594 in

653 1612 743 1677 ipsum
759 1612 915 1671 refundunt,
934 1611 961 1661 in
986 1625 1078 1664 octavo
1093 1631 1187 1666 ascen-

653 1682 739 1731 sionis
759 1682 852 1747 gradu,
869 1697 929 1731 cum
952 1681 1111 1734 Cherubicis
1128 1686 1187 1751 spi-

653 1753 759 1811 ritibus,
776 1753 944 1802 locabuntur.
954 1755 1029 1803 —Et
1041 1757 1087 1821 qui
1100 1758 1187 1807 Deum

654 1835 710 1874 toto
746 1823 825 1873 corde
848 1833 874 1873 et
899 1834 987 1873 mente
1012 1825 1139 1891 diligunt,
1162 1839 1188 1877 et

653 1896 710 1963 igni
728 1905 836 1954 aeterno,
858 1895 906 1960 qui
926 1896 998 1945 Deus
1011 1907 1051 1946 est
1066 1913 1094 1947 se
1117 1908 1188 1949 totos

655 1971 827 2035 immergunt,
850 1969 929 2034 eique
953 1970 1085 2021 simillimi
1115 1971 1186 2034 facti,

653 2043 707 2106 jam
736 2056 791 2089 non
821 2054 880 2099 suo,
906 2040 951 2089 scd
968 2041 1061 2090 divino
1078 2058 1187 2104 amore,

654 2112 723 2162 sicut
736 2110 824 2160 dilecti
848 2110 882 2159 ab
908 2110 967 2175 ipso
986 2122 1057 2171 sunt,
1072 2113 1189 2179 diligunt

654 2184 745 2235 omnia
772 2183 801 2234 in
830 2185 904 2244 Deo,
930 2193 957 2234 et
983 2195 1037 2234 tam
1065 2185 1189 2237 inimicos

654 2273 736 2323 quarn
775 2257 876 2306 amicos
923 2256 1040 2323 diligunt
1081 2270 1189 2324 propter

655 2329 752 2386 Deum,
769 2342 838 2392 quos
852 2326 962 2392 quidem
989 2328 1023 2377 ab
1037 2343 1128 2378 amore
1143 2330 1188 2379 ni-

655 2401 695 2450 hil
710 2408 799 2465 potest
817 2398 978 2464 disjungere,
1004 2415 1050 2449 seu
1072 2401 1189 2465 impedi-

655 2486 692 2533 re,
708 2469 771 2535 quia
791 2484 846 2534 quo
860 2469 946 2533 magis
968 2468 1072 2519 inimici
1094 2471 1122 2519 in
1144 2487 1190 2521 eos

656 2543 813 2606 insurgunt,
840 2557 871 2590 eo
903 2540 1017 2591 validius
1045 2542 1073 2590 in
1099 2558 1190 2593 amore

657 2613 761 2663 unitivo
780 2612 989 2669 convalescunt,
1014 2611 1084 2660 nihil
1109 2613 1190 2662 ctiam

657 2680 848 2732 consolationis
861 2690 887 2730 et
901 2681 1036 2730 commodi
1053 2692 1190 2747 tempora-

658 2753 691 2802 lis
705 2751 854 2818 requirunt,
878 2749 931 2800 nisi
952 2752 1025 2816 quod
1040 2752 1072 2800 ad
1084 2752 1191 2802 laudem

659 2836 684 2876 et
699 2824 812 2892 gloriam
825 2823 872 2873 Dei
885 2834 995 2888 spectat,
1009 2839 1101 2874 amore
1111 2825 1191 2875 etiam

659 2909 713 2948 tam
729 2896 841 2947 ferventi
852 2895 954 2946 accensi
972 2905 997 2944 et
1010 2895 1144 2956 inebriati,
1159 2898 1192 2947 ad

659 2971 746 3019 Deum
764 2982 812 3033 per
831 2967 907 3016 mille
930 2976 1031 3017 mortes
1063 2968 1192 3027 transire,

659 3040 782 3104 exemplo
797 3037 990 3101 Apostolorum
1001 3048 1025 3086 et
1035 3039 1192 3088 Sanctorum

659 3129 713 3162 non
728 3110 1029 3174 lormidan130mnibus
1044 3111 1117 3161 enirn
1133 3128 1192 3176 poe-

660 3183 703 3232 nis
717 3192 741 3232 et
762 3180 982 3232 tribulationibus
999 3182 1104 3245 spretis,
1128 3197 1193 3246 pro-

659 3263 718 3320 pter
744 3252 875 3303 fervorem
895 3251 1047 3301 dilectionis
1065 3252 1093 3301 in
1115 3267 1194 3301 carne

661 3325 782 3386 mortali,
801 3337 827 3376 et
846 3325 900 3374 vita
921 3325 1058 3390 praesenti,
1086 3340 1193 3375 omnem

662 3398 775 3448 tolerant
800 3396 942 3462 gaudenter
956 3396 1116 3455 molestiam,
1133 3395 1194 3444 feli-

661 3470 726 3521 citer
739 3468 849 3535 quidem
863 3468 891 3516 in
909 3467 1060 3533 semetipsis
1073 3467 1195 3517 ardentes

662 3553 687 3594 et
705 3541 772 3593 alios
788 3541 969 3600 accendentes,
988 3540 1024 3590 ita
1036 3549 1075 3598 ut,
1093 3539 1114 3588 si
1130 3556 1196 3604 pos-

663 3622 731 3672 sent,
761 3626 856 3662 omnes
881 3610 1006 3660 homines
1039 3608 1067 3658 in
1104 3608 1198 3660 deifico

663 3697 753 3732 amore
778 3680 995 3737 inflammarent,
1020 3688 1045 3727 et
1068 3678 1198 3743 perfectos

663 3754 787 3814 iacerent,
813 3762 844 3803 ut
878 3767 939 3802 curn
964 3748 1032 3815 ipsis
1061 3752 1197 3815 arderent3

663 3826 710 3892 qui
732 3825 813 3875 etiam
829 3823 944 3874 aliorum
958 3822 1023 3872 vitia
1043 3832 1070 3873 et
1084 3832 1198 3889 peccata,

662 3905 791 3962 tanquam
810 3893 927 3960 propria,
950 3893 1055 3959 lugent;
1072 3909 1121 3944 nec
1139 3908 1199 3959 quae

1086 4023 1106 4072 4
