2632 4320
140 351 175 405 72
439 335 615 388 SECUNDAE
636 333 760 386 PARTIS
774 334 892 387 CAPUT
908 335 954 388 IX.

141 450 258 518 pretium
272 451 345 517 ejus;
361 457 388 502 et
401 451 490 502 emnia
507 466 567 517 quoe
584 451 671 514 dubet,

141 523 242 579 scilicet
257 523 422 589 temporalia,
447 524 512 589 quia
536 533 591 573 tota
604 523 672 573 sub-

141 593 240 647 stantia
258 608 306 644 sua
320 609 368 660 pro
383 593 569 659 magnitudine
583 592 673 643 delicti

142 665 257 717 traditur
274 667 435 732 quandoque
455 666 606 729 extraneis;
632 667 673 716 vel

142 737 232 789 omnia
244 751 304 802 quse
319 737 431 802 spiritus
445 738 530 800 habet,
547 748 610 787 sunt
630 737 674 788 vi-

143 822 186 858 res
210 808 310 858 animae
333 818 359 860 et
381 808 518 875 corporis,
543 818 569 858 et
592 808 673 858 etiam

143 879 215 933 bona
227 880 366 941 exteriora,
379 895 441 946 quae
465 879 557 930 omnia
572 879 599 929 in
614 895 674 945 poe-

143 965 207 1003 nam
220 962 430 1013 commutantur,
446 962 477 1001 ut
489 967 568 1017 poena
581 951 674 1001 domi-

144 1031 223 1075 netur
251 1022 286 1084 ei,
315 1033 446 1089 quantum
471 1023 504 1073 ad
530 1023 624 1073 omnia
647 1023 674 1074 in

140 1095 242 1161 quibus
264 1096 397 1162 peccavit3
424 1098 495 1147 unde
516 1096 641 1147 subditur
666 1113 674 1146 :

141 1172 168 1218 et
178 1156 265 1229 reddi,
278 1177 342 1217 tunc
352 1168 425 1218 enim
437 1168 558 1218 debitum
574 1167 675 1233 peccati

141 1237 272 1297 redditur,
292 1253 353 1287 cum
364 1254 412 1304 pro
423 1254 454 1288 eo
465 1254 549 1303 poenae
557 1237 675 1305 pretium

141 1308 297 1359 exsolvitur.
313 1309 463 1360 Procidens
481 1316 569 1360 autem
581 1323 678 1361 seruus

141 1380 196 1444 ille,
217 1380 244 1430 id
266 1390 307 1431 est
328 1393 458 1448 peccator,
474 1398 521 1448 per
540 1382 676 1449 poeniten-

141 1449 207 1502 tiam
225 1462 249 1501 et
266 1452 447 1502 humilitatem
465 1453 518 1513 sui,
539 1452 587 1519 qui
600 1451 677 1518 prius

142 1521 220 1588 quasi
252 1524 351 1575 collum
380 1536 470 1576 contra
498 1525 585 1576 Deum
615 1539 676 1575 ere-

140 1602 224 1653 xerat,
232 1593 334 1645 .0bnixe
343 1602 425 1662 rogat
432 1610 499 1661 eum,
507 1596 614 1646 dicens:
624 1596 677 1645 Pa·

143 1663 262 1721 tientiam
285 1665 352 1716 hade
366 1667 392 1716 in
407 1682 456 1729 me,
468 1667 592 1716 donando
606 1665 675 1717 mihi

142 1733 203 1791 vitae
226 1745 250 1785 et
276 1737 438 1801 poenitentiae
460 1739 588 1804 spatium,
611 1754 675 1789 con-

142 1805 269 1856 donando
295 1807 433 1872 delictum,
450 1809 593 1860 relaxando
609 1825 676 1874 sup·

142 1876 267 1943 plicium3
278 1880 399 1930 etomnia
408 1880 520 1930 reddam
531 1881 586 1942 tibi,
595 1895 675 1945 opera

143 1948 280 1999 meritoria
307 1949 438 2010 faciendo,
465 1961 491 2000 et
513 1966 557 2003 me
580 1967 674 2002 emen-

142 2018 240 2080 dando,
253 2029 299 2070 tua
308 2021 434 2085 patientia
443 2031 619 2087 exspectatus,
630 2031 675 2072 tua

143 2088 228 2156 gratia
250 2100 411 2156 praeventus,
429 2101 474 2142 tua
491 2091 675 2142 misericordia

141 2160 257 2224 adjutus.
275 2161 408 2212 Miserius
427 2168 516 2212 autem
534 2163 672 2227 Dominus,

142 2229 207 2297 quia
232 2232 386 2283 misericors
405 2240 431 2284 et
453 2234 596 2285 miserator
616 2235 675 2285 Do-

142 2303 238 2367 minus,
260 2315 367 2369 paratus
381 2316 421 2356 est
438 2305 557 2357 misereri
572 2319 597 2357 et
611 2324 673 2373 par-

141 2388 200 2424 cere
210 2391 272 2426 vere
285 2377 487 2442 poenitentibus,
503 2379 575 2429 servi
589 2378 672 2442 illius,

141 2443 180 2495 sic
201 2446 364 2511 procidentis
387 2448 415 2498 in
440 2449 611 2510 contritione,
637 2450 674 2501 sic

141 2513 255 2569 dicentis
268 2517 298 2569 in
312 2519 488 2581 confessione,
503 2519 541 2571 sic
556 2521 673 2586 promit-

142 2587 224 2639 tentis
238 2589 271 2639 de
286 2589 481 2654 satisfactione;
498 2591 601 2642 dimisit
615 2606 673 2642 eum

141 2656 258 2709 liberum
272 2676 287 2710 a
301 2661 453 2727 captivitate
474 2663 569 2727 culpae,
584 2668 609 2714 et
626 2663 673 2713 de-

143 2724 224 2779 bitum
239 2730 341 2781 dimisit
363 2731 396 2793 ei,
412 2733 555 2783 relaxando
570 2743 673 2783 reatum

68 2812 73 2835 τ
143 2813 227 2864 poenae
240 2810 345 2850 aeternae
353 2817 361 2864 ;
378 2801 488 2852 dimittit
501 2813 598 2864 totum,
611 2805 675 2870 quia

144 2871 205 2937 plus
217 2873 261 2922 dat
276 2887 358 2938 quam
367 2885 483 2940 rogetur.
495 2874 574 2926 Unde
584 2875 674 2942 Chry·

143 2947 304 2994 sostomus:
336 2964 348 2990 a
371 2944 438 2995 Vide
462 2945 673 2998 misericordiam

143 3010 212 3077 Del;
237 3013 349 3078 petierat
368 3015 533 3076 dilationem,
551 3026 577 3066 et
599 3032 674 3067 acce-

143 3083 184 3151 pit
199 3084 321 3136 omnium
344 3098 513 3153 peccatorum
531 3089 672 3140 remissio-

142 3169 216 3206 nem.
232 3174 246 3203 n

173 3224 188 3276 3
224 3226 392 3279 Caunnuras
420 3244 495 3280 seavr
525 3246 672 3283 counouarr

140 3311 211 3349 raet
228 3313 391 3348 cousaavuu.
409 3327 439 3337 -
462 3299 604 3366 Egressus
618 3317 670 3352 au-

142 3375 193 3423 tem
219 3370 252 3423 de
273 3370 437 3436 obligatione
455 3373 553 3438 peccati
577 3388 671 3426 servus

139 3440 195 3506 ille,
223 3456 239 3492 a
262 3441 352 3491 debito
380 3442 490 3507 quidem
520 3443 598 3504 liber,
624 3447 670 3496 sed

140 3510 292 3580 iniquitatis
310 3527 411 3572 servus,
437 3522 463 3563 et
483 3513 671 3566 misericordiae

140 3579 254 3634 inventae
279 3583 389 3645 oblitus,
416 3582 515 3634 inuenit
537 3600 616 3636 unum
638 3587 671 3638 de

140 3653 277 3703 conservis
296 3654 362 3716 suis,
378 3653 405 3704 id
423 3662 463 3703 est
477 3654 509 3704 de
524 3656 670 3720 peccatori-

140 3723 193 3775 bus
213 3735 239 3775 et
262 3725 430 3787 hominibus,
452 3727 500 3793 qui
525 3738 587 3779 sunt
601 3730 669 3780 servi

140 3792 190 3845 Dei
210 3811 272 3847 cum
296 3798 365 3864 ipso,
390 3814 484 3849 omnes
504 3799 576 3851 enim
602 3816 670 3850 con-

141 3865 220 3928 servi,
235 3877 260 3918 et
274 3870 354 3920 unius
364 3869 472 3920 Domini
483 3870 553 3921 servi
564 3886 668 3933 sumus,

141 3946 169 3991 et
192 3953 243 3991 nos
257 3948 283 3989 et
306 3939 419 4005 Angeli'3
446 3941 492 4007 qui
513 3941 624 3995 debebat
645 3943 671 3995 ei

725 457 828 502 centum
842 451 977 514 denarios,
994 451 1021 501 id
1043 460 1084 502 est
1098 467 1194 518 parum
1215 451 1259 505 ol-

726 519 812 572 fendit
836 536 909 582 eum,
926 530 952 572 et
969 522 997 573 in
1026 520 1132 572 modico
1154 531 1259 575 tenetur

726 591 879 657 respective,
907 592 971 659 quia
991 593 1093 643 offensa
1120 592 1149 642 itt
1166 593 1260 644 homi-

725 679 787 715 nem
809 666 915 716 modica
938 676 978 716 est
998 675 1120 732 respectu
1150 666 1258 718 offensae

725 737 880 789 commissae
895 737 924 789 in
938 738 1034 790 Deum.
1048 739 1155 789 Invenit
1167 748 1258 791 autem

726 805 755 856 in
774 807 865 857 animo
889 823 936 873 per
950 809 1162 861 recordationem
1185 809 1260 876 inju-

726 876 781 938 riae,
792 885 818 928 ei
833 885 923 930 tenens
936 880 1089 948 suffocabat
1101 894 1169 944 eum,
1181 880 1260 932 strin-

726 949 813 1013 gendo
836 959 861 1000 et
875 953 1012 1013 aretando,
1035 951 1100 1018 quia
1117 951 1260 1004 crudeliter

726 1021 814 1086 coegit
833 1037 895 1072 eum
916 1024 1026 1074 reddere
1051 1034 1077 1073 et
1096 1023 1259 1079 satisfacere.

727 1091 774 1142 llle
794 1091 943 1143 debitorem
964 1103 1045 1155 tenet,
1063 1094 1110 1160 qui
1125 1094 1260 1147 offensum

726 1171 800 1213 tenet
826 1163 855 1214 in
888 1165 1030 1226 memoria,
1060 1167 1109 1232 qui
1139 1167 1208 1219 iram
1234 1173 1260 1219 et

727 1232 821 1283 odium
848 1243 934 1286 servat
960 1235 989 1285 in
1012 1238 1100 1288 corde.
1125 1237 1260 1289 Suffocare

728 1314 768 1356 est
798 1308 964 1373 strangulare
991 1308 1033 1361 vel
1056 1307 1190 1376 stringere
1213 1323 1261 1377 per

728 1375 835 1442 gulam3
858 1388 884 1428 et
903 1378 968 1444 quia
990 1387 1097 1444 gutture
1111 1379 1260 1446 loquimur,

728 1447 773 1497 ille
792 1449 903 1500 suffocat
921 1450 1085 1515 proximum,
1108 1450 1156 1516 qui
1179 1451 1261 1503 verba

727 1519 907 1571 excusationis
933 1536 988 1570 non
1020 1521 1112 1584 audit;
1146 1520 1176 1573 in
1205 1537 1261 1589 quo

727 1589 878 1640 ostenditur
903 1591 1043 1641 austeritas
1065 1591 1093 1641 in
1116 1593 1261 1658 repetendo

727 1657 873 1709 vindictam
888 1675 903 1710 a
918 1660 1050 1726 proximo.
1072 1661 1150 1712 Unde
1167 1663 1261 1715 Remi·

727 1728 816 1793 gius.-
835 1748 849 1776 a
874 1730 1041 1780 Conservum
1071 1730 1204 1783 suffocare
1221 1743 1262 1785 est

727 1799 757 1850 in
780 1799 889 1852 fratrem
914 1817 961 1867 per
983 1802 1131 1853 vindictam
1153 1804 1262 1857 exarde-

728 1886 808 1924 scere.
837 1893 850 1922 u
883 1875 987 1925 Tenens
1016 1891 1080 1942 ergo
1107 1875 1262 1944 suffocabat

727 1958 794 2010 eum,
819 1946 938 1998 dicens:
961 1948 1055 1999 Redde
1077 1950 1148 2014 quod
1172 1950 1261 2015 debes,

727 2015 826 2068 scilicet
841 2026 1005 2069 tormentum
1018 2035 1065 2084 pro
1084 2019 1192 2085 injuria,
1211 2035 1262 2089 pro

726 2089 816 2139 verbis
835 2091 953 2141 verbera.
976 2092 1015 2141 Et
1030 2093 1177 2157 procidens
1196 2107 1262 2144 cen·

726 2172 820 2210 seruus
840 2160 906 2226 ejus,
927 2162 1046 2228 rogabat
1065 2177 1132 2224 eum,
1147 2163 1261 2214 dicens.-

726 2230 890 2280 Patientiam
904 2231 970 2282 luade
981 2233 1008 2282 in
1021 2248 1070 2297 me,
1086 2233 1113 2283 id
1128 2243 1170 2285 est
1182 2249 1261 2300 parce

726 2299 812 2363 mihi;
831 2307 857 2351 et
871 2302 960 2351 omnia
974 2303 1086 2353 reddam
1098 2305 1155 2355 tibi.
1174 2303 1260 2365 Quasi

726 2370 850 2421 diceret:
874 2372 984 2423 Paratus
1011 2389 1083 2436 sum,
1109 2376 1261 2427 secundum

726 2442 933 2508 possibilitatem
961 2461 1050 2496 meam
1081 2447 1259 2512 satisfacere;

726 2522 761 2579 et,
788 2524 817 2564 ut
843 2513 907 2564 dicit
934 2514 1085 2581 Remigius,
1106 2517 1258 2569 emendabo

725 2584 825 2649 judicio
845 2587 887 2636 vel
902 2586 1020 2636 consilio
1037 2588 1163 2639 Ecclesiae
1183 2590 1259 2655 quod

725 2657 836 2724 deliqui.
857 2660 972 2709 Attende
991 2660 1064 2725 quod
1084 2661 1177 2711 eadem
1194 2677 1259 2715 ver-

727 2730 760 2780 ba
779 2733 891 2797 protulit
918 2748 1063 2784 conservus
1092 2735 1258 2800 supplicans,

725 2800 824 2867 quibus
851 2803 1058 2869 supplicandoa
1079 2805 1197 2857 Domino
1220 2822 1261 2857 re·

726 2873 883 2924 missionem
913 2887 1046 2927 meruerat
1078 2878 1243 2930 malusser

709 2961 783 3016 vus.
798 2947 859 3006 Sed,
882 2957 912 2998 ut
937 2948 1004 2999 dicit
1033 2949 1257 3015 Chrysostomus,

725 3016 783 3067 haec
814 3018 896 3068 verba
930 3018 1052 3084 ingratus
1087 3034 1180 3071 servus
1213 3036 1261 3072 re·

724 3089 825 3140 veritus
856 3107 912 3140 non
937 3101 986 3152 est,
1017 3091 1118 3158 quibus
1141 3094 1260 3147 salvatus

724 3169 772 3210 est.
793 3160 845 3211 Ille
870 3168 957 3212 autem
979 3162 1064 3212 noluit
1085 3163 1185 3214 habere
1205 3179 1258 3229 pa-

723 3230 856 3292 tientiam,
869 3234 1019 3297 praestando
1029 3234 1197 3299 dilationem,
1209 3250 1259 3287 nec

723 3301 809 3353 voluit
824 3302 960 3353 dimittere
974 3303 1034 3353 sine
1052 3303 1172 3354 vindicta
1191 3320 1258 3357 ran-

723 3388 822 3436 corem,
846 3375 988 3425 ostendens
1018 3374 1203 3427 crudelitatem
1229 3376 1258 3427 itt

723 3445 804 3494 modo
815 3445 949 3510 repetendi
960 3445 1112 3496 vindictam.
1120 3445 1259 3498 UndeAu·

722 3515 849 3579 gustinus
863 3533 872 3566 .·
887 3533 901 3561 a
916 3515 977 3565 Non
992 3516 1072 3565 talem
1084 3516 1188 3567 invenit
1207 3516 1258 3568 iste

722 3599 891 3649 conservum,
915 3586 993 3651 quale
1014 3586 1089 3636 mille
1119 3587 1258 3639 invenerat

722 3656 879 3709 Dominum.
896 3657 974 3707 Petiit
986 3657 1032 3708 ille
1046 3657 1215 3723 dilationem,
1231 3670 1257 3713 et

723 3729 822 3780 meruit
839 3728 1046 3793 remissionem
1070 3731 1120 3781 iste
1136 3732 1184 3798 qui
1200 3733 1257 3783 mi-

722 3801 895 3851 sericordiam
909 3803 1015 3868 petebat
1028 3802 1176 3863 dilationis,
1191 3819 1256 3855 sen·

721 3871 757 3923 sit
771 3888 876 3939 poenam
888 3872 1079 3925 suffocationis.
1091 3893 1104 3921 o
1120 3875 1177 3926 Sed
1188 3875 1256 3927 abiit

722 3944 751 3997 in
762 3945 806 3997 via
817 3946 893 4008 Cain,
905 3961 921 3997 a
935 3946 1048 3997 naturali
1064 3947 1162 4012 pietate
1179 3962 1255 3999 rece-
