2632 4320
157 277 210 343 154

155 411 251 461 prosos
273 407 442 448 occurrentes
462 399 581 459 Christe,
600 399 686 465 signi-

154 465 247 516 ficatur
265 467 427 518 universitas
444 479 612 535 peccatorum
628 485 688 535 poe-

155 538 311 589 nitentium.
330 541 380 591 Vel
396 542 495 607 leprosi
519 543 627 610 signant
644 557 689 592 ens

155 611 202 676 qui
223 622 334 676 peccant
358 623 450 664 corttra
472 615 563 665 decem
590 630 689 680 praece-

156 691 200 746 pta
218 682 353 749 Decalogi,
366 685 491 736 varietate
512 697 688 752 peccatorum,

155 755 232 820 quasi
268 756 381 808 maculis
408 759 489 824 leprae
520 758 637 809 distincti
664 769 690 808 et

156 826 279 890 respersi.
304 827 388 878 Valde
404 840 493 880 autern
513 829 630 880 deterior
649 839 689 879 est

155 892 229 975 lepra
248 897 356 962 animae,
374 915 457 966 quam
471 901 545 965 lepra
561 901 689 965 corporis,

155 980 221 1031 quia
246 969 324 1050 pejor·
344 979 385 1020 est
408 970 545 1036 corruptio
568 971 689 1038 spiritus,

155 1052 238 1103 quam
252 1054 350 1090 carnis.

189 1109 203 1160 5
222 1110 349 1170 Quirinus
362 1129 491 1165 racmuna
508 1132 525 1164 1
539 1131 689 1166 1111111111

155 1196 249 1231 sanant
277 1197 405 1234 vossurs.
434 1213 465 1223 -
492 1186 575 1236 Debet
599 1196 689 1236 autem

155 1268 278 1320 peccator
294 1258 387 1307 volens
401 1258 498 1320 sanari,
515 1270 541 1310 et
561 1276 577 1310 a
594 1274 689 1324 pecca-

155 1337 245 1376 torum
269 1328 344 1393 lepra
368 1328 463 1390 curari,
494 1345 526 1380 eo
553 1331 634 1380 modo
662 1346 690 1380 se

156 1396 321 1463 habereque
337 1414 365 1449 se
384 1397 539 1451 habuerunt
553 1401 592 1450 illi
607 1402 690 1466 lepro-

155 1464 199 1515 si:
220 1467 309 1532 primo
323 1467 414 1535 itaque
425 1469 504 1520 debet
514 1471 580 1521 Jesu
591 1485 689 1521 occur-

155 1552 216 1588 tere
231 1554 277 1604 per
298 1539 456 1601 fidemnon
475 1543 547 1593 enirn
565 1542 691 1592 abhorret

154 1610 216 1675 pius
246 1612 382 1664 Dominus
410 1615 527 1680 aspicere
558 1616 690 1666 maculam

155 1684 237 1749 leprae
268 1696 382 1748 nostrae,
409 1689 456 1754 qui
483 1705 532 1755 pro
558 1689 667 1739 nobis'
662 1705 688 1738 11

154 1771 234 1806 cruce
248 1760 321 1809 velut
337 1760 460 1826 leprosus
479 1771 617 1827 reputatus
631 1771 688 1823 est3

153 1830 281 1891 secundo,
306 1832 384 1882 debet
405 1839 495 1896 stare,
519 1833 655 1899 surgendo
675 1849 691 1884 a

154 1902 276 1965 peccatis,
298 1913 324 1952 et
342 1904 470 1954 cessando
484 1905 520 1955 ab
536 1905 589 1966 eis,
602 1905 690 1965 tertio,

154 1970 233 2020 debet
248 1977 323 2022 stare
337 1987 355 2022 a
369 1973 457 2039 longe,
471 1989 547 2024 suam
561 1943 690 2024 vilitateni

151 2042 296 2094 humiliter
322 2047 536 2107 considerando,
563 2058 589 2097 et
617 2048 691 2098 valde

153 2115 348 2179 erubescend03
374 2128 480 2182 quarto,
502 2119 581 2168 debet
601 2119 691 2170 levare

154 2198 254 2245 vocem,
274 2186 376 2236 scilicet
399 2188 432 2238 de
457 2188 589 2253 profundo
611 2190 691 2239 corde

155 2255 184 2304 in
197 2257 368 2308 contritionis
384 2259 466 2310 verba
481 2261 689 2325 prorumpendo,

152 2337 180 2378 et
195 2339 298 2394 peccata
313 2347 370 2392 sua,
387 2348 443 2382 non
456 2333 553 2396 aliena,
564 2334 691 2385 confiten-

152 2397 202 2461 d0;
229 2401 342 2466 quinto,
369 2403 447 2455 debet
474 2404 561 2455 dicere
589 2421 596 2454 :
622 2407 690 2457 Jesu

149 2480 313 2538 praeceptor,
335 2475 383 2526 nei
405 2475 616 2527 misericordiam
637 2476 690 2526 im·

152 2542 297 2607 plorando,
314 2561 374 2612 quae
388 2546 504 2596 maxime
520 2556 561 2597 est
574 2558 691 2613 peccato

153 2615 231 2667 ribus
258 2629 420 2684 opportuna.
453 2621 483 2670 ln
511 2619 563 2670 hoc
599 2631 688 2671 autem

152 2687 227 2749 quod
266 2688 400 2739 Dominus
436 2690 530 2741 videns
569 2691 689 2756 leprosos

152 2755 221 2805 dixit
240 2757 310 2808 eis:
334 2759 391 2823 Ite,
418 2759 549 2810 1111111111
572 2775 619 2810 vos
640 2776 689 2811 sa-

152 2829 324 2893 candoribus,
354 2797 499 2882 minifeste
529 2847 545 2882 a
571 2832 688 2883 Domino

150 2899 214 2950 Jesu
225 2902 361 2954 confessio
371 2903 533 2970 praecipitur,
548 2919 595 2970 per
606 2921 688 2971 quam

152 2971 226 3036 lepra
246 2972 356 3024 interior
376 2975 455 3025 saluti
473 2975 636 3026 ostenditur.
650 2977 688 3026 Ac

151 3041 175 3091 si
196 3042 235 3092 eis
248 3044 348 3096 diceret
363 3063 369 3096 t
384 3047 433 3110 Ite,
448 3063 464 3098 a
478 3047 640 3098 contritione
654 3049 687 3099 ad

151 3112 362 3176 confessionem,
377 3117 508 3167 ostendite
528 3132 577 3168 vos
592 3132 686 3169 sacer·

151 3185 267 3236 dotibus.
290 3186 360 3245 Quia
380 3187 444 3238 licet
465 3198 569 3253 peccata
590 3189 687 3239 remit-

149 3266 243 3308 tantur
262 3257 291 3307 in
307 3260 479 3320 enutritione,
494 3260 599 3311 dicente
618 3262 686 3311 Pro·

150 3327 252 3392 pheta:
267 3327 347 3392 Dixi,
362 3329 389 3379 id
406 3339 445 3380 est
463 3328 577 3379 firmiter
593 3331 684 3390 statui,

150 3401 304 3468 nertfilebor,
318 3407 343 3451 et
360 3408 389 3452 tu
400 3402 532 3452 remisisti
545 3402 609 3452 milti
616 3418 625 3462 ,·
642 3412 685 3454 ta-

149 3486 215 3522 men
247 3481 352 3522 tenetur
381 3472 465 3522 homo
496 3488 527 3522 ea
553 3471 685 3524 confiteri.

151 3541 228 3594 llnde
249 3544 311 3594 dum
330 3544 407 3606 irent,
429 3543 552 3593 mundati
571 3551 634 3594 sunt
656 3545 684 3594 in

149 3610 203 3672 via,
224 3613 290 3680 quia
310 3615 381 3664 Deus
402 3613 499 3663 virtute
518 3613 686 3664 contritionis

151 3695 317 3747 peccatorem
331 3685 443 3735 mundat
457 3684 581 3744 interius,
597 3685 685 3750 prius-

148 3770 232 3820 quam
252 3773 268 3808 a
286 3759 421 3808 sacerdote
435 3758 589 3807 absolvatur
609 3769 685 3808 exte-

149 3825 216 3877 rius.
240 3828 273 3878 Et
292 3829 471 3879 nihilominus
491 3843 520 3878 se
539 3828 685 3879 sacerdoti-

148 3895 201 3948 bus
216 3899 402 3963 ostenderunt3
418 3898 457 3949 sic
470 3907 495 3949 et
507 3908 546 3959 tu,
562 3899 585 3949 si
599 3898 684 3952 habes

447 282 626 333 SECUNDAE
646 280 771 333 PARTlS
786 279 904 331 CAPUT
920 277 994 328 xlx.
1041 300 1043 304 >

742 398 875 448 maculam
891 397 970 461 leprae
988 411 1021 446 ex
1039 393 1133 460 aliquo
1152 391 1272 454 crimine,

742 472 809 521 dum
820 471 929 520 vidente
946 478 973 518 te
986 465 1104 516 Domino
1122 464 1209 514 oculis
1222 463 1275 514 mi-

743 541 904 604 sericordiae,
922 539 998 590 vadis
1018 536 1160 587 ostendere
1181 544 1209 585 te
1231 549 1276 585 sa-

743 614 841 664 cerdoti
856 628 902 678 per
916 609 1112 662 confessionem
1127 607 1211 668 vocis,
1224 606 1277 656 nb-

742 687 798 737 viat
810 687 869 751 ipsa
882 685 963 745 salus,
978 694 1004 734 et
1018 680 1157 732 sanaberis
1174 695 1190 728 a
1203 679 1276 744 lepra

742 768 882 808 transactae
913 754 1072 822 iniquitatis.
1100 752 1160 802 Non
1186 759 1275 801 tamen

742 831 842 881 idcirco
857 828 964 879 omittas
978 837 1004 877 te
1019 825 1114 877 offerre
1126 824 1191 884 illis,
1204 838 1275 889 quo-

743 918 802 952 rum
820 900 921 967 iudicio
935 899 1054 949 mundus
1074 896 1192 955 haberis,
1206 893 1275 944 alio-

743 973 811 1039 quin
833 989 865 1023 ex
881 979 1037 1036 contemptu
1058 978 1085 1020 et
1102 964 1275 1032 negligentia,

744 1043 902 1095 immundus
920 1041 1078 1094 remanebis.

774 1113 791 1164 6
804 1115 875 1175 Qun>
893 1129 1005 1165 1111111
1019 1114 1279 1162 81111111111111111-

743 1201 842 1235 1111111
852 1200 1003 1235 uovsuanrt
1013 1197 1066 1232 nou
1077 1175 1277 1230 nsvanrmss?

742 1258 859 1310 —Unus
867 1267 957 1309 autem
968 1272 1015 1322 qur
1007 1254 1106 1306 rediit
1119 1249 1279 1303 universalis

743 1328 866 1380 Ecclesiae
884 1328 1025 1385 unitatem,
1042 1341 1090 1375 seu
1104 1323 1169 1373 illos
1184 1321 1231 1388 qui
1249 1319 1277 1369 in

743 1403 845 1453 unitate
860 1401 982 1453 Ecclesiae
995 1409 1060 1450 sunt
1071 1397 1203 1463 designat,
1217 1407 1278 1460 que

744 1491 791 1541 pro
808 1473 937 1526 beneficio
950 1472 1052 1540 gratiae,
1075 1480 1163 1537 grates
1181 1467 1278 1519 referre

745 1565 798 1600 non
812 1559 910 1613 cessam
925 1561 1097 1598 novemvero
1113 1542 1163 1609 qui
1176 1557 1278 1592 reman-

742 1629 844 1679 serunt,
862 1587 923 1669 illria
944 1616 992 1684 qui
1012 1626 1086 1666 extra
1106 1622 1172 1664 sunt
1186 1609 1279 1677 expri-

744 1700 839 1750 munt,
860 1705 909 1740 seu
929 1687 976 1754 qui
998 1696 1059 1752 post
1076 1695 1213 1749 acceptam
1234 1697 1278 1732 re-

744 1761 902 1812 missionem
919 1759 1067 1810 criminum
1085 1772 1101 1807 a
1117 1753 1278 1820 perfectione

744 1832 877 1898 Deeslogi,
899 1846 946 1897 per
968 1829 1098 1880 unitatem
1118 1826 1278 1885 subtractam

743 1905 902 1965 deficiendo,
913 1911 1002 1969 grates
1011 1917 1059 1966 pro
1074 1897 1160 1981 gratia
1171 1897 1280 1947 reddere

745 1984 932 2026 contemnunt
961 1973 1058 2023 Decem
1085 1969 1170 2051 igitur
1194 1983 1278 2018 mun-

744 2048 855 2129 dantur,
884 2046 930 2098 sed
954 2059 1027 2095 unus
1054 2041 1153 2108 gratias
1182 2037 1277 2098 refert,

743 2119 808 2185 quia
822 2117 922 2169 multi
916 2133 945 2167 1n
959 2114 1130 2166 confessione
1144 2111 1278 2162 mundan-

744 2200 796 2248 tur,
812 2191 858 2240 sed
875 2204 929 2239 non
943 2202 1039 2244 omnes
1053 2182 1205 2234 Dominum
1218 2183 1277 2232 lau·

743 2262 816 2311 dant.
834 2261 887 2320 Qui
902 2259 976 2310 enim
991 2268 1121 2337 tanquam
1137 2269 1219 2304 canes
1231 2267 1276 2304 re·

741 2341 883 2382 vertuntur
911 2331 944 2380 ad
973 2327 1126 2388 vomitum,
1155 2323 1186 2376 hi
1213 2332 1276 2375 sunt

743 2416 841 2452 novem
853 2401 900 2467 qui
915 2409 976 2466 post
989 2400 1112 2464 adeptam
1128 2397 1279 2475 sanitatem,

743 2488 796 2522 non
814 2472 961 2523 laudabant
983 2469 1144 2520 Dominum.
1162 2467 1197 2518 Et
1215 2463 1277 2532 quia

742 2543 819 2610 pauci
832 2553 898 2593 sunt
912 2541 1056 2607 respective
1070 2538 1118 2604 qui
1134 2535 1203 2604 grati
1216 2542 1278 2586 sunt

742 2615 776 2666 de
800 2613 937 2664 beneficiis
961 2610 1094 2678 largitatis
1115 2607 1228 2666 divine,
1250 2615 1277 2656 et

742 2697 883 2738 remanent
896 2685 924 2735 in
940 2694 1059 2765 reparata
1071 2680 1200 2743 sanitate3
1216 2677 1275 2729 ideo

741 2768 846 2808 tantum
863 2773 935 2808 unus
957 2755 1099 2807 revertitur
1121 2753 1190 2803 dans
1214 2750 1274 2817 glo·

741 2832 809 2879 riam
829 2830 893 2881 Deo.
910 2831 966 2880 Deo
987 2827 1062 2878 enim
1079 2823 1197 2894 gloriam
1213 2823 1274 2873 dare

738 2910 789 2964 cst,
806 2911 927 2966 percepta
945 2899 1044 2966 peccati
1065 2895 1108 2947 sui
1130 2893 1276 2951 curatione,

741 2971 771 3021 in
792 2971 871 3022 bonis
894 2970 1022 3036 operibus
1044 2980 1222 3034 perseverare.
1239 2961 1275 3015 Et

742 3045 786 3096 lric
802 3056 843 3096 est
862 3043 1054 3102 Samaritanus,
1070 3039 1120 3106 qui
1140 3039 1273 3104 interpun-

740 3126 812 3167 tatur
834 3121 938 3178 eustor;
960 3129 1023 3165 nam
1052 3111 1091 3162 illi
1117 3120 1184 3160 sunt
1207 3105 1272 3188 grati

740 3187 811 3247 Deo,
835 3186 883 3252 qui
908 3201 937 3236 se
960 3183 1117 3235 custodiunt
1137 3195 1155 3230 a
1176 3178 1272 3247 peecan'

739 3258 863 3309 recidiva.
885 3256 922 3307 Er
940 3266 981 3307 est
1001 3254 1167 3319 alienigena,
1183 3252 1274 3303 dicens

740 3347 802 3382 cum
822 3330 975 3397 Apostolos
997 3330 1062 3380 Non
1083 3327 1213 3378 habentus
1231 3323 1274 3376 liic

739 3409 884 3454 maantam
907 3401 1051 3463 civitatem,
1074 3399 1123 3449 sed
1146 3396 1274 3464 sutram

739 3475 906 3541 inquirimus
933 3473 1004 3523 Hinc
1030 3471 1184 3537 colligitur,
1210 3467 1275 3536 quia

741 3545 769 3595 hi
792 3544 838 3611 qui
866 3545 994 3594 deberent
1019 3557 1076 3593 csse
1101 3539 1274 3625 111311311ξί

739 3617 857 3667 Domino
881 3627 907 3667 et
927 3614 1081 3676 familiares,
1100 3625 1131 3666 ut
1153 3612 1272 3672 litterati,

739 3689 841 3753 praelati
857 3698 882 3738 et
896 3687 1000 3747 divites,
1012 3687 1115 3754 quibus
1130 3685 1272 3739 scientiam

739 3757 813 3808 dedit
831 3759 873 3808 vel
890 3773 968 3823 opes,
989 3757 1076 3823 magis
1095 3767 1162 3807 sunt
1182 3757 1208 3808 ei
1229 3754 1272 3807 in-

739 3829 816 3895 grati,
836 3845 948 3896 seseque
968 3831 1094 3896 elongant
1114 3829 1150 3880 ab
1168 3845 1211 3893 eo,
1226 3842 1273 3879 nec

739 3899 858 3953 referunt
873 3900 925 3952 sibi
940 3901 1038 3967 gratias
1052 3900 1122 3951 sicut
1135 3899 1272 3967 simplices
