2632 4320
138 274 172 325 38
447 274 619 325 SECUNDAE
637 274 762 324 ramis
780 274 898 325 CAPUT
913 277 946 327 V.

137 392 260 443 conversi
274 391 398 456 surrilis,
418 402 538 441 svestra
559 390 674 441 elatione

136 475 166 517 et
176 465 335 531 majoritatis
352 465 512 524 ambitione,
530 472 556 515 rt
574 465 673 531 efficia-

137 536 212 599 mini,
234 535 318 601 gratia
342 545 370 585 et
386 550 433 600 per
446 535 584 598 virtutem,
605 535 675 584 sicut

134 609 246 674 parvuli
266 617 331 658 suut
343 618 440 659 natura
454 618 480 659 et
492 624 539 674 per
558 618 673 667 aetatem,

138 677 258 729 scilicet:
269 678 350 728 mites
356 689 384 728 et
396 679 561 738 innocentes,
573 678 676 742 simpli·

138 766 185 803 ces
196 760 222 802 et
236 751 364 815 humiles,
378 767 408 802 ac
417 751 492 817 parvi
503 761 590 802 vestra
599 766 676 816 repu-

136 821 254 886 tatione;
263 839 318 871 uon
326 823 415 873 solum
425 823 576 888 majores-itt
589 836 674 886 regno

136 891 265 942 coelorum
288 907 346 941 non
363 893 447 952 eritis,
474 908 567 942 verum
591 892 673 942 etiam

137 962 205 1012 illud
230 978 281 1014 nou
306 964 453 1027 intrabitis,
480 963 546 1029 quia
567 978 615 1013 nec
645 962 673 1011 in

136 1035 286 1087 Ecclesiam
300 1054 348 1104 per
362 1039 500 1096 meritum,
517 1039 606 1088 necin
621 1037 675 1101 glo-

136 1106 204 1157 riam
216 1124 263 1172 per
272 1109 430 1174 praemium;
443 1109 588 1175 utrobique
597 1108 673 1159 enim

136 1179 263 1231 Christus
277 1191 317 1230 est
328 1181 445 1244 ostium,
455 1190 481 1231 et
491 1181 557 1246 quia
570 1180 672 1230 ostium

136 1250 242 1300 humile
261 1261 288 1301 et
306 1261 481 1301 mansuetum
500 1261 550 1311 est,
567 1260 674 1316 oportet

137 1320 283 1371 intrantem
304 1321 439 1371 humilem
460 1332 487 1372 et
501 1332 674 1371 mansuetum

136 1407 201 1442 esse.
217 1392 241 1440 Ο
261 1407 344 1456 quarn
359 1392 479 1442 terribile
500 1402 540 1442 est
562 1392 675 1442 verbum

135 1461 221 1512 iemdl
236 1461 272 1512 Et
281 1461 343 1528 quis
357 1472 399 1512 est
409 1462 489 1512 hodie
503 1463 573 1512 sicut
581 1477 677 1526 parru-

136 1534 192 1585 lus?
208 1535 286 1585 Certe
311 1551 370 1586 rara
390 1536 449 1586 avis
470 1546 512 1586 est
537 1536 565 1585 in
587 1535 675 1585 terris.

137 1604 201 1656 Rari
223 1616 288 1655 sunt
310 1606 351 1656 illi
369 1607 467 1670 hodie;
486 1617 516 1657 et
535 1606 595 1657 ideo
610 1607 677 1655 mul-

137 1684 197 1729 tum
216 1692 362 1740 possumus
378 1677 533 1727 formidare.
553 1677 580 1726 Si
601 1677 676 1726 enim

138 1747 263 1799 diabolus
274 1761 383 1815 propter
393 1751 548 1816 superbiam
562 1750 595 1800 de
608 1751 676 1800 coelo

137 1821 238 1888 ejectm
259 1834 309 1886 est,
331 1825 417 1874 multo
435 1823 525 1889 magis
543 1824 676 1888 superbus

137 1894 202 1974 illuc
214 1911 269 1946 nou
281 1897 399 1959 intrabit,
412 1897 485 1963 quia,
502 1907 533 1946 ut
546 1895 616 1945 dixit
631 1896 678 1945 ali

139 1978 226 2030 ques:

141 2109 264 2176 Turpius
284 2110 401 2176 ejicitur,
419 2125 498 2175 quam
513 2125 564 2160 non
580 2111 677 2160 admit-

482 2180 558 2244 llitm·
568 2181 674 2246 hospes.

138 2318 174 2370 Et
187 2319 253 2384 quia
270 2319 408 2370 daemones
429 2320 493 2370 inde
513 2321 589 2386 ejecti
611 2331 675 2371 sunt

138 2406 186 2457 per
200 2391 364 2456 superbiam,
384 2392 444 2442 ideo
459 2403 566 2457 oportet
580 2393 674 2443 homi-

116 2502 119 2507 <
138 2477 186 2513 nes
200 2462 263 2512 illuc
273 2461 364 2512 venire
375 2478 422 2528 per
436 2462 518 2513 aliam
533 2463 604 2514 viam
616 2481 676 2514 con-

138 2532 260 2592 trariam,
284 2532 385 2583 scilicet
414 2549 461 2599 per
490 2534 674 2584 humilitatem

139 2603 190 2654 Per
203 2605 345 2669 parvulum
353 2619 418 2669 ergo
429 2604 487 2654 vult
500 2604 616 2670 intelligi
627 2606 675 2654 hu-

139 2673 242 2732 milem,
254 2689 286 2723 eo
301 2674 382 2723 modo
395 2675 523 2740 loquendi
536 2691 591 2740 quo
603 2675 674 2724 dici-

140 2752 184 2793 tur
200 2743 237 2792 de
250 2744 331 2792 Saulo
346 2760 353 2792 z
369 2744 438 2793 Cum
450 2758 523 2794 esses
540 2746 674 2808 paruulus

140 2816 168 2866 ia
181 2815 266 2865 oeulis
280 2816 345 2866 tuis.

168 2885 185 2935 8
211 2887 350 2936 Purnrrue
374 2902 548 2937 corurrromrs
565 2904 675 2938 riomxrs

139 2972 268 3006 emereri
286 2973 483 3007 propinemus
504 2973 625 3008 sternier.
644 2987 674 2995 -

140 3027 218 3079 Unde
238 3028 329 3077 dicens
353 3028 489 3077 Dominus
504 3029 592 3079 :Nisi
610 3044 673 3094 ergo

138 3097 291 3164 efficiamini
314 3099 383 3148 sicut
401 3100 522 3165 parvuli,
545 3116 599 3150 non
619 3102 674 3150 vult

138 3169 211 3236 quod
237 3167 386 3219 efficiamur
409 3170 514 3233 parvuli
538 3171 673 3229 sensibus,

138 3239 185 3290 sed
205 3238 323 3303 malitia;
340 3255 396 3288 non
415 3248 502 3297 aetate,
515 3241 561 3288 sed
576 3241 674 3289 condi-

138 3313 222 3373 tione,
233 3323 264 3363 ut
276 3312 411 3372 videlicet,
436 3312 553 3364 formam
565 3313 674 3364 virtutis

136 3399 229 3450 quam,
251 3394 344 3433 natura
362 3383 443 3442 duce,
457 3399 524 3449 puer
540 3385 673 3442 observat,

137 3470 188 3505 nos
211 3470 260 3521 pro
286 3453 399 3504 nomine
428 3454 540 3514 Christi,
566 3456 675 3519 juvante

137 3524 248 3575 rationis
266 3525 408 3584 industria,
422 3540 585 3590 sequamur;
599 3525 673 3591 quia,

137 3608 169 3649 ut
188 3599 226 3649 ait
245 3601 417 3662 Ambrosius
439 3615 494 3649 non
516 3598 603 3650 virtus
624 3611 672 3661 est,

68 3678 72 3687 “
139 3685 195 3719 non
208 3685 287 3733 posse
307 3685 433 3738 peccare,
445 3671 491 3721 sed
503 3670 582 3720 nolle.
596 3672 674 3722 Unde

137 3740 175 3791 ait
190 3740 396 3808 Hieronymus:
408 3760 422 3789 e
433 3742 494 3792 Non
520 3740 675 3806 precipitur

139 3811 276 3878 Apostolis
294 3823 324 3863 ut
342 3825 448 3865 aetatem
476 3812 593 3862 habeant
617 3828 674 3877 par-

140 3882 275 3945 tutorum,
293 3884 339 3934 sed
356 3883 588 3949 innocentiam3et
599 3885 672 3952 quod

728 390 767 440 illi
788 405 834 456 per
854 406 941 440 annos
954 391 1105 456 possident,
1123 389 1151 439 hi
1175 391 1264 455 possi-

727 463 809 513 deant
824 479 871 529 per
898 463 1070 523 industriam,
1092 473 1122 513 ut
1149 463 1262 525 malitia,

728 550 783 583 non
808 534 949 599 sapientia,
976 533 1081 599 parvuli
1099 533 1163 594 sint.
1182 535 1221 583 Ac
1240 533 1264 583 si

727 604 798 655 dicat
812 621 819 655 ι
832 605 907 654 Sicut
920 604 971 654 iste
983 605 1112 670 parvulus
1126 605 1205 668 cujus
1219 619 1262 653 vo

728 677 770 727 bis
799 679 953 744 exemplum
973 677 1074 737 tribuo,
1098 693 1154 727 non
1178 691 1265 742 perse·

729 758 802 798 verat
837 749 865 798 in
899 748 1051 810 iracundia,
1090 764 1145 798 nou
1184 749 1264 797 laesus

728 822 870 882 meminit,
908 839 964 872 non
991 824 1089 874 videns
1121 823 1263 888 pulchram

728 896 871 945 mulierem
885 896 1038 957 delectatur,
1058 912 1112 945 non
1132 895 1206 944 aliud
1224 910 1265 944 co-

728 964 794 1030 gitat
816 975 843 1014 et
862 964 936 1014 aliud
957 965 1094 1031 loquitur;
1116 965 1154 1014 sic
1173 973 1265 1014 etrus

728 1036 783 1086 nisi
803 1037 883 1086 talem
908 1037 1060 1087 habueritis
1080 1035 1264 1086 innocentiam

728 1116 754 1155 et
773 1106 857 1156 animi
882 1106 1038 1171 puritatem,
1057 1122 1172 1172 regnum
1189 1106 1267 1154 coelo

728 1191 789 1224 rum
812 1192 866 1225 non
888 1175 1014 1240 poteritis
1031 1176 1139 1226 intrare.
1157 1195 1170 1221 n
1187 1176 1265 1225 Unde

728 1257 754 1298 et
766 1249 820 1299 Leo
837 1249 930 1314 Papa:
946 1268 959 1294 e
974 1250 1055 1299 Amat
1073 1248 1203 1299 Christus
1221 1248 1266 1297 in-

728 1320 839 1371 fantiam
854 1321 1017 1372 humilitatis
1037 1320 1205 1388 magistram,
1227 1321 1265 1370 in·

729 1394 865 1444 nocentiae
883 1395 1014 1460 regulam.
1030 1395 1092 1444 Non
1108 1395 1142 1444 ad
1161 1394 1264 1444 lubrica

729 1466 859 1525 infantiae,
880 1478 906 1519 et
937 1468 970 1516 ad
1001 1467 1157 1532 imperfecta
1185 1465 1296 1516 nobis'

728 1540 878 1604 primordia
911 1542 1099 1590 revertendum
1133 1550 1184 1599 est,
1217 1540 1264 1588 sed

728 1609 802 1660 aliud
816 1610 981 1676 quodetiam
998 1626 1091 1676 graves
1114 1626 1200 1660 annos
1223 1611 1267 1660 de·

728 1692 792 1731 reat.
809 1682 874 1731 lnde
885 1683 1035 1732 sumendus
1050 1692 1090 1733 cst
1104 1683 1182 1733 relos
1194 1698 1267 1732 com-

729 1752 884 1801 motionum
899 1753 1038 1811 transitus,
1051 1752 1123 1803 citus
1130 1753 1163 1802 ad
1173 1769 1265 1817 pacem

729 1837 863 1882 recursus,
886 1824 962 1873 nulla
984 1823 1115 1872 memoria
1133 1823 1266 1873 offensio-

728 1895 781 1954 nis,
800 1895 873 1945 nulla
887 1894 1022 1960 cupiditas
1029 1895 1177 1961 dignitatis,
1190 1910 1267 1945 arnor

728 1964 807 2015 sociae
821 1965 989 2023 delectionis,
1004 1965 1146 2030 aqualitss
1156 1976 1267 2015 natura-

705 2046 708 2051 ·
728 2036 800 2086 lis.»
816 2036 895 2086 Unde
915 2035 998 2086 etiam
1012 2035 1161 2086 Hilarius:
1178 2055 1191 2081 e
1207 2037 1266 2086 Par·

727 2104 786 2156 vuli
820 2116 923 2171 patrem
956 2117 1124 2172 sequuntur,
1150 2117 1265 2156 matrem

727 2186 832 2235 amant,
838 2176 961 2242 proximo
972 2178 1043 2227 mala
1052 2177 1120 2227 velle
1129 2177 1267 2239 nesciunt,

728 2265 819 2300 curam
848 2265 934 2316 opum
957 2251 1113 2317 negligunt,
1138 2266 1196 2300 nou
1219 2251 1267 2300 in-

727 2322 872 2380 solescunt,
899 2337 952 2371 non
978 2322 1084 2380 odiunt,
1103 2337 1160 2371 uon
1186 2337 1268 2371 men·

727 2390 843 2448 duntur,
863 2390 997 2456 dictisque
1018 2391 1140 2450 credunt,
1153 2402 1179 2442 et
1191 2391 1266 2458 quod

727 2460 842 2510 audiunt
854 2477 950 2511 verum
961 2461 1070 2511 habent.
1087 2461 1119 2511 Et
1132 2461 1191 2511 haec
1202 2477 1267 2510 om-

728 2531 805 2581 nium
817 2530 987 2582 affectionum
998 2542 1135 2597 assumpta
1150 2532 1230 2581 nobis
1242 2541 1269 2580 et

727 2603 893 2652 consuetudo
916 2613 942 2653 et
967 2604 1104 2660 voluntas,
1123 2599 1267 2652 ⁴coelerum

728 2673 780 2722 iter
791 2674 920 2738 premium
933 2685 1050 2739 praestat.
1065 2674 1266 2723 Revertendum

728 2743 812 2809 igitur
829 2745 922 2811 estad
947 2744 1149 2809 simplieitatem
1172 2742 1267 2792 inl-rn-

727 2815 806 2873 tium‚
822 2814 887 2880 quia
909 2815 938 2863 in
960 2829 990 2864 ea
1012 2814 1267 2878 collocatispeeieni

728 2885 900 2933 Dominicam
923 2884 1164 2934 circumferemus:
1181 2904 1194 2930 n
1209 2885 1269 2933 herc

727 2955 865 3004 Hilarius.
879 2953 915 3004 Et
930 2957 1078 3005 notandum
1096 2956 1171 3021 quud
1195 2971 1266 3021 pue-

727 3025 789 3075 ritia
812 3041 897 3092 usque
922 3026 956 3076 ad
981 3038 1108 3092 quartum
1127 3026 1266 3076 decimum

726 3114 828 3149 annum
844 3100 933 3159 durat,
947 3115 995 3165 per
1009 3102 1082 3166 quod
1103 3101 1267 3166 intelliget<

726 3180 771 3220 tur
784 3172 986 3237 quatuordecim
1002 3171 1191 3237 proprietates,
1203 3187 1266 3237 qum

726 3242 825 3293 debent
847 3258 906 3293 esse
926 3244 954 3292 in
979 3244 1101 3303 homine,
1124 3243 1172 3309 qui
1204 3258 1263 3292 sta-

727 3314 843 3363 tuendus
857 3324 898 3364 est
910 3315 984 3378 juxta
1000 3314 1162 3364 Christum:
1177 3314 1270 3378 primae

726 3395 776 3444 est,
790 3386 862 3451 quod
875 3403 942 3452 puer
953 3386 1044 3452 paucis
1058 3397 1100 3435 est
1111 3396 1270 3440 contentus.

727 3466 755 3506 et
775 3456 803 3506 in
827 3457 878 3507 hoc
902 3468 942 3507 est
965 3457 1117 3519 sobrietas,
1139 3457 1270 3513 secunda,

727 3529 800 3594 quod
813 3543 879 3592 puer
894 3529 969 3578 sedet
986 3527 1015 3577 in
1030 3529 1150 3594 pulvere,
1165 3539 1191 3577 er
1209 3528 1269 3577 haec

727 3609 769 3648 est
783 3599 937 3662 humilitas3
954 3599 1033 3650 tertia
1051 3611 1104 3659 est,
1120 3601 1194 3665 quud
1210 3616 1267 3648 non

728 3670 810 3721 sentit
830 3680 920 3720 motus
940 3669 1044 3730 carnis,
1058 3681 1086 3720 er
1108 3669 1137 3718 in
1160 3670 1213 3719 hoc
1225 3681 1267 3719 est

727 3740 849 3803 castitas3
873 3751 967 3806 quarta
984 3751 1035 3799 est,
1056 3741 1131 3806 quod
1148 3740 1266 3790 libenter

726 3814 772 3864 dat
789 3814 821 3864 de
836 3829 903 3880 pane
920 3829 980 3873 suo,
993 3824 1021 3863 et
1036 3814 1065 3862 in
1080 3813 1184 3863 horest
1196 3813 1276 3863 libe—

727 3886 833 3950 ralitas3
846 3885 1002 3954 quintaest,
1019 3886 1092 3951 quod
1108 3885 1269 3951 parentibus
