2632 4320
136 251 195 319 ,178

139 364 221 432 ceptis
249 363 357 428 injuriis
390 363 518 430 injuriam
541 364 671 424 reddere,

139 434 195 486 imo
220 445 246 486 et
271 434 404 500 adjunctis
425 437 486 487 aliis
515 435 672 504 patientiam

139 507 271 573 praebere?
294 508 376 568 Quasi
401 508 475 558 enim
499 521 673 576 sycomorum

137 595 187 631 nos
215 581 356 630 ascendere
381 581 517 632 Dominus
542 577 672 648 praecipit,

140 665 203 700 cum
231 649 296 700 dicit
322 668 328 700 :
354 652 408 713 Qui
426 652 519 716 aufert
543 663 602 718 quae
628 656 672 699 tua

141 726 211 784 suut,
225 735 257 770 ne
270 727 384 788 repetas.
400 741 413 770 u
425 723 458 772 Et
472 737 581 772 rursum
596 737 603 770 :
617 738 631 767 a
641 718 674 770 Si

140 790 201 856 quis
228 797 254 840 te
287 793 454 856 percusserit
477 791 504 842 in
532 791 673 842 dexteram

141 862 294 926 maxillam,
317 865 411 930 praebe
437 864 480 914 illi
502 869 527 914 et
549 864 673 913 alteram.

143 931 194 982 Per
206 948 381 1001 sycomorum
393 935 526 985 Dominus
542 933 674 985 transiens

142 1006 268 1066 cernitur,
285 1006 349 1073 quia
368 1022 415 1072 per
435 1007 504 1057 hanc
526 1006 673 1072 sapientem

143 1077 295 1138 stultitiam,
308 1078 357 1128 etsi
378 1079 478 1129 nedum
495 1079 579 1130 solide
592 1088 621 1127 ut
635 1087 675 1127 est

143 1150 207 1214 iam,
221 1161 312 1200 tamen
327 1166 374 1216 per
385 1149 619 1216 contemplationis
629 1150 674 1199 lu-

142 1235 213 1280 men,
229 1219 277 1270 Dei
299 1221 436 1286 Sapientia
455 1220 532 1286 quasi
548 1221 576 1270 in
589 1230 675 1269 trans-

144 1291 182 1342 itu
205 1292 319 1342 videtur.
348 1293 401 1352 Qui
424 1308 487 1343 vero
508 1293 536 1342 in
556 1293 623 1342 elata
642 1292 674 1341 ad

143 1363 362 1428 conspiciendum
382 1364 469 1414 Deum
487 1363 575 1414 adhuc
599 1361 674 1428 cogi-

142 1434 277 1484 tationum
292 1450 402 1484 suarum
423 1435 500 1485 turba
514 1433 674 1500 deprehensi

143 1514 216 1565 sunt,
230 1505 364 1571 sycomori
378 1506 500 1556 arborem
519 1522 575 1555 non
597 1505 674 1555 inve-

143 1587 262 1627 nerunt:
280 1598 291 1623 u
307 1577 363 1628 haec
391 1579 551 1644 Gregorius.
580 1577 634 1629 Ubi
648 1588 674 1628 et

147 1650 309 1717 Theophilus
329 1669 337 1701 :
362 1652 441 1701 «Sed
464 1650 540 1701 facile
565 1653 616 1701 hoc
634 1660 674 1701 est

142 1724 175 1774 ad
193 1725 322 1774 moralem
342 1725 485 1776 utilitatem
510 1735 672 1791 retorquere.

143 1794 276 1861 Quisquis
297 1796 371 1846 enim
385 1796 509 1862 pluribus
522 1796 551 1846 in
572 1795 674 1846 malitia

143 1874 246 1931 praeest,
262 1882 359 1931 parvus
373 1877 413 1917 est
433 1876 534 1917 statura
546 1865 674 1932 spiritua-

143 1938 173 1996 li,
187 1949 213 1989 et
227 1956 280 1989 non
302 1951 389 2005 potest
410 1940 499 1991 videre
513 1941 604 1991 Jesum
621 1955 674 2004 prae

144 2010 230 2060 turba.
247 2011 315 2060 Nam
339 2011 480 2076 perplexus
505 2027 520 2061 a
543 2010 676 2076 passioni-

145 2079 196 2130 bus
217 2090 242 2130 et
257 2081 420 2131 secularibus
434 2081 523 2140 rebus,
536 2097 591 2130 non
601 2081 675 2146 aspi-

144 2149 279 2200 citJesum
288 2152 481 2210 ambulantem,
492 2152 519 2200 id
533 2152 611 2202 estin
624 2168 675 2202 no-

144 2218 185 2268 bis
209 2230 373 2285 operantem,
393 2222 498 2270 nullum
526 2237 594 2286 opus
617 2223 675 2286 ejus

145 2305 321 2354 cognoscens.
337 2289 467 2340 Ascendit
488 2301 578 2341 autem
595 2306 675 2356 super

143 2376 323 2426 sycomorum,
339 2361 366 2415 id
381 2372 421 2412 est
435 2377 516 2427 super
529 2362 673 2428 voluptatis

142 2431 319 2496 dulcedinem,
335 2447 395 2498 quae
410 2431 576 2498 significatur
587 2447 634 2498 per
646 2431 674 2482 fi-

142 2518 203 2553 cum
228 2503 380 2568 deprimens
394 2517 466 2566 eam;
483 2513 508 2553 et
530 2502 569 2552 sic
583 2503 672 2554 subli-

143 2575 214 2626 mior
224 2575 309 2626 factus
323 2575 402 2636 videt,
419 2584 445 2625 et
453 2574 558 2626 videtur
571 2575 673 2626 aChri·

143 2658 194 2698 sto.
208 2668 221 2696 u

129 2719 132 2724 '
174 2717 188 2766 3
206 2719 260 2767 Pan
271 2732 427 2768 srcouonuu
440 2732 625 2768 rorrsrarruu
636 2734 672 2767 ru-

141 2803 247 2838 rrmrar
258 2804 356 2838 srnrus
368 2802 571 2837 nrnrorosonuu.
583 2816 612 2824 —
624 2790 673 2838 Per

141 2873 312 2924 sycomorum
337 2856 417 2906 etiam
446 2866 532 2922 potest
557 2857 671 2923 intelligi

140 2927 244 2992 religio,
265 2927 338 2992 quia,
350 2937 380 2977 ut
400 2925 503 2976 dictum
521 2936 570 2987 est,
581 2927 670 2977 Latini

141 3013 312 3063 sycomorum
327 2998 427 3048 celsam
452 2997 610 3063 nominant;
633 3010 672 3049 est

141 3067 213 3118 enim
238 3068 372 3133 procerior
396 3078 423 3118 et
436 3068 515 3118 altior
534 3084 621 3129 moro,
645 3079 671 3119 et

141 3142 222 3193 habet
247 3140 348 3191 fructus
366 3142 518 3203 subdulces,
534 3142 581 3209 qui
599 3159 672 3193 nun-

141 3229 223 3280 quam
250 3211 282 3262 ad
301 3211 481 3262 maturitatem
502 3213 671 3278 perveniunt.

140 3287 184 3338 Sic
193 3294 277 3337 status
288 3283 427 3350 religionis
439 3294 479 3334 est
492 3285 570 3335 altior
581 3295 607 3335 et
613 3301 673 3351 pro·

139 3359 232 3419 cerior,
245 3355 308 3424 quia
327 3355 355 3404 in
371 3356 596 3420 contemplatione
613 3371 673 3406 con-

139 3431 210 3483 sistit
230 3440 256 3481 et
272 3438 372 3480 statum
386 3428 481 3477 mundi
499 3428 671 3478 transcendit.

138 3503 225 3554 Habet
234 3502 314 3554 etiam
329 3499 431 3550 fructus
450 3499 601 3560 subdulces,
614 3497 672 3549 fru-

138 3585 196 3628 ctus
208 3576 308 3628 scilicet
322 3572 557 3632 abstinentiarum,
566 3571 672 3637 vigilia-

138 3663 209 3709 rum,
221 3647 392 3713 jejuniorum,
401 3641 606 3709 ethujusmodi3
623 3641 670 3708 qui

138 3717 199 3767 licet
211 3719 243 3767 de
254 3732 283 3768 se
293 3716 348 3766 sint
363 3713 424 3764 duri
437 3723 463 3764 et
475 3712 571 3779 asperi,
582 3721 671 3762 tamen

140 3798 203 3838 sunt
227 3789 386 3847 subdulces,
420 3785 485 3853 quia
504 3783 672 3835 sustinentur

124 3874 229 3931 'amore
248 3859 398 3911 dulcedinis
414 3857 548 3925 paradisi3
562 3866 588 3909 et
599 3872 672 3908 nun·

404 247 579 299 SECUNDAE
594 245 719 297 PARTlS
734 245 851 297 CAPUT
864 247 959 298 XXIII.

728 377 809 422 quarn
833 360 865 412 in'
882 361 1064 413 maturitatem
1093 361 1264 429 perveniunt,

727 433 791 499 quia
805 433 907 486 fructus
921 434 1020 486 maturi
1040 444 1104 485 sunt
1118 434 1263 500 dulciores,

727 515 753 555 et
772 521 833 557 vera
847 505 942 573 religio
956 506 991 557 de
1016 506 1154 558 mundana
1168 507 1264 560 dulce-

727 578 789 629 dine
802 595 857 629 non
880 589 965 629 curat.
986 579 1038 629 Sed
1053 595 1213 646 sycomorus
1227 580 1266 631 fi-

726 667 773 701 cus
786 650 859 702 fatua
880 650 988 716 dicitur,
1004 651 1068 719 quia
1087 653 1121 703 ad
1147 653 1264 705 litteram

727 723 882 790 ingrediens
893 724 1053 791 religionem
1077 725 1168 776 fatuus
1180 741 1264 793 repu-

727 805 806 845 tatur.
843 795 921 846 Unde
947 804 1034 860 potest
1070 795 1159 846 dicere
1182 794 1264 847 illud

727 869 810 918 Amos
826 868 1035 921 :Armentarius
1060 883 1114 934 ego
1133 883 1192 919 sum
1207 869 1266 920 vel-

727 937 814 988 licans
831 952 999 1005 sycomoros.
1021 939 1103 989 lstam
1135 939 1263 990 arborem

727 1008 854 1058 Zachaeus
881 1007 1004 1074 pusillus,
1028 1007 1143 1059 humilis
1163 1008 1265 1060 scilicet

728 1077 878 1143 religiosus,
893 1078 1025 1138 ascendit,
1051 1089 1081 1129 ut
1109 1078 1199 1129 videat
1219 1080 1265 1130 Je-

728 1163 800 1212 sum,
829 1147 930 1198 scilicet
969 1156 1000 1197 ut
1026 1149 1146 1199 lucretur
1178 1148 1264 1209 vitam

727 1229 862 1279 aeternam,
878 1234 938 1286 quae
954 1220 983 1269 in
992 1219 1098 1272 visione
1107 1220 1157 1272 Dei
1171 1221 1266 1273 consi-

728 1291 783 1342 stit.
805 1291 856 1341 Sed
870 1290 934 1356 quia
957 1306 1055 1357 parvus
1069 1291 1122 1341 alte
1145 1307 1203 1341 non
1220 1308 1266 1358 po-

727 1374 779 1416 test
795 1364 934 1414 ascendere
952 1363 1011 1414 sine
1022 1364 1101 1423 scala,
1115 1364 1159 1414 vel
1170 1365 1267 1431 gradi·

728 1435 788 1496 bus,
802 1434 862 1484 ideo
884 1444 947 1484 sunt
958 1444 1013 1484 tres
1033 1432 1132 1498 gradus
1149 1433 1178 1482 in
1193 1434 1266 1485 scala

728 1505 866 1572 religionis
890 1522 897 1554 :
919 1521 990 1555 unus
1005 1514 1046 1554 est
1059 1504 1264 1560 abrenuntiatio

728 1578 842 1644 propriae
854 1578 1009 1637 uoluntatis,
1023 1594 1070 1644 per
1085 1588 1181 1629 votum
1196 1578 1266 1630 obe-

726 1650 846 1716 dientiae;
882 1652 1015 1702 secundus
1045 1661 1084 1701 est
1124 1650 1266 1702 abrenun-

727 1723 802 1773 tiatio
830 1722 1000 1789 proprietatis
1036 1723 1194 1789 exterioris,
1218 1739 1267 1790 per

726 1805 820 1845 votum
831 1795 1008 1861 paupertatis3
1019 1795 1114 1846 tertius
1138 1807 1181 1846 est
1199 1811 1267 1863 pro·

728 1863 822 1914 missio
841 1875 973 1930 perpetuae
987 1865 1124 1926 castitatis,
1145 1881 1194 1931 per
1216 1881 1266 1917 vo-

727 1945 786 1984 tum
803 1935 982 1986 continentia.
997 1936 1033 1986 Et
1050 1936 1117 1986 istos
1131 1947 1187 1986 tres
1201 1951 1264 2004 gra·

728 2005 779 2055 dus
794 2015 847 2055 tres
868 2004 913 2055 alii
928 2006 1026 2071 gradus
1041 2015 1160 2072 exparte
1176 2006 1264 2073 ipsius

728 2075 897 2127 ascendentis
911 2077 1063 2142 praecedunt
1077 2075 1204 2142 :primus
1225 2086 1265 2128 est

728 2156 899 2212 contemptus
921 2157 1104 2210 terrenorum
1119 2148 1263 2209 secundus,

727 2218 828 2271 oblivio
861 2219 979 2285 generis;
1015 2219 1131 2280 tertius,
1170 2219 1263 2271 odium

728 2289 833 2349 mundi,
860 2300 886 2341 et
909 2290 959 2340 ista
982 2290 1034 2340 tria
1061 2289 1173 2341 fuerunt
1194 2290 1264 2342 dicta

727 2360 842 2411 Abrahae
864 2375 879 2411 a
901 2360 1019 2411 Domino
1037 2361 1209 2427 :Egredere
1231 2361 1264 2412 de

727 2439 810 2494 terra,
827 2447 887 2483 ecce
906 2432 1018 2499 gradum
1038 2432 1175 2498 primum;
1194 2432 1262 2484 etde

726 2503 886 2568 cognatione
913 2508 978 2566 tua,
998 2517 1057 2552 ecce
1079 2502 1194 2568 gradum
1218 2517 1263 2553 se·

725 2573 859 2636 cundum;
891 2573 971 2624 etde
994 2574 1071 2624 domo
1091 2573 1184 2638 patris
1214 2573 1262 2635 tui,

725 2659 784 2694 ecce
810 2643 922 2709 gradum
954 2643 1076 2709 tertium;
1103 2648 1129 2693 et
1155 2643 1216 2694 ueni
1235 2643 1261 2694 iu

726 2722 826 2767 terram
853 2731 932 2780 quam
955 2721 1141 2766 monstravero
1158 2715 1216 2779 tibi,
1230 2715 1257 2766 id

724 2796 766 2837 est
780 2787 808 2836 in
822 2786 990 2852 religionem.
1007 2785 1041 2834 Hi
1054 2794 1118 2836 sunt
1128 2796 1183 2836 tres
1201 2801 1261 2854 gra-

725 2856 784 2915 dus,
796 2854 897 2920 quibus
911 2855 1101 2905 ascendebatur
1125 2856 1159 2905 ad
1180 2855 1259 2906 thro-

726 2942 792 2976 num
812 2925 974 2976 Salomonis.
996 2927 1049 2976 lste
1068 2926 1187 2977 thronus
1222 2935 1261 2977 est

724 2998 819 3065 religio
846 2999 875 3050 in
900 3015 953 3066 qua
990 2997 1126 3049 Dominus
1154 2997 1261 3057 residet,

725 3081 852 3138 tanquam
882 3071 911 3121 in
945 3070 1044 3121 throno
1084 3079 1111 3121 et
1138 3068 1261 3120 cathedra

725 3140 841 3207 speciali.
859 3140 936 3191 Unde
955 3150 981 3189 et
998 3140 1099 3190 Petrus
1117 3140 1261 3190 Ravamas

724 3221 801 3263 vocat
822 3210 982 3275 religionem
1010 3208 1177 3274 paradisum,
1202 3222 1261 3275 quae

726 3284 835 3350 propria
863 3283 968 3333 mansio
993 3281 1042 3332 Dei
1071 3291 1121 3342 est,
1146 3281 1262 3332 dicens:

714 3375 740 3407 ,α
762 3356 841 3407 Juxta
866 3354 1025 3405 sententiam
1049 3353 1139 3405 cordis
1163 3352 1229 3415 mei,
1239 3353 1261 3404 si

726 3424 865 3491 paradisus
887 3424 917 3474 in
939 3424 988 3474 hac
1003 3423 1058 3473 vita
1071 3422 1201 3489 praesenti
1214 3432 1262 3482 est,

725 3506 771 3547 aut
782 3497 811 3547 in
836 3497 962 3556 claustro,
977 3494 1068 3545 autin
1083 3494 1187 3545 scholis
1209 3502 1262 3557 est;

725 3567 859 3636 quidquid
873 3568 947 3618 eninr
969 3577 1043 3619 extra
1063 3567 1123 3618 haec
1135 3567 1192 3618 duo
1214 3576 1262 3625 est,

724 3639 836 3706 plenum
850 3647 891 3689 est
902 3637 1045 3698 anxietate,
1062 3636 1264 3705 inquietudine,

725 3708 913 3768 amaritudine,
936 3708 1095 3770 formidine,
1127 3708 1263 3760 sollicitu-

726 3781 933 3834 dineetdolore.
952 3801 965 3830 n
1041 3830 1045 3837 ,
1199 3774 1206 3793 “

758 3871 776 3920 4
803 3853 949 3915 Quamnar
964 3867 1045 3902 nurus
1058 3866 1164 3905 riorus
1175 3865 1265 3905 nouus
1306 3924 1308 3931 Ι
