2632 4320
146 289 195 342 DE
214 288 472 343 DIFFICULTATE
487 286 661 340 INTRANDI
681 284 828 337 DIVITEM
845 282 881 334 lN
900 280 1044 335 COELUM.
1127 278 1174 331 105

54 417 81 460 et
88 405 196 460 iudicis
204 420 361 458 assessores.
371 405 405 457 Et
418 405 477 457 liaee
489 411 530 456 est
538 419 593 455 mu·

56 478 125 530 latio
148 476 272 528 dexterae
288 476 413 528 Excelsi.
431 475 509 528 Unde
524 475 592 525 Ber·

56 548 161 600 witus
176 564 185 598 .·
199 566 214 594 a
228 547 350 599 iudicent
363 562 436 598 nunc
449 556 475 597 et
491 547 592 612 praeju·

54 620 146 673 dicent
159 619 295 685 superbiae
310 618 359 670 filii
373 633 436 669 cum
449 633 510 685 rege
531 632 590 677 suo,

54 691 168 742 sedeam
177 706 240 741 cum
253 705 286 740 eo
297 689 345 756 qui
356 688 409 740 sibi
423 688 504 740 latera
517 687 590 754 aqui·

54 760 128 813 lonis
147 761 239 828 elegit,
262 761 411 811 exaltentur
432 769 459 809 et
480 759 590 809 eleven-

54 841 100 883 tur
121 832 194 884 sicut
214 831 309 882 cedrus
329 829 435 890 Libani,
457 829 588 881 transibi-

53 918 117 955 mus
129 912 157 955 et
179 917 239 953 ecce
254 911 411 953 nonerunt.
427 899 589 967 opprimant

53 988 125 1024 nunc
147 987 221 1040 quos
244 981 365 1039 possunt,
390 971 588 1038 blasphement,

52 1054 220 1112 congregent
238 1044 388 1107 maledicta;
410 1044 520 1094 venient
539 1059 589 1093 su·

53 1132 101 1184 per
124 1132 179 1169 vos
204 1117 347 1168 maledicta
372 1115 517 1183 opprobria
537 1131 588 1181 op-

54 1190 231 1257 probantium
247 1187 364 1250 Christo,
378 1189 501 1256 quoniam
515 1202 587 1239 mer-

54 1274 98 1313 ces
110 1267 205 1313 vestra
226 1260 335 1327 copiosa
352 1266 393 1312 est
411 1259 438 1310 in
457 1258 532 1311 eoelis
547 1276 556 1308 .·
574 1277 586 1304 i

53 1329 111 1383 haee
123 1330 297 1382 Bernartius.

84 1402 197 1463 iim,
217 1417 376 1453 maturauit
390 1416 536 1453 accussaret.
558 1427 588 1437 -

53 1475 210 1527 Secundum
233 1475 375 1542 praemium
389 1485 438 1536 est,
453 1473 518 1541 quia
530 1489 589 1525 cen·

53 1549 161 1614 tuplum
180 1547 312 1613 recipient
332 1547 360 1597 in
383 1547 435 1597 hoc
456 1557 585 1612 tempore.

53 1617 129 1670 Unde
153 1616 222 1668 dicit
247 1634 254 1668 :
277 1617 317 1669 Et
338 1617 424 1670 omnis
446 1619 492 1684 qui
513 1618 586 1668 reli-

51 1692 137 1757 querit
160 1691 282 1754 domum,
306 1691 408 1743 scilicet
432 1691 582 1758 propriam,

53 1761 91 1813 vel
105 1762 222 1828 fratres
243 1767 271 1813 et
299 1775 421 1824 sorores,
451 1767 500 1812 aut
527 1776 584 1827 pa-

52 1836 131 1895 trem,
161 1837 212 1882 aut
233 1837 359 1894 matrem,
383 1837 432 1882 aut
459 1845 581 1893 uxorem,

54 1908 96 1952 aut
114 1902 202 1965 filios,
226 1901 254 1952 id
277 1912 317 1953 est
340 1902 517 1969 propinquos,
538 1907 587 1953 aut

54 1986 145 2038 agros,
165 1973 193 2023 id
216 1984 258 2025 est
278 1975 476 2039 possessionem
502 1982 586 2025 terre·

54 2056 123 2107 aam;
140 2044 190 2094 ubi
205 2045 293 2111 tangit
304 2044 481 2096 abdicationis
492 2054 586 2096 actum

56 2123 185 2178 quantum
206 2114 239 2165 sd
261 2114 321 2179 tria,
345 2115 446 2166 scilicet
468 2132 476 2166 :
497 2131 586 2182 quan-

56 2190 107 2235 tum
130 2185 166 2237 ad
192 2185 330 2252 propriam
355 2187 585 2249 dominationem,

57 2267 110 2320 quae
120 2255 287 2323 intelligitur
302 2272 348 2323 per
357 2258 479 2319 domum,
494 2273 585 2326 quan-

56 2329 106 2403 ,mm
118 2326 153 2377 ad
167 2326 302 2378 carnalem
319 2328 516 2393 cognationem,
528 2345 589 2396 quae

59 2398 210 2465 intelligitur
232 2415 279 2466 per
298 2401 513 2468 consanguineos
527 2403 584 2454 sive

10 2490 13 2497 ·
60 2470 229 2538 propinquos,
261 2482 393 2540 quantum
417 2475 449 2525 ad
474 2484 583 2541 ternpo-

62 2541 133 2594 ttlem
150 2545 362 2612 possessionem,
384 2561 444 2613 quae
461 2548 587 2615 intelligi·

11 2662 13 2673 ,
63 2617 97 2662 tur
112 2629 267 2681 peragros3
288 2626 314 2668 et
342 2628 413 2684 patet
431 2618 507 2679 ordo,
522 2619 588 2685 quia

64 2679 188 2737 difficilius
233 2696 275 2738 est
324 2687 476 2754 relinquere
522 2703 586 2754 pro-

66 2753 138 2823 prum
153 2756 368 2809 dominationem
384 2774 467 2826 quam
491 2775 588 2827 cogna-

67 2830 163 2907 tionem,
179 2838 209 2887 et
222 2830 411 2896 cognationem
425 2846 507 2898 quam
528 2849 587 2899 pos

68 2903 200 2950 usonem
217 2900 376 2952 exteriorem
381 2919 389 2967 ;
407 2910 520 2969 propter
535 2920 584 2969 me,

69 2972 224 3022 ttamorem
257 2988 371 3033 meum,
399 2989 446 3025 seu
472 2987 580 3042 propter

70 3047 154 3091 nomen
195 3059 288 3095 meum
333 3044 519 3108 dilatandum,
561 3057 587 3098 et

69 3118 160 3190 Propter
180 3114 375 3181 Evangelium,
402 3117 432 3167 id
460 3127 500 3169 est
528 3118 581 3169 do-

69 3186 165 3235 tlnnam
191 3201 281 3237 meam
312 3187 507 3253 praedicandam
542 3189 584 3241 vel

68 3248 255 3318 observandam,
270 3273 326 3308 uon
343 3269 452 3325 propter
476 3259 585 3311 vanita-

68 3328 110 3376 1tm
130 3331 244 3393 mundi,
272 3330 344 3382 sicut
378 3332 522 3398 hypocritae
560 3344 586 3386 et

67 3392 218 3467 philosophi,
236 3418 285 3453 nec
305 3413 413 3470 propter
426 3405 540 3467 lucrum,
555 3417 586 3458 ut

65 3467 188 3524 ambitiosi
202 3483 338 3537 sperantes
347 3475 510 3540 promoveri,
522 3490 586 3528 cen-

64 3537 151 3602 raptum
172 3543 295 3609 accipiet,
318 3543 346 3594 in
373 3546 425 3596 hoc
450 3555 584 3612 tempore.

61 3603 111 3660 Hoc
121 3613 278 3679 centuplum
294 3614 475 3680 spiritualium
494 3632 586 3667 rerum

58 3688 101 3758 est,
122 3681 246 3736 videlicet
263 3684 394 3736 virtutum
409 3697 436 3738 et
456 3688 581 3738 consola-

56 3756 162 3835 tionum,
174 3753 353 3816 internarum,
371 3772 439 3823 quas
466 3773 514 3824 per
536 3773 585 3808 ex-

55 3833 210 3887 perientiam
261 3827 450 3892 cognoscimus
496 3829 583 3894 magis

51 3906 131 3959 quam
148 3911 197 3965 per
230 3896 387 3951 doctrinam.
417 3898 486 3951 Cum
510 3900 584 3951 enim

646 398 737 452 anima
759 406 848 465 gustat
871 398 981 448 odorem
1002 395 1175 462 paupertatis,

646 469 784 530 castitatis,
804 468 922 520 virorem
943 466 1088 534 patientiae,
1103 475 1176 515 cete-

645 557 789 609 rarumque
805 542 936 591 virtutum
954 553 1086 606 saporem,
1106 536 1176 587 etin

645 615 685 666 eis
698 616 851 672 delectatur,
868 627 955 663 nonne
974 610 1130 676 centuplum
1145 607 1176 659 ti·

645 687 673 737 bi
686 686 817 752 recepisse
829 683 952 736 videtur?
964 684 1000 734 Et
1012 683 1050 734 sic
1062 680 1175 732 ulterius

643 758 768 811 ascendat
782 768 813 809 ut
825 756 1008 807 visitationem
1016 755 1115 820 Sponsi
1129 767 1173 803 re-

643 831 732 897 cipiat,
748 830 860 897 ejusque
878 825 1017 894 praesentia
1036 825 1173 892 glorietur,

644 917 734 952 nonne
747 911 811 952 tunc
823 898 917 966 recipit
934 897 1089 964 plusquam
1110 895 1175 945 mil-

643 974 777 1040 lecuplum
799 973 924 1025 omnium
945 985 1004 1037 quae
1021 984 1069 1034 pro
1086 984 1118 1019 eo
1137 967 1175 1018 di·

643 1045 768 1096 miserat?
789 1045 867 1096 Unde
892 1040 1071 1094 Bernartius:
1087 1057 1101 1086 a
1117 1039 1174 1089 Ne·

643 1135 689 1170 mo
713 1133 785 1170 sanae
807 1117 907 1169 mentis
925 1115 1086 1181 ampliorem
1114 1127 1172 1165 esse

641 1191 671 1242 in
700 1192 774 1243 vitiis
799 1192 904 1251 credat,
931 1204 1013 1256 quam
1036 1187 1064 1239 in
1085 1186 1175 1237 virtu-

639 1262 714 1314 tibus
726 1262 939 1314 delectationem.
961 1279 975 1309 n
992 1259 1025 1310 Et
1052 1258 1171 1308 iterum:

641 1353 655 1382 a
665 1337 708 1386 An
735 1351 789 1386 non
809 1335 903 1386 omnia
922 1331 1049 1400 possidet,
1062 1329 1104 1380 cui
1115 1345 1172 1381 om·

640 1406 687 1456 nia
717 1411 895 1471 cooperantur
923 1405 950 1455 in
984 1400 1101 1454 bonum?
1128 1400 1170 1451 An

641 1492 697 1527 non
709 1478 863 1544 centuplum
880 1475 962 1526 habet
975 1473 1109 1534 omnium,
1125 1470 1173 1538 qui

641 1550 769 1616 impletur
788 1549 891 1617 Spiritu
912 1549 1019 1607 Sancto,
1032 1545 1079 1613 qui
1092 1544 1174 1595 Chri-

640 1633 713 1674 stum
732 1623 812 1675 habet
832 1623 860 1673 in
886 1620 1011 1688 pectore?
1028 1620 1088 1671 Nisi
1101 1618 1173 1686 quod

640 1694 720 1759 longe
748 1694 809 1759 plus
839 1708 921 1759 quam
948 1691 1105 1756 centuplum
1134 1696 1174 1739 est

639 1764 756 1816 visitatio
778 1764 899 1815 Paracliti
925 1762 1042 1830 Spiritus
1062 1770 1088 1811 et
1104 1775 1173 1825 prae-

639 1835 724 1886 sentia
730 1834 905 1885 christini]
922 1833 1019 1891 iterum
1033 1847 1040 1881 ς
1054 1830 1174 1880 «Centu-

638 1910 714 1977 plum
732 1916 771 1959 est
784 1907 893 1973 adoptio
906 1905 1034 1965 filiorum,
1046 1901 1172 1970 primitie

639 1979 771 2045 Spiritus,
796 1978 898 2029 deliciae
926 1974 1062 2037 caritatis,
1087 1971 1172 2039 gloria

640 2050 819 2111 conscientiae,
838 2065 898 2116 quae
917 2058 956 2100 est
974 2061 1089 2113 regnum
1108 2043 1170 2104 Dei,

639 2122 714 2188 quod
733 2121 805 2172 intra
819 2135 868 2173 nos
883 2127 924 2171 est
935 2137 943 2171 :
953 2138 966 2166 n
981 2118 1037 2169 haec
1051 2117 1174 2167 Bernar-

641 2194 701 2245 dus.
725 2193 807 2245 Vides
834 2191 972 2261 quomodo
1003 2203 1096 2242 verum
1122 2195 1171 2236 est,

640 2266 713 2334 quod
736 2266 859 2334 loquitur
888 2264 1000 2316 Veritas.
1023 2262 1084 2311 Non
1103 2257 1172 2309 fallit

640 2338 708 2404 quin
726 2338 884 2404 centuplum
902 2336 994 2386 reddat
1015 2332 1044 2383 in
1058 2333 1110 2382 hoc
1128 2345 1173 2380 se-

640 2409 710 2470 culo,
725 2418 751 2459 et
765 2424 820 2459 non
835 2417 941 2459 tantum
955 2404 1038 2457 semel
1050 2402 1096 2453 sed
1110 2400 1173 2467 plu-

640 2481 702 2542 ries,
719 2491 745 2533 et
766 2496 844 2547 saepe,
864 2480 963 2531 animae
984 2476 1036 2529 sibi
1055 2476 1170 2535 devotae;

639 2552 706 2602 adeo
725 2561 755 2602 ut
772 2551 811 2602 sic
825 2549 923 2601 afficiat
937 2564 1006 2607 eam,
1026 2544 1099 2612 quod
1117 2557 1172 2591 non

640 2624 730 2674 solum
743 2623 770 2672 id
780 2622 853 2689 quod
860 2620 979 2687 reliquit,
989 2618 1036 2670 sed
1048 2625 1073 2667 ct
1080 2624 1168 2667 totum

640 2694 774 2745 mundum
791 2693 935 2745 arbitretur
952 2701 981 2742 ut
994 2700 1119 2746 stercora,
1142 2695 1172 2737 ut

639 2767 776 2832 Sponsum
800 2763 943 2816 lucrificsri
967 2760 1061 2829 possit.
1094 2757 1173 2809 Unde

640 2838 855 2906 chrysostomus
866 2856 875 2889 .·
887 2857 901 2885 a
912 2837 945 2888 Et
961 2852 1011 2887 nos
1031 2834 1122 2899 itaque
1149 2829 1172 2880 si

639 2909 837 2974 gustaverimus
856 2908 925 2959 sicut
945 2914 1050 2973 oportet
1066 2903 1170 2953 fructus

639 2979 802 3045 spirituales,
820 2981 853 3030 de
869 2979 974 3046 reliquo
991 2990 1079 3043 neque
1096 2973 1172 3025 aesti-

639 3052 776 3103 mabimus
805 3053 908 3120 aliquid
930 3049 1071 3119 praesentia
1093 3062 1170 3106 esse,

638 3122 712 3172 velut
728 3122 844 3188 quadam
867 3123 968 3190 optima
984 3120 1111 3172 ebrietate
1125 3116 1171 3166 lu-

638 3203 762 3245 turorum
782 3194 995 3261 concupiscentia
1025 3190 1101 3257 rapti.
1121 3189 1175 3239 Gu-

638 3274 741 3316 stemus
766 3266 864 3334 itaque,
884 3277 914 3318 ut
935 3284 950 3318 a
970 3266 1089 3317 tumultu
1110 3273 1174 3326 prae-

639 3337 757 3388 sentium
781 3337 895 3400 liberati,
920 3337 1027 3390 aeternis
1051 3334 1172 3384 fruamur

639 3407 762 3458 bonis.»
789 3410 866 3461 Unde
898 3420 924 3460 et
957 3408 1172 3471 Hieronymus:

640 3495 654 3525 a
668 3478 720 3538 Qui
737 3494 801 3545 ergo
824 3489 934 3545 propter
955 3478 1035 3529 fidem
1050 3469 1164 3529 Christi,

638 3557 665 3598 et
677 3550 906 3614 praedicationem
924 3545 1060 3613 Evangelii
1073 3555 1168 3593 omnes

637 3619 748 3671 affectus
771 3621 859 3672 carnis
886 3615 1107 3683 contempserint,
1128 3620 1171 3663 at-

638 3704 692 3755 que
702 3690 819 3751 divitias,
834 3702 860 3742 et
875 3689 956 3741 seculi
970 3687 1115 3746 vanitates;
1126 3680 1172 3732 isti

639 3762 794 3827 centuplum
826 3761 963 3827 recipient.
996 3759 1098 3808 Sensus
1120 3753 1171 3804 iste

639 3841 680 3881 est
697 3848 703 3882 :
723 3832 789 3898 quia
815 3832 863 3897 qui
881 3829 997 3881 carnalia
1012 3843 1061 3894 pro
1074 3825 1171 3876 Salva-

638 3911 697 3952 tore
710 3901 854 3963 dimiserit,
875 3899 1026 3967 spiritualia
1052 3894 1176 3963 recipiet»
