2632 4320
140 277 191 311 aar
432 256 612 309 SECUNDAE
627 257 752 309 PARTIS
769 259 890 311 CAPUT
903 262 996 313 xxix.

138 376 295 439 delabrum3
308 375 361 427 alia
381 389 441 440 pars
467 384 525 425 erat
547 380 670 426 aaudiat

137 453 300 510 senmurum
314 445 362 496 ubi
372 455 427 496 erat
441 461 500 497 arca
513 446 670 517 Testamen-

137 521 169 579 ti,
181 530 209 571 et
225 520 282 570 duo
296 517 456 570 Cherubim.
472 519 547 570 lllam
562 527 666 584 partem

134 606 197 657 quae
215 590 354 640 dicebatur
380 600 513 652 metum,
533 589 670 640 intrabant

136 661 258 728 quotidie
279 661 428 711 sacerdotes
449 661 482 711 nd
500 659 668 711 offerendum

137 734 291 792 incensum,
302 741 330 782 et
350 731 419 782 nulli
434 730 498 794 alii;
512 730 585 781 intra
602 744 668 780 san-

136 815 211 855 ctum
244 813 400 855 sanctorum
434 803 510 854 solus
544 816 669 853 summas

137 874 261 925 Pontifex
273 874 400 938 intrabat,
412 884 439 924 et
450 873 533 924 semel
543 872 572 922 in
586 888 667 924 anno.

135 946 289 1012 Aliquando
299 956 388 997 autem
397 945 527 1010 accipitur
536 944 668 1010 templum

135 1018 276 1084 large,pro
296 1017 412 1085 quadam
431 1018 517 1082 platea
538 1016 668 1083 quadrata

135 1100 198 1141 ante
209 1091 352 1156 templum,
366 1104 446 1139 muro
464 1090 571 1151 clausa3
583 1098 609 1138 et
620 1088 668 1139 di-

134 1163 244 1212 cebatur
255 1160 356 1212 atrium
368 1160 546 1224 sacerdotum,
557 1160 604 1210 ubi
615 1159 668 1210 sub

134 1231 180 1282 dio
201 1242 259 1282 erat
275 1231 357 1281 altare
375 1231 596 1281 holocaustorum
616 1245 668 1281 aere

135 1312 301 1369 coopertum,
325 1311 352 1351 et
372 1299 444 1351 istud
458 1301 595 1352 intrabant
612 1316 668 1351 non

136 1375 226 1425 solum
246 1373 405 1432 sacerdotes,
423 1372 566 1423 sedetiam
582 1372 668 1422 levitae

135 1460 182 1496 eos
210 1444 239 1494 in
268 1443 446 1504 excuratione,
471 1454 498 1495 et
527 1443 667 1494 ablutione

134 1515 287 1567 hostiarum
302 1525 328 1565 et
338 1514 528 1565 consimilibus
543 1514 669 1580 adjuvan-

135 1597 191 1650 tes;
207 1588 330 1652 vulgares
344 1598 433 1637 autem
455 1587 580 1636 homines
599 1586 667 1637 illud

135 1676 191 1710 non
204 1660 349 1721 intrabant,
365 1661 413 1711 sed
427 1661 460 1710 ad
475 1661 577 1710 ostium
592 1659 667 1710 illius

133 1733 194 1783 atrii
203 1733 331 1784 animalia
339 1734 400 1784 viva
410 1733 591 1784 sacerdotibus
601 1731 668 1783 offe-

133 1807 234 1856 rebant.
248 1808 300 1856 ista
311 1817 401 1857 autem
416 1808 470 1856 duo
485 1807 542 1856 loca
557 1821 610 1855 non
621 1806 668 1855 in-

132 1877 213 1928 travit
223 1877 358 1938 Christus,
371 1877 501 1942 quianon
513 1886 569 1926 erat
587 1891 668 1926 sacer·
701 1933 705 1939 p

133 1951 192 2010 dos,
208 1965 257 2000 nec
270 1949 359 2001 levita.
374 1951 426 2000 Sed
443 1959 540 2016 praeter
549 1949 603 1999 'ista
612 1948 667 1999 duo

133 2023 191 2073 loca
201 2031 277 2072 erant
293 2022 382 2072 adhuc
397 2022 451 2071 duo
471 2021 531 2081 alia,
548 2020 596 2070 ubi
613 2021 668 2070 lto-

133 2095 223 2144 mines
234 2095 285 2145 sub
299 2094 345 2143 dio
357 2093 384 2143 in
398 2094 522 2144 oratione
532 2103 609 2143 erant
621 2108 630 2142 t
641 2102 668 2142 et

132 2166 161 2215 in
178 2181 234 2215 uno
247 2165 309 2223 viri,
320 2175 346 2214 et
361 2165 390 2214 in
405 2165 459 2214 alio
475 2165 605 2214 mulieres
612 2178 669 2213 ora-

134 2238 211 2299 bant;
223 2246 250 2286 et
262 2237 313 2286 ista
326 2235 394 2286 atria
406 2237 572 2286 vocabantur
584 2235 670 2285 nomi·

136 2321 170 2356 ne
188 2305 295 2371 templi,
319 2316 345 2356 et
367 2306 400 2356 de
419 2305 580 2356 bocdicitur
594 2307 668 2371 quod

131 2381 210 2431 lesus
229 2378 343 2429 intravit
357 2378 384 2428 iit
398 2379 524 2444 templum
540 2377 601 2441 Dei,
615 2395 666 2429 ac:

131 2452 232 2502 Petrus
241 2451 602 2502 ctJoannesascendebantin
609 2457 668 2501 tem·

128 2522 204 2586 plum
216 2521 253 2570 ad
267 2521 360 2573 noram
374 2521 507 2572 orationis
521 2537 617 2572 nonam
620 2559 667 2574 .....

131 2593 248 2644 Intravit
271 2604 360 2644 autem
387 2596 467 2644 lesus
493 2594 617 2660 protinus
641 2595 667 2645 in

133 2664 267 2730 templum,
292 2665 427 2730 praecipue
457 2677 564 2730 propter
587 2665 638 2716 tria
659 2683 666 2716 ε

132 2736 230 2801 prim0,
255 2737 403 2785 secundum
419 2736 530 2799 Bedam,
546 2747 578 2786 ut
591 2737 668 2786 doce-

132 2816 171 2856 ret
182 2821 232 2855 nos
240 2805 354 2855 formam
370 2806 518 2871 religionis,
528 2822 610 2872 quam
622 2821 667 2856 se-

101 2924 104 2931 .
131 2892 257 2944 quamur‚
273 2876 373 2927 scilicet
384 2887 415 2927 ut
429 2893 591 2944 quocunque
603 2893 665 2943 per-

59 2960 62 2965 '
132 2950 231 3015 gimus,
246 2949 335 3015 primo
356 2951 468 3000 domum
483 2951 623 3012 orationis,
641 2952 664 3002 si

133 3025 170 3074 ibi
197 3033 248 3085 est,
261 3023 399 3085 adeamus,
415 3034 440 3074 et
458 3041 506 3091 per
527 3026 665 3077 orationes

131 3097 188 3147 Deo
201 3094 392 3154 commendati,
406 3095 444 3145 sic
457 3096 490 3145 ad
505 3097 606 3162 agenda
622 3114 666 3148 ne·

132 3165 204 3232 gotia
235 3165 405 3227 secedamus3
444 3168 571 3228 secundo,
602 3167 666 3233 quia

76 3263 78 3269 ·
132 3240 207 3289 locus
220 3236 344 3304 publicus
357 3246 413 3287 erat
425 3237 472 3286 ubi
485 3249 575 3303 posset
590 3239 662 3289 inve·

134 3309 198 3370 niri,
221 3308 364 3359 ostendens
391 3323 419 3357 se
443 3324 496 3357 non
512 3309 605 3369 invite,
620 3311 666 3360 sed

133 3390 230 3448 sponte
245 3396 294 3432 sua
310 3379 379 3445 pati,
392 3379 481 3438 tertio,
496 3389 526 3428 ut
539 3381 669 3432 ostende·

135 3462 175 3502 ret
187 3453 260 3519 quod
278 3451 357 3501 ruina
368 3449 444 3499 urbis
456 3459 482 3499 et
499 3451 602 3515 populi,
617 3466 665 3516 pro

133 3522 187 3590 qua'
196 3524 312 3584 fleverat,
326 3521 442 3572 maxime
456 3536 488 3571 ex
497 3522 666 3572 sacerdotum

132 3598 211 3664 culpa
225 3598 286 3660 fuit,
302 3606 328 3648 et
341 3594 405 3647 inde
419 3594 494 3644 radix
506 3593 666 3659 perditionis

134 3668 274 3732 processit.

157 3754 173 3788 a
187 3740 299 3791 Sruourn
312 3755 347 3790 nr
360 3752 431 3789 vrrrn
443 3750 623 3788 saeeaoormr.
636 3765 666 3774 -

134 3812 189 3861 Hoc
218 3814 336 3878 proiecto
360 3810 489 3871 iunotuit,
518 3825 581 3861 cum
605 3820 667 3876 post

131 3883 267 3933 malorum
289 3883 493 3939 imminentium
520 3880 667 3933 enarratio-

722 390 796 441 nem,
830 376 956 443 protinus
985 381 1120 446 templum
1149 380 1259 447 ingres-

721 462 768 497 sus
788 457 841 512 est,
869 458 900 498 ut
923 450 958 500 de
981 449 1029 500 illo
1053 451 1205 503 vendentes
1227 463 1260 504 et

721 527 842 568 errantes
854 517 975 583 ejicerem
998 520 1030 571 in
1045 520 1157 587 sigum
1179 524 1258 589 quod

722 589 880 653 sacerdotes,
893 600 1022 657 tauquam
1032 591 1150 659 indigni,
1164 604 1259 647 eareat

720 661 753 710 de
766 661 869 726 templo
879 671 909 712 et
921 662 1011 714 officio
1028 664 1164 730 ejiciendi.
1183 666 1259 719 Sicut

721 732 795 782 mum
814 734 1008 800 templum-est
1022 735 1054 785 in
1072 735 1259 803 civitate5ita

720 803 775 855 vita
788 804 957 856 sacerdotum
968 805 996 855 in
1008 805 1096 871 plebe.
1113 807 1259 870 Undena-

720 873 842 924 cundum
859 875 998 939 Glanum,
1023 876 1144 928 simonia
1165 894 1259 931 mcer-

720 943 815 994 dotum
827 960 908 997 causa
926 945 979 997 fuit
1001 946 1201 1001 destructionis
1213 951 1259 1002 lu—

719 1015 849 1067 daeorum.
868 1019 1025 1069 Sacerdotes
1034 1018 1122 1083 enim,
1138 1021 1260 1074 avaritiae

720 1101 775 1138 suae
800 1089 981 1150 consulentes,
1001 1090 1030 1140 in
1052 1090 1203 1156 porticibus
1230 1104 1258 1145 et

720 1157 797 1210 atriis
817 1161 913 1226 templi
945 1162 1051 1213 hostias
1069 1163 1258 1232 cujuscunque

720 1231 827 1297 generis
851 1232 1021 1296 vendebant,'
1040 1249 1076 1285 ne
1105 1233 1258 1297 venienma,

720 1301 844 1354 victimas
859 1319 914 1353 non
936 1303 1075 1365 habentes,
1089 1303 1161 1355 nibil
1171 1306 1259 1359 offer-

721 1383 791 1435 rent,
803 1373 827 1425 si
839 1375 945 1426 hostias
958 1385 1058 1441 praesto
1073 1392 1129 1426 non
1143 1376 1257 1430 inveni-

721 1455 794 1510 rent3
815 1455 846 1496 et
865 1447 918 1497 hoc
939 1446 1079 1498 faciebant
1097 1458 1132 1499 ut
1146 1450 1255 1501 vendita

720 1516 819 1567 iterum
849 1516 939 1567 oblata
966 1517 1126 1584 reciperent.
1158 1519 1197 1572 Et
1223 1536 1258 1570 ne

721 1602 853 1653 pauperes
865 1604 923 1638 non
933 1589 1023 1638 solum
1039 1589 1154 1652 hostias.
1164 1591 1215 1642 sed
1227 1602 1256 1642 et

720 1660 793 1710 unde
807 1669 929 1710 emerent
944 1676 999 1710 non
1017 1661 1158 1724 habentes,
1172 1679 1255 1714 excu-

720 1731 852 1781 sationem
865 1730 984 1797 pecuniae
997 1747 1053 1780 non
1067 1731 1168 1784 habitae
1184 1749 1255 1800 prae-

720 1803 869 1869 tenderent,
888 1811 1036 1868 posuerant
1059 1801 1098 1852 ibi
1122 1820 1256 1856 nummu-

721 1875 811 1934 larios,
826 1874 875 1940 qui
891 1882 1014 1923 mutuam
1028 1874 1080 1923 sub
1095 1875 1222 1928 cautione
1231 1887 1257 1928 et

720 1963 768 2014 spe
778 1948 893 2012 alicuius
908 1946 974 1996 doni
988 1947 1134 2012 pecuniam
1147 1949 1252 2001 darent.

720 2019 772 2070 Sed
792 2017 859 2085 quia
875 2019 930 2068 Lex
946 2032 1003 2067 non
1015 2017 1168 2082 patiebatur
1189 2029 1256 2071 ata

720 2088 850 2139 fratribus
878 2086 937 2138 suis
968 2102 1066 2137 usuras
1093 2087 1256 2155 acciperent.

720 2161 781 2212 ideo
803 2161 877 2227 quod
900 2176 957 2210 non
978 2160 1116 2212 audebant
1138 2162 1206 2213 dare
1221 2164 1255 2213 ad

719 2250 840 2298 usuram,
865 2234 966 2284 dabant
985 2233 1100 2286 nomine
1123 2236 1257 2287 collibio·

719 2321 792 2367 rum,
804 2315 836 2356 ot
847 2305 888 2356 sic
900 2320 951 2370 pro
966 2305 1160 2357 nummulariis
1173 2306 1256 2357 coffi-

720 2377 805 2427 bistaa
816 2375 943 2426 iacerent.
963 2375 1085 2427 collibia
1101 2387 1196 2428 antem
1209 2370 1257 2428 di'-

720 2449 789 2499 citur
802 2447 877 2513 amad
889 2463 937 2498 eos
957 2446 1024 2498 vilia
1035 2448 1209 2512 munusuala,
1223 2458 1256 2498 at

720 2522 823 2586 ciceris,
838 2531 864 2571 et
876 2535 935 2571 uvae
949 2535 1043 2586 passe,
1054 2529 1080 2570 ct
1096 2537 1253 2587 pomorum,

720 2594 822 2645 ethis
846 2593 957 2644 similia.
987 2592 1138 2643 Collibistae
1167 2594 1252 2661 igitur

719 2666 779 2716 licet
803 2679 850 2731 pro
874 2664 919 2713 illa
939 2662 1191 2714 accommodatione
1205 2679 1256 2729 pe-

718 2735 807 2787 cuniae
837 2750 894 2784 non
931 2732 1082 2799 reciperent
1110 2733 1254 2799 pecuniam

719 2807 791 2856 ultra
819 2814 932 2860 sortem.
964 2802 1130 2868 recipiebant
1162 2813 1254 2855 tamen

719 2891 832 2926 munera
845 2877 887 2926 vel
910 2874 1008 2937 xenia3
1027 2873 1105 2939 quasi
1129 2874 1203 2941 quod
1227 2874 1256 2924 in

719 2965 832 3000 nummo
856 2964 911 2998 non
934 2948 1040 3011 licebat,
1066 2946 1096 2996 in
1108 2947 1154 2999 his
1173 2948 1256 2999 rebus

718 3037 780 3087 que
812 3020 936 3071 nummis
960 3028 1126 3069 coemuntur
1148 3018 1255 3082 liceret,

718 3094 791 3159 quod
807 3090 948 3158 prohibuit
961 3088 1087 3140 Ezechiel
1096 3088 1257 3156 vituperans

718 3178 773 3225 eos,
787 3177 906 3224 munera,
923 3175 1034 3212 usuram
1048 3166 1075 3210 et
1084 3160 1255 3225 superabun-

719 3234 840 3284 dantiam
873 3231 1016 3297 accepisse.
1045 3231 1090 3281 Sic
1111 3239 1138 3281 et
1170 3229 1255 3281 hodie

718 3304 797 3355 multi
818 3301 956 3369 praedictis
973 3309 1038 3352 sunt
1056 3299 1173 3364 similes,
1184 3315 1257 3352 usu-

717 3392 776 3427 ram
788 3385 815 3427 et
824 3374 974 3426 simoniam
996 3372 1046 3424 sub
1059 3372 1173 3423 nomine
1185 3372 1256 3423 cari·

718 3447 789 3509 tatis,
800 3449 841 3498 vel
853 3445 1024 3513 gratitudinis
1034 3444 1187 3510 palliantes.
1197 3443 1257 3494 Val-

718 3519 751 3569 de
761 3518 940 3584 pcriculosum
951 3527 991 3567 est
1003 3530 1117 3567 munera
1124 3513 1265 3580 accipere·

718 3591 783 3656 quia
793 3591 825 3641 ad
839 3591 891 3640 hoc
907 3600 947 3641 est
962 3589 1116 3639 libertatem
1127 3587 1255 3639 vendere

719 3663 797 3715 Unde
810 3662 914 3714 Seneca
928 3680 938 3714 :
952 3679 966 3709 u
983 3660 1118 3722 Quaedam
1137 3658 1257 3726 grutuita

719 3737 800 3788 nobis
812 3736 948 3796 videntur,
964 3749 1026 3802 quae
1037 3732 1182 3785 minime
1192 3746 1258 3786 oon»

718 3818 800 3869 stant,
816 3823 866 3875 pro
882 3808 984 3875 quibus
998 3804 1185 3873 nosmetipsos
1199 3803 1257 3857 im·

720 3880 875 3949 pendimus,
890 3892 953 3948 quet
965 3893 1055 3931 emere
1068 3878 1212 3931 nollemus
1231 3875 1256 3927 ai
