2632 4320
332 248 379 300 DE
395 247 584 300 EXERCITIO
602 247 734 301 MENTIS
752 249 787 300 lN
805 212 927 302 naun(

1102 248 1110 275 ⁸
1136 249 1188 320 309

492 683 659 754 CAPUT
684 686 767 755 XLI

114 1011 168 1078 De
192 1010 356 1080 remediis
378 1023 502 1080 contro
525 1011 732 1104 spirituales
755 1012 937 1083 novissimi
959 1017 1128 1107 temporis

175 1126 399 1207 tentationes,
426 1128 524 1196 etde
547 1127 718 1197 exercitio
742 1129 867 1199 mentis
892 1129 928 1198 in
951 1132 1074 1200 Deum.

101 1421 109 1455 1
131 1405 327 1458 Taurnrtouuu
344 1423 424 1459 orreo
439 1424 552 1462 uurtrx.
569 1436 600 1446 -

65 1476 100 1526 Et
114 1476 188 1542 quia,
207 1487 237 1527 ut
251 1476 411 1541 dictumest,
424 1478 599 1529 ante-adven-

65 1559 125 1600 tum
138 1548 248 1598 Domini
264 1556 378 1616 surgent
390 1550 469 1600 multi
479 1550 600 1616 pseudo-

63 1619 162 1671 christi
189 1625 215 1669 et
239 1620 487 1687 pseudopropheta,
510 1620 537 1670 id
559 1630 599 1672 est

63 1689 196 1753 simulati,
213 1699 239 1740 et
253 1688 325 1754 falsi,
345 1701 371 1741 et
385 1691 512 1741 seducent
524 1691 598 1742 mul·

63 1771 115 1822 tos,
130 1763 253 1829 quiante
267 1763 428 1814 videbantur
438 1764 519 1815 etiarn
535 1779 598 1831 per·

63 1832 134 1897 iecti3
151 1833 212 1884 ideo
225 1833 269 1884 hic
281 1846 476 1901 consequenter
489 1851 598 1902 ponun-

63 1912 108 1954 tur
119 1903 211 1970 aliqua
227 1905 344 1955 remedia
362 1916 454 1956 contra
468 1907 598 1972 quasdam

64 1975 227 2025 tentationes
238 1975 392 2040 spirituales
403 1991 463 2041 quae
472 1976 524 2027 isto
534 1987 600 2027 tem-

64 2061 129 2112 pore
142 2047 328 2109 abundabunt‚
341 2048 374 2099 ad
391 2049 561 2114 probandum
573 2060 600 2101 et

64 2119 236 2185 purgandum
258 2121 364 2180 electos,
384 2135 445 2187 quae
465 2121 546 2172 etiam
571 2121 599 2172 in

64 2190 192 2241 cordibus
206 2191 387 2256 quorumdam
402 2191 572 2242 seminantur
584 2207 599 2242 a

64 2261 183 2326 diabolo,
198 2271 224 2312 et
244 2271 393 2328 praeparant
408 2263 498 2312 locum
516 2262 599 2313 Anti-

63 2331 177 2382 christo.
202 2332 351 2398 Dupliciter
371 2343 460 2383 autem
487 2332 599 2384 veniunt

64 2401 198 2467 praedictae
224 2402 409 2453 tentationes:
428 2403 526 2469 primo,
552 2418 599 2469 per

63 2473 266 2538 suggestionem
279 2483 305 2524 et
320 2473 474 2524 illusionem
487 2473 598 2534 diaboli,

63 2544 111 2608 qui
134 2542 234 2610 decipit
255 2544 395 2595 hominem
415 2544 444 2594 in
465 2545 599 2611 regimine

62 2615 137 2681 quod
163 2615 242 2666 debet
261 2615 360 2667 habere
380 2632 447 2682 erga·
462 2616 559 2677 Deum,
573 2627 600 2668 et

63 2684 92 2734 in
107 2684 160 2734 hoc
176 2686 250 2750 quod
265 2696 305 2736 est
322 2685 388 2748 Dei;
403 2686 532 2750 secundo,
552 2702 600 2753 per

63 2764 219 2820 corruptam
242 2754 402 2816 doctrinam,
431 2767 458 2807 et
485 2757 598 2808 modum

63 2823 173 2875 vivendi
195 2823 320 2889 aliorum,
335 2826 383 2892 qui
402 2827 454 2891 jam
468 2837 599 2878 venerunt

62 2910 112 2961 per
124 2896 288 2947 tentationes
305 2897 472 2963 hujusmodi.
488 2900 599 2965 Propter

62 2966 136 3032 quod
146 2967 345 3018 ostendendum
358 2978 397 3018 est
408 2986 414 3019 :
426 2968 514 3034 primo
524 2969 597 3035 quod

61 3036 183 3104 regimen
198 3039 281 3089 debes
299 3039 399 3090 habere
413 3039 484 3105 apud
498 3039 597 3101 Deum,

60 3117 87 3160 et
102 3110 136 3160 ad
152 3110 180 3160 id
192 3111 265 3177 quod
278 3111 328 3162 Dei
342 3122 396 3175 est;
411 3122 436 3163 et
450 3121 519 3178 post,
533 3128 599 3179 quo-

62 3181 144 3230 modo
161 3181 242 3232 debes
258 3182 313 3248 regi
334 3197 397 3249 erga
416 3183 493 3242 alios,
508 3198 597 3250 quan-

61 3260 121 3303 tum
145 3252 178 3302 ad
194 3252 353 3314 doctrinam,
381 3264 408 3305 et
427 3254 540 3304 modum
554 3253 597 3304 vi·

61 3323 142 3374 vendi
159 3339 263 3375 eorum.

92 3410 108 3444 2
126 3395 255 3455 Quruoua
276 3413 391 3447 annania
414 3413 518 3449 couran
535 3413 598 3449 rau·

61 3479 192 3517 turtureus
212 3481 330 3517 arsura
350 3483 464 3518 nrnnotr.
486 3496 516 3506 -
537 3467 597 3518 Pri-

62 3553 140 3588 mum
163 3538 315 3589 remedium
329 3550 421 3591 contra
437 3540 598 3592 tentationes

60 3607 219 3674 spirituales
246 3606 326 3660 istius
351 3610 499 3675 temporis,
530 3625 597 3676 quas

62 3687 188 3744 procurat
203 3678 327 3730 diabolus
347 3679 375 3729 in
392 3680 519 3731 cordibus
533 3681 597 3731 illo·

62 3762 123 3800 rum
145 3748 195 3816 qui
218 3749 313 3801 volunt
336 3765 364 3800 se
386 3752 448 3802 dare
470 3751 527 3802 Deo
550 3753 613 3818 per*

61 3820 214 3872 orationem
226 3829 253 3870 et
266 3820 532 3887 contemplationem,
554 3822 597 3874 vel

62 3905 109 3956 per
140 3890 195 3943 alia
220 3905 302 3958 opera
333 3891 525 3958 perfectionis,
557 3903 597 3945 est

656 1400 753 1453 istud:
773 1412 804 1453 ut
825 1419 881 1453 non
908 1404 1044 1455 desideres
1067 1403 1188 1456 visiones

655 1482 700 1522 aut
729 1472 924 1538 revelationes,
956 1474 999 1525 vel
1028 1475 1189 1526 sentimenta

654 1559 715 1611 quae
730 1556 793 1597 sunt
806 1562 887 1613 supra
909 1558 1041 1609 naturam,
1061 1559 1088 1600 et
1106 1563 1187 1616 supra

654 1631 763 1667 cursum
776 1616 885 1668 illorum
897 1618 945 1684 qui
957 1619 1044 1669 Deum
1058 1619 1186 1686 diligunt,

654 1697 680 1736 et
691 1685 786 1738 timent
795 1703 842 1753 per
855 1688 1027 1740 verissimum
1039 1704 1160 1740 amorem
1177 1706 1184 1739 ε

653 1758 717 1824 quia
746 1759 818 1811 istud
850 1760 1015 1810 desiderium
1044 1776 1103 1811 esse
1130 1775 1184 1811 non

653 1839 740 1895 potest
762 1829 821 1881 sine
841 1831 939 1891 radice,
960 1840 987 1881 et
1009 1830 1068 1882 sine
1085 1831 1186 1883 funda·
1249 1858 1251 1867 ι

653 1911 745 1951 mento
758 1900 891 1967 superbiae
907 1912 934 1952 et
948 1901 1184 1968 praesumptionis;

651 1975 703 2024 vel·
718 1973 778 2025 sine
799 1973 947 2025 intentione
975 1973 1086 2040 alicujus
1112 1989 1186 2026 vanae

651 2043 815 2096 curiositatis
836 2044 905 2096 circa
929 2056 1029 2098 secreta
1059 2046 1118 2107 Dei,
1144 2047 1186 2099 vel

652 2115 709 2167 sine
722 2114 865 2182 fragilitate
878 2127 904 2167 et
918 2115 1022 2168 deiectu
1038 2116 1111 2182 fidei,
1127 2131 1187 2184 pro·

651 2196 709 2253 pter
722 2201 783 2252 quae
797 2186 899 2249 justitia
916 2186 964 2237 Dei
986 2187 1102 2238 dimittit
1123 2187 1187 2238 ani-

652 2273 725 2308 mam
740 2271 801 2324 quae
817 2257 897 2308 habet
911 2257 1076 2308 desiderium
1086 2258 1186 2323 hujus-

652 2327 735 2390 modi,
760 2337 786 2379 et
806 2327 879 2378 venit
893 2328 1057 2393 quandoque
1077 2326 1139 2379 talia
1158 2324 1187 2376 in
1243 2332 1246 2336 ’

650 2397 826 2448 tentationem
845 2408 871 2449 et
895 2398 1052 2448 illusionem
1074 2396 1186 2449 diaboli.

653 2469 701 2518 Per
717 2468 791 2519 hunc
805 2468 918 2517 modum
932 2467 1048 2518 seminat
1061 2467 1188 2519 diabolus
1237 2485 1239 2490 ·

651 2540 780 2605 majorem
791 2548 894 2604 partem
908 2538 1088 2589 tentationum
1103 2537 1186 2604 spiri·

649 2609 765 2660 tualium
780 2608 860 2659 istius
881 2607 1020 2674 temporis,
1042 2617 1068 2659 et
1086 2607 1186 2659 radicat

650 2682 677 2732 in
692 2681 820 2732 cordibus
833 2681 943 2731 illorum
955 2680 1079 2747 quisunt
1093 2680 1184 2732 nuntii

650 2752 819 2816 Antichristi,
839 2762 919 2818 prout
937 2752 1027 2803 videre
1038 2751 1141 2817 poteris
1155 2751 1183 2802 in

650 2824 886 2892 subsequentibus.
913 2825 989 2876 Unde
1011 2824 1092 2876 debes
1115 2823 1183 2876 scire

650 2896 723 2962 quod
745 2911 815 2947 verae
840 2894 1025 2959 revelationes,
1051 2905 1077 2947 et
1096 2894 1185 2946 senti-

651 2979 740 3019 menta
760 2969 920 3035 spiritualia¹
934 2979 1098 3020 secretorum
1123 2968 1183 3032 Dei,

651 3055 706 3090 non
720 3039 834 3091 veniunt
846 3055 893 3106 per
905 3041 1071 3091 antedictum
1084 3039 1187 3092 deside-
1234 3076 1237 3081 -

650 3112 732 3175 rium,
752 3127 838 3178 neque
856 3127 904 3177 per
925 3113 1034 3179 aliquod
1055 3126 1185 3163 conamen

649 3182 691 3232 vel
712 3180 833 3232 studium
847 3182 920 3247 quod
942 3182 1033 3233 anima
1049 3182 1144 3232 habeat
1157 3180 1186 3232 in

649 3267 690 3314 se;
706 3252 753 3302 sed
767 3260 873 3302 tantum
895 3251 1007 3304 veniunt
1025 3267 1073 3318 per
1091 3264 1186 3316 puram

651 3323 799 3375 bonitatem
812 3324 861 3375 Dei
880 3325 909 3375 in
928 3325 1057 3385 animam,
1071 3337 1133 3391 quoe
1144 3333 1186 3374 eat

651 3397 682 3447 in
697 3412 794 3463 magna
810 3397 974 3458 humilitate,
993 3408 1019 3448 et
1031 3411 1129 3463 magno
1146 3395 1185 3446 ti-

652 3484 737 3530 more,
748 3483 778 3520 ac
792 3469 941 3520 reverentia
958 3468 1016 3519 Dei.
1028 3469 1103 3532 item,
1116 3465 1185 3518 scias

651 3540 723 3607 quod
739 3539 883 3591 exercitare
896 3555 925 3590 se
939 3539 966 3590 in
979 3553 1076 3606 magna
1089 3536 1184 3588 humi-

650 3611 734 3672 litate,
751 3627 781 3662 ac
803 3611 902 3663 timore
923 3626 1032 3676 magno,
1059 3625 1088 3660 ac
1107 3623 1186 3660 reve-

651 3684 737 3735 rentia
756 3683 816 3744 Dei,
837 3695 946 3750 propter
968 3683 1021 3733 hoc
1046 3692 1077 3733 ut
1101 3682 1186 3735 homo

651 3755 748 3805 habeat
767 3753 886 3805 visiones
911 3768 940 3804 ac
963 3753 1138 3804 revelationes
1158 3760 1188 3808 et

650 3825 810 3876 sentimenta
823 3823 983 3890 supradicta,
995 3834 1036 3875 est
1047 3823 1146 3876 habere
1155 3822 1185 3876 in
1248 3889 1250 3894 Ι

651 3903 680 3946 se
707 3895 822 3946 radicem
846 3903 872 3946 et
901 3893 1127 3958 fundamentum,
1150 3905 1184 3946 ac
