2632 4320
306 283 354 334 DE
367 280 553 336 DUODECIM
573 279 743 333 CONSILIIS
759 279 1003 333 EVANGELICIS.
1187 281 1220 349 93

530 662 698 733 CAPUT
719 661 792 732 XII

304 942 358 1010 De
382 939 565 1011 duodecim
591 939 750 1010 consiliis
774 936 1013 1031 Euangelicis.

127 1205 138 1242 r
160 1191 286 1240 Rstsrro
307 1203 484 1239 consistorum
502 1203 536 1238 nr>
557 1202 632 1239 enu-

94 1279 186 1316 caars.
210 1290 242 1301 -
270 1261 307 1313 Et
327 1261 392 1327 quia
410 1261 513 1312 dictum
537 1270 577 1312 est
599 1261 632 1311 de

94 1332 247 1402 praeceptis,
269 1347 329 1398 quae
348 1341 412 1382 sunt
428 1331 577 1382 necessaria
598 1332 632 1381 ad

94 1407 221 1467 salutem,
236 1403 376 1455 videamus
396 1412 422 1454 et
451 1403 485 1453 de
511 1401 633 1453 consiliis

94 1490 156 1543 quae
179 1473 360 1541 requiruntur
380 1474 412 1524 ad
434 1472 632 1540 perfectionem.

96 1545 173 1598 Unde
189 1555 218 1596 et
230 1543 379 1611 praeceptis,
397 1552 424 1595 et
438 1542 633 1608 prohibitioni-

95 1617 146 1668 bus
161 1626 299 1667 tenemur.
322 1615 391 1665 Nam
408 1613 552 1664 consilium
569 1629 632 1680 per-

94 1687 161 1739 tinet
171 1687 207 1737 ad
218 1686 359 1752 perfectos,
370 1695 531 1751 praeceptum
542 1696 632 1736 autem

95 1762 127 1813 sd
141 1759 338 1828 perficiendos;
355 1760 400 1810 sed
417 1759 559 1825 permissio
576 1776 633 1827 per-

95 1833 163 1887 tinet
171 1833 208 1884 ad
218 1831 398 1897 imperfectos,
411 1830 561 1896 prohibitio
568 1847 632 1883 vero

96 1906 128 1957 ad
141 1919 293 1973 perversos.
307 1903 349 1953 Ad
363 1903 561 1954 observantiam
575 1904 633 1969 qui·

96 1980 156 2030 dem
176 1987 377 2045 praeceptorum
391 1976 467 2028 utilis
481 1986 522 2028 est
536 1977 632 2027 obser·

97 2054 184 2105 rantis
192 2051 382 2104 consiliorum.
394 2052 549 2118 Aliquando
558 2051 631 2102 enim

97 2125 227 2177 fortitudo
251 2133 328 2175 terrae
352 2123 382 2174 in
406 2123 531 2189 ingressu
558 2123 632 2174 illius

98 2193 223 2246 consistit
233 2209 242 2258 ;
259 2203 285 2244 et
303 2192 363 2244 ideo
385 2209 479 2260 passus
503 2194 548 2244 ille
562 2194 633 2245 bona

98 2266 218 2319 custodia
238 2265 353 2332 indiget,
375 2265 437 2332 quia
457 2267 566 2318 obtento
587 2265 632 2316 in-

98 2353 200 2405 gressu,
229 2336 343 2388 faciliter
373 2337 511 2389 residuum
538 2339 632 2391 hostes

99 2407 232 2460 obtinent.
257 2406 302 2458 Sic
324 2416 364 2458 est
386 2406 502 2459 interra
524 2410 631 2475 anima,

100 2481 160 2546 quis
173 2489 233 2532 tota
247 2478 377 2531 fortitudo
391 2480 449 2545 ejus
467 2481 590 2533 consistit
603 2483 631 2534 in

100 2549 233 2618 ingressu,
263 2549 365 2601 scilicet
388 2550 416 2601 in
446 2551 632 2605 occasionibus

102 2631 277 2686 peccatorum,
299 2629 325 2671 et
348 2630 457 2686 propter
472 2621 524 2673 hoc
538 2638 632 2674 neces-

103 2691 166 2743 saria
180 2702 222 2743 est
236 2692 308 2741 bona
319 2691 443 2743 custodia
454 2691 523 2742 circa
532 2691 631 2758 ipsum.

103 2761 210 2829 Propter
224 2761 376 2812 custodiam
390 2770 480 2811 autem
497 2761 576 2814 istius
588 2764 632 2814 in·

104 2845 205 2895 gressus
217 2831 317 2881 dantur
331 2831 453 2894 consilia,
469 2847 529 2897 quae
542 2834 632 2885 conti·

106 2911 164 2953 nent
194 2911 221 2954 et
253 2901 411 2953 custodiunt
438 2902 571 2965 mandata,
601 2921 632 2956 ac

105 2975 240 3026 retrahunt
254 2974 396 3026 hominem
413 2975 447 3025 ab
459 2975 574 3028 incautis
588 2994 632 3030 re-

107 3045 244 3108 spectibus,
272 3053 299 3095 et
323 3044 493 3096 discursibus.
515 3057 542 3097 et
571 3049 632 3099 aliis

107 3116 234 3180 periculis.
267 3117 337 3167 Sunt
367 3127 455 3168 autent
490 3119 632 3170 duodecim

103 3188 212 3247 ,consilia
233 3189 403 3256 Evangelica,
422 3205 483 3257 quae
507 3191 632 3245 Christus

108 3259 194 3324 adjecit
207 3261 241 3312 ad
254 3272 396 3328 praecepta.

136 3345 150 3380 2
165 3333 217 3382 Sex
228 3348 310 3383 rarus
320 3348 441 3384 consum
452 3335 632 3388 Evnuestrcn.

112 3426 137 3442 -
162 3404 283 3457 Primum
310 3415 351 3457 est
379 3407 552 3472 paupertatis,
572 3425 633 3475 quae

111 3475 225 3529 consistit
238 3477 268 3528 in
290 3476 461 3529 abdicatione
481 3481 633 3546 proprieta-

112 3542 150 3596 tis.
170 3548 248 3600 Unde
270 3558 311 3601 est
333 3549 402 3600 illud
427 3551 572 3603 Matthaei:
598 3553 632 3604 Si

115 3616 150 3668 tis
158 3621 293 3687 perfectus
319 3635 387 3683 esse,
410 3623 479 3674 vade
502 3631 529 3675 et
551 3625 635 3676 vende

52 3748 54 3757 Ι
116 3689 193 3740 omnia
214 3706 275 3757 quae
287 3693 378 3756 trabes,
397 3699 425 3744 et
447 3693 506 3744 ueni
525 3707 634 3760 sequere

118 3770 158 3810 me.
173 3759 208 3812 Et
235 3761 301 3813 illud
323 3763 402 3814 Lucae
418 3778 425 3814 :
442 3763 495 3825 Qui
516 3779 567 3816 non
588 3779 634 3817 re-

118 3831 209 3882 mottiat
220 3835 340 3886 omnibus
360 3849 421 3901 quae
432 3836 565 3901 possidet,
582 3851 633 3888 non

118 3903 192 3959 potest
205 3917 279 3958 meus.
290 3919 349 3959 esse
362 3906 521 3974 disciputus.
537 3934 568 3947 -
583 3908 633 3960 Se-

686 1184 806 1238 cundum
830 1196 870 1238 est
895 1187 1064 1238 obedIentIae.
1084 1187 1162 1238 Unde
1177 1200 1218 1242 est

686 1260 772 1311 illud:
792 1260 825 1311 Si
838 1260 898 1326 quis
912 1259 969 1310 vult
983 1265 1048 1325 post
1063 1273 1103 1310 me
1117 1262 1217 1327 venire,
1275 1275 1285 1287 ‘

685 1333 800 1401 abneget
812 1332 992 1398 semetipsum.
1009 1334 1042 1383 Et
1056 1332 1143 1384 illud:
1158 1335 1214 1386 Su-

681 1420 733 1470 per
767 1405 922 1456 cathedram
950 1404 1064 1472 Moysis
1091 1405 1218 1457 sederunt

685 1476 790 1527 Scribae
813 1481 840 1526 et
867 1475 1014 1540 Pharisaei,
1039 1475 1127 1527 omnia
1149 1491 1217 1544 ergo

684 1561 846 1614 quaeeunque
872 1546 996 1597 dixerint
1016 1547 1099 1610 uobis,
1120 1548 1218 1613 facite.

685 1646 715 1657 -
729 1617 853 1669 Tertium
868 1626 907 1668 est
920 1617 1058 1668 castitatis.
1077 1619 1155 1669 Unde
1178 1629 1218 1670 est

685 1689 777 1741 illud:
798 1689 869 1740 Sunt
896 1687 1020 1738 Eunuchi
1046 1689 1092 1753 qui
1112 1690 1217 1755 seipsos

685 1771 873 1817 castraverunt
882 1771 996 1831 propter
1012 1779 1127 1831 regnum
1141 1768 1218 1820 coelo·

685 1851 752 1888 rum.
777 1836 813 1886 Et
834 1835 901 1886 illud
920 1835 1066 1886 :Audistis
1088 1836 1151 1901 quia
1173 1836 1218 1887 di-

685 1914 755 1959 ctum
777 1911 818 1957 est
831 1905 970 1972 antiquis:
989 1907 1052 1956 Non
1072 1906 1219 1958 moeclrabe·

685 1978 746 2042 ris,·
771 1991 824 2044 ego
842 1983 942 2042 ¹autem
970 1977 1030 2028 dico
1056 1978 1147 2040 vobis,
1172 1979 1220 2043 qui
1282 2023 1286 2031 .

685 2051 784 2102 uiderit
805 2051 942 2102 mulierem
965 2051 1002 2102 ad
1030 2052 1218 2118 concupiscen-

685 2121 747 2172 dum
775 2135 843 2184 eam,
864 2122 926 2189 jam
955 2122 1101 2172 moechatus
1122 2128 1163 2173 est
1189 2122 1216 2173 in

685 2193 766 2244 corde
777 2207 834 2255 suo,
849 2193 898 2243 ubi
912 2191 1063 2243 ostenditur
1077 2193 1150 2259 quod
1161 2209 1217 2244 non

685 2264 774 2314 solum
788 2263 952 2314 damnabilis
966 2273 1006 2314 est
1019 2277 1167 2314 consensus
1188 2263 1217 2313 in

685 2349 754 2400 opus
767 2333 897 2400 moechiae,
913 2335 959 2384 sed
978 2343 1004 2386 et
1022 2349 1169 2385 consensus
1185 2334 1220 2385 ad

685 2407 870 2458 delectandum
906 2407 935 2457 in
961 2408 1049 2457 corde.
1078 2407 1142 2458 Haec
1168 2407 1220 2457 tria

685 2477 798 2529 consilia
831 2477 956 2543 praedicta
995 2485 1059 2527 sunt
1093 2476 1219 2542 speciaIIa

685 2552 776 2603 omnis
796 2551 916 2617 perfectae
936 2549 1084 2616 religionis,
1110 2559 1136 2599 et
1150 2550 1219 2600 sub·

684 2622 833 2685 stantialia;
857 2621 921 2688 quia
948 2636 1012 2670 suos
1035 2620 1220 2671 observatores

685 2693 812 2758 elongant
825 2707 840 2742 a
854 2693 936 2752 malo,
956 2705 1012 2740 son
1030 2690 1119 2740 solum
1135 2695 1235 2756 quan·'

685 2774 744 2815 tum
765 2763 798 2813 ad
819 2763 935 2830 culpam,
957 2762 1003 2812 sed
1027 2761 1107 2812 etiam
1129 2777 1218 2829 quan-

684 2843 743 2885 tum
757 2834 790 2884 ad
805 2849 922 2885 causam.
933 2833 1021 2884 Omne
1033 2847 1150 2899 namque
1163 2847 1220 2883 ma-

685 2908 743 2957 lum
751 2905 838 2956 oritur
847 2921 879 2956 ex
885 2904 986 2970 triplici
997 2903 1094 2965 radice,
1103 2904 1219 2956 scilicet:

685 2993 718 3028 ex
736 2976 951 3042 concupiscentia
966 2976 1071 3038 carnis,
1086 2983 1112 3027 et
1128 2990 1220 3027 concu-

682 3050 816 3116 piscentia
831 3048 976 3113 oculorum,
992 3054 1019 3100 et
1034 3048 1161 3116 superbia
1182 3049 1220 3099 ui·

686 3129 730 3173 tae.
746 3120 876 3172 Praedicta
893 3135 957 3170 vero
977 3120 1029 3170 tria
1045 3120 1157 3171 consilia
1170 3133 1220 3170 nos
1307 3147 1310 3156 ·

685 3193 812 3258 elongant
822 3191 937 3258 perfecte
953 3191 988 3242 ab
1003 3191 1053 3243 hac
1066 3192 1165 3258 triplici
1181 3206 1220 3241 ra·

685 3267 753 3327 dice,
769 3265 873 3317 scilicet
891 3281 898 3316 ε
919 3275 1070 3332 paupertas,
1085 3280 1101 3315 a
1116 3279 1218 3315 concu-

686 3337 814 3404 piscentia
828 3339 981 3402 oculorum3
997 3337 1113 3396 castitas,
1125 3350 1141 3386 a
1154 3349 1218 3385 con·

685 3407 849 3474 cupiscentia
865 3408 965 3472 carnis;
983 3418 1009 3459 et
1025 3404 1219 3465 obedientiae

685 3478 811 3546 superbia
832 3479 905 3531 vitae.
922 3507 952 3518 -
968 3479 1102 3539 Quartum
1125 3474 1219 3526 consi-

686 3551 755 3602 lium
778 3560 819 3602 est
832 3551 960 3602 caritatis.
977 3549 1052 3601 Unde
1068 3556 1108 3598 est
1122 3547 1188 3596 illud
1209 3562 1218 3598 a

687 3622 804 3688 Diligite
832 3621 954 3673 inimicos
986 3624 1098 3671 vestros.
1128 3617 1220 3680 Istud,

687 3701 820 3759 quantum
845 3691 879 3742 ad
903 3690 1076 3742 dilectionem
1099 3687 1219 3749 affectus,

687 3774 728 3814 est
740 3773 903 3830 praeceptum
908 3778 916 3826 ;
932 3763 979 3812 secl
990 3769 1124 3827 quantum
1135 3760 1168 3810 ad
1183 3759 1222 3810 di·

687 3833 831 3885 lectionem
851 3832 967 3891 effectus,
985 3840 1025 3882 est
1045 3829 1189 3882 consilium
1211 3845 1220 3879 r

687 3905 751 3973 quia
770 3901 881 3958 immico
900 3904 968 3956 velle
986 3902 1100 3969 gratiam
1116 3912 1142 3954 et
1159 3901 1220 3968 glo·
