2632 4320
117 288 166 340 150
227 320 230 325 ·

113 409 162 459 Dei
171 409 268 473 Patris,
284 404 550 465 indicemusJudaeis,
564 413 595 455 ut
606 403 645 454 sic

113 479 219 529 utinam
242 479 445 544 apprehendant
468 487 531 527 eum
547 490 595 542 per
610 473 645 524 fi-

114 549 185 601 dem.

145 620 224 670 orn
249 634 378 671 nucrosus
401 632 600 669 constentino.
616 644 646 654 -

116 691 247 756 Conspice
261 691 344 758 igitur
365 690 506 756 praedictos
531 688 647 740 nedamos

114 761 143 809 in
158 775 208 811 suo
222 762 335 813 concilio
359 761 477 826 pessimo
493 769 646 819 testinantes,

115 842 142 882 et
168 832 318 884 Dominum
335 834 427 884 Jesum
448 846 477 881 ac
498 831 647 895 discipulos

116 911 245 970 tanquam
276 919 426 971 pauperes,
450 912 477 952 et
501 901 647 952 imbecilles

115 976 277 1028 recedentes.
293 977 365 1037 Quid
385 986 450 1026 tunc
472 986 550 1040 putas
571 977 647 1042 Mag-

116 1046 240 1096 daienam
271 1047 390 1098 dixisse?
427 1047 477 1096 Sed
504 1055 531 1096 et
560 1046 648 1112 qualis

116 1116 200 1167 animi
214 1119 298 1168 Mater
311 1117 422 1168 Domini
436 1117 498 1166 Jesu
510 1126 574 1177 erat,
585 1133 648 1167 cum

116 1186 155 1236 sic
172 1202 234 1237 eum
249 1188 369 1238 recedere
384 1187 494 1248 videret,
507 1197 533 1236 et
545 1187 649 1237 audiret

117 1271 224 1308 causam
236 1273 327 1325 quare,
337 1258 401 1324 quia
414 1257 515 1307 scilicet
523 1272 586 1307 eum
601 1272 649 1307 oc-

117 1328 206 1379 cidere
217 1329 360 1380 volebant?
377 1328 458 1378 Potes
469 1328 514 1378 hic
526 1327 648 1379 meditari

406 285 582 339 SECUNDAE
599 282 726 334 PARTIS'
736 283 859 336 'CAPUT
873 283 942 335 ms

698 401 843 451 Dominam
859 409 886 450 et
900 415 1006 451 sorores
1016 400 1074 464 eius
1091 409 1157 450 tunc
1172 416 1234 451 cum

699 475 854 541 Magdalena
863 473 1035 533 remansisse,
1045 483 1073 523 et
1084 474 1233 525 Dominum

699 550 791 599 iesum
812 562 856 599 eas
876 562 970 598 omnes
984 548 1016 598 de
1033 548 1084 598 cita
1101 562 1154 599 sua
1167 565 1235 599 con-

699 619 824 670 versione
853 629 918 669 tunc
942 618 1111 670 consolatum
1137 618 1232 670 fuisse.

701 690 847 741 Considera
862 705 934 740 nunc
949 690 1089 756 qrmmodo
1100 690 1235 740 Dominus

701 774 765 811 suos
787 760 962 821 adversarios,
988 777 1059 827 quos
1080 761 1141 810 solo
1168 772 1235 812 nutu

735 835 932 900 cdere‘poterat
953 843 1080 900 tanquam
1110 833 1237 884 imbecil—

711 918 749 964 es,
779 905 927 954 recedendo
952 904 1111 966 declinabat,
1134 919 1186 954 nec
1200 918 1237 954 ‘se

701 975 795 1025 saitem
815 975 906 1026 verbis
930 975 1081 1024 excusando
1106 972 1238 1025 defende-

702 1047 759 1109 bat3
775 1061 805 1096 ac
816 1047 873 1110 ejus
886 1047 1124 1097 mansuetudinem
1136 1055 1167 1097 .et
1179 1047 1237 1097 hu-

703 1119 844 1169 militatem
859 1119 990 1169 imitando
1008 1134 1120 1169 omnem
1133 1120 1238 1184 depone

702 1189 911 1240 amaritudinem
934 1199 961 1238 et
978 1188 1108 1248 furorem,
1121 1188 1238 1254 quiasic

704 1269 730 1310 et
754 1260 874 1326 corporis
899 1270 927 1310 et
942 1259 1040 1310 anime
1056 1259 1171 1310 habebis
1190 1273 1237 1329 re·
1288 1289 1291 1293 <

704 1344 807 1396 quiem.

609 1577 744 1628 ORATIO

149 1745 265 1796 Domine
278 1747 341 1796 iesu
351 1745 469 1807 Christe,
485 1747 576 1813 magni
596 1747 703 1799 consilii
722 1748 834 1814 angele,
850 1748 898 1815 qui
918 1747 1063 1798 concilium
1083 1746 1241 1814 malignan-

120 1815 189 1866 tium
198 1826 296 1887 contra
308 1826 335 1867 te
350 1816 408 1867 fieri
424 1818 581 1883 permisisti,
592 1833 640 1868 nec
655 1819 709 1869 illis
719 1819 842 1869 resistere
858 1833 907 1884 per
919 1818 1077 1884 potentiam,
1091 1818 1141 1868 sed
1154 1817 1242 1884 magis

120 1887 211 1937 cedere
225 1903 272 1953 per
287 1888 444 1954 patientiam
459 1889 580 1950 uoluisti,
600 1904 634 1938 ne
655 1890 826 1956 derelinquas
843 1904 888 1939 me
909 1889 939 1939 in
952 1899 1058 1939 errante
1070 1888 1181 1952 judicio,
1194 1899 1244 1939 aut

120 1958 201 2007 nonio
214 1959 328 2008 consitio
342 1958 396 2008 mei
412 1959 518 2009 arbitrii
529 1961 574 2009 vei
589 1960 743 2020 hominum,
753 1975 840 2027 neque
849 1959 880 2010 in
892 1970 1022 2026 potestate
1033 1970 1079 2011 aut
1086 1959 1241 2010 tentatione

120 2029 293 2094 daemonum
305 2031 351 2080 aed
368 2031 470 2095 tuipse
491 2031 636 2080 clementer
651 2047 695 2080 me
711 2031 785 2080 intus
807 2041 834 2081 et
857 2030 923 2080 foris
941 2031 1056 2095 dispone
1077 2040 1105 2080 et
1125 2045 1197 2096 rege,
1210 2045 1244 2080 ac

120 2099 207 2165 dirige
223 2101 251 2150 in
267 2101 340 2151 viam
355 2101 449 2150 salutis
467 2110 583 2150 aterna.
604 2102 643 2150 Da
657 2101 738 2161 mihi,
755 2102 881 2161 Domine,
896 2113 926 2152 ut
939 2102 1072 2168 quidquid
1086 2112 1180 2152 contra
1194 2117 1241 2152 me

121 2171 258 2221 dimoticae
272 2182 319 2222 aut
336 2172 463 2222 humanae
476 2172 628 2222 moiiuntur
646 2174 828 2236 adversitates,
842 2174 998 2239 redigantur
1011 2174 1044 2223 ad
1062 2173 1193 2233 idhitum,
1209 2185 1241 2223 ut

122 2241 223 2360 {Bassus
230 2253 258 2292 et
273 2244 306 2292 de
318 2242 394 2292 omni
410 2243 529 2308 periculo
537 2253 654 2308 ereptus,
667 2245 744 2295 laetus
754 2245 807 2294 tibi
821 2243 935 2296 reseram
948 2245 1094 2310 gratiarum
1105 2241 1241 2296 actiones.

146 2327 219 2362 metr.

537 2721 707 2792 CAPUT
741 2721 829 2791 XIX

309 2970 362 3038 De
383 2971 496 3040 decem
516 2969 665 3065 leprosis
688 2995 709 3040 a
731 2973 883 3044 Domino
903 2975 1050 3042 cirratis.

560 3220 656 3284 Lucae
674 3242 740 3304 cap.
761 3244 809 3306 17.

158 3476 168 3511 1
184 3461 318 3512 Carisius
336 3473 386 3509 suo
396 3471 654 3516 namucoooaruoa

123 3545 253 3582 marurss
271 3545 434 3581 enarramus
453 3543 502 3579 uos
517 3542 609 3578 nocer.
624 3556 655 3566 -

125 3604 237 3657 Factum
248 3613 289 3657 est
304 3611 399 3666 autem
415 3605 477 3654 dum
490 3603 655 3670 compleren-

711 3459 776 3510 eiem
792 3474 877 3524 mmm,
891 3460 920 3510 id
933 3471 975 3511 est
986 3462 1163 3522 voluntatem,
1178 3476 1243 3514 nam

711 3545 757 3595 per
768 3530 863 3581 taciem
880 3532 1036 3598 designatur
1045 3533 1131 3584 animi
1143 3536 1245 3586 voiun-

710 3610 758 3664 tas,
772 3601 801 3651 in
818 3603 906 3651 locum
933 3604 1078 3668 Passionis,
1095 3615 1123 3655 et
1147 3611 1177 3656 ut
1193 3607 1245 3656 iret

125 3681 168 3725 tur
180 3688 205 3726 et
218 3677 466 3743 appropinquarent
481 3673 539 3723 dies
548 3686 655 3723 assam-

119 3745 223 3812 ptioais
232 3747 343 3796 Domini
353 3747 424 3805 Jesu,
437 3743 463 3794 id
475 3753 516 3793 est
527 3744 659 3793 amundo.

123 3815 155 3865 ad
169 3816 285 3876 Patrem,
303 3832 350 3882 per
368 3813 525 3865 Passionem
538 3824 564 3863 et
581 3828 656 3862 mor·

124 3895 188 3953 tem,
209 3903 264 3938 non
277 3887 395 3950 divertit,
405 3886 455 3938 sed
468 3884 595 3951 firmavit
602 3884 656 3950 sa·

711 3672 738 3721 in
762 3672 921 3735 Jerusalem,
950 3675 1015 3740 quia
1039 3676 1077 3726 ibi
1102 3677 1245 3743 oportebat

710 3756 804 3792 verum
819 3744 927 3808 Agnum
941 3744 1087 3805 immolari,
1102 3747 1151 3796 ubi
1169 3746 1244 3814 figu-

711 3815 775 3865 ralis
790 3831 876 3881 agnus
889 3818 992 3868 solebat
1004 3818 1104 3869 offerri.
1124 3822 1244 3870 Assum·

711 3885 835 3952 ptionem
849 3888 912 3938 Jesu
922 3888 992 3938 dixit
1007 3889 1102 3954 Lucas,
1119 3905 1177 3942 non
1194 3902 1248 3942 so-
