2632 4320
592 198 606 227 f

140 303 177 354 94
431 283 606 335 SECUNDAE
623 280 749 331 enatis
763 281 884 333 enett'r
899 284 959 335 llll.

142 403 210 453 riam
233 412 273 454 est
290 401 468 463 necessitatis3
496 401 541 450 sed
565 399 672 464 impen-

141 473 204 524 dere
224 489 304 538 opera
325 471 506 522 beneficentiae
530 480 556 521 et
578 481 672 520 osten-

141 546 204 596 dere
235 547 274 595 illi
307 545 385 610 signa
412 542 606 594 benevolentiae
633 552 673 591 est

142 616 248 667 consilii
274 626 300 666 et
321 615 503 680 perfectionis.
529 615 597 664 Sane
622 629 672 662 ne-

143 703 204 753 gare
218 687 241 736 ei
256 687 332 752 signa
351 685 551 747 familiaritatis,
566 684 674 750 quando

142 756 248 807 veniam
272 757 353 822 petit,
378 758 420 806 vel
447 754 674 806 ad·iamiliarita-

142 837 197 879 tem
214 845 268 878 non
283 829 451 879 simulatorie
465 843 494 878 se
510 825 674 892 ingeneret

141 901 250 966 quando
266 900 411 950 necessitas
431 898 560 964 exposcit,
581 896 674 947 vindi-

140 981 182 1021 cta
203 980 252 1030 est,
266 971 331 1035 quia
345 981 410 1020 tunc
431 970 502 1019 inter
515 967 616 1017 amicos
634 976 674 1016 est

141 1042 351 1108 computandus;
369 1042 415 1092 sed
434 1040 507 1107 quod
522 1039 620 1105 aliquis
636 1040 675 1088 ul·

140 1125 181 1164 tro
195 1129 224 1163 se
246 1114 279 1163 ad
296 1112 506 1163 familiaritatem
521 1112 577 1176 ejus
595 1111 673 1176 inge-

139 1195 189 1245 rat,
204 1185 256 1234 ltoc
278 1194 318 1234 est
340 1182 523 1249 perfectionis.
538 1210 568 1219 —
582 1181 673 1241 Quin-

138 1267 197 1308 tum
218 1256 364 1306 consilium
384 1264 426 1305 est
448 1253 673 1304 mansuetudinis.

141 1330 218 1382 Unde
235 1328 303 1378 illud
318 1344 325 1377 ε
340 1327 447 1393 Siquis
465 1333 491 1376 te
506 1327 675 1392 permisserit

140 1402 168 1452 in
190 1402 332 1451 dexteram
355 1400 507 1461 maxiltam,
525 1399 619 1464 praebe
633 1399 675 1448 illi

140 1481 168 1526 et
188 1473 316 1535 alteram,
343 1472 370 1522 id
393 1481 435 1522 est
457 1482 564 1537 paratus
586 1471 624 1521 sis
648 1482 674 1520 et

139 1544 220 1595 aliam
243 1542 442 1608 percussionem
466 1542 600 1592 sustinere
623 1557 673 1607 pa-

140 1613 252 1677 tienter,
267 1623 294 1662 et
312 1612 385 1662 istud
406 1622 447 1662 est
464 1613 610 1663 consilium
624 1628 674 1677 pa-

141 1684 257 1743 tientiae,
284 1693 406 1749 respectu
431 1683 550 1734 laesionis
572 1699 674 1749 corpo-

141 1774 213 1809 rum.
240 1760 274 1808 Et
298 1757 365 1807 illud
391 1775 397 1807 :
425 1757 479 1817 Qui
505 1757 563 1807 uult
590 1763 674 1807 tecum

136 1829 242 1896 judicio
258 1829 425 1889 contendere,
441 1835 468 1878 et
482 1828 598 1878 tunicam
619 1828 674 1878 tot·
693 1864 696 1868 .

141 1901 204 1962 lere,
220 1900 324 1950 dimitte
340 1900 364 1949 ei
384 1905 410 1949 et
420 1898 545 1964 pallium,
560 1908 587 1948 et
601 1897 673 1948 istud

139 1983 181 2023 est
195 1982 316 2037 respectu
330 1970 474 2022 ablationis
488 1987 588 2021 rerum.
604 1971 672 2021 Cum

139 2046 309 2096 contentione
334 2054 360 2094 et
386 2044 494 2104 fraude,
517 2043 585 2094 nulli
610 2044 674 2094 licet

140 2131 188 2166 sua
203 2125 330 2180 repetere,
344 2130 406 2164 cum
422 2114 529 2164 caritate
542 2114 606 2164 licet
617 2114 673 2163 im-

140 2188 273 2254 perfectis,
287 2186 411 2252 perfectis
423 2196 513 2236 autem
526 2201 595 2250 non;
608 2186 673 2251 quia

140 2277 195 2311 non
219 2270 337 2325 repetere
365 2270 406 2310 est
435 2258 552 2309 infirmis
577 2261 672 2309 consi-

139 2332 218 2391 lium,
236 2329 362 2396 perfectis
377 2346 441 2381 vero
458 2340 629 2396 praeceptum.
644 2333 674 2381 ll·

140 2401 175 2452 lis
190 2411 279 2452 autem
301 2400 349 2466 qui
370 2401 593 2452 renuntiaverunt
609 2417 673 2467 pro-

140 2472 257 2539 prietati,
277 2489 332 2523 non
347 2472 409 2523 licet
423 2483 539 2539 repetere
554 2488 612 2534 sua,
627 2475 674 2524 sed

140 2552 171 2593 ut
192 2543 417 2610 congregationis.
440 2573 470 2582 -
495 2544 607 2594 Sextum
635 2556 674 2595 est

141 2615 330 2666 misericordiae
353 2626 381 2667 et
398 2616 573 2683 erogationis.
596 2618 675 2669 Unde

141 2697 181 2737 est
202 2687 269 2736 illud
288 2702 294 2734 :
313 2687 393 2736 Omni
408 2688 511 2752 petenti
532 2695 558 2738 te
577 2688 672 2751 tribue,

142 2773 197 2807 non
212 2768 322 2822 propter
336 2773 373 2818 se,
387 2760 433 2807 sed
447 2769 557 2824 propter
571 2759 674 2809 bonum

141 2844 297 2879 commune.
313 2830 346 2879 Et
368 2830 456 2880 illud:
472 2831 506 2880 Si
520 2831 561 2880 vis
578 2833 674 2896 perfe-

140 2908 200 2953 ctus
219 2914 285 2962 esse,
302 2901 384 2952 vende
402 2901 495 2951 omnia
509 2916 570 2967 quoe
583 2901 673 2964 habes,

141 2978 167 3022 et
183 2972 218 3020 da
233 2973 408 3037 parperibur.
423 2973 491 3022 Dare
505 2972 674 3038 superfluum

141 3043 170 3094 in
187 3052 306 3092 extrema
323 3044 479 3095 necessitate
500 3055 541 3095 est
555 3045 675 3096 necessi-

140 3114 204 3165 tatis
216 3124 242 3164 et
255 3115 352 3174 debiti3
367 3117 413 3167 sed
425 3117 489 3166 dare
503 3117 605 3182 quibus
617 3133 675 3184 ege-

141 3201 204 3235 mus
216 3194 257 3234 est
270 3185 386 3235 consilii.
551 3235 553 3240 ,

174 3255 187 3307 3
213 3258 266 3306 Sex
291 3271 391 3306 uerius
412 3273 533 3307 constetit
549 3259 673 3310 Ermer-

140 3345 209 3379 rtcs.
230 3357 260 3366 —
282 3328 431 3392 Septimum
456 3339 496 3378 est
514 3330 548 3380 de
564 3331 673 3398 simpli-

140 3400 220 3451 citate
240 3398 394 3449 verborum.
416 3399 493 3449 Unde
515 3410 556 3450 est
576 3400 642 3451 illud
664 3419 671 3451 τ

141 3471 187 3521 Sit
211 3483 298 3521 sermo
321 3474 411 3519 vester
432 3486 440 3518 :
461 3476 511 3531 est,
533 3477 594 3533 est,
611 3485 671 3534 non,

141 3557 201 3606 ttott,
222 3543 250 3592 id
269 3552 309 3592 est
327 3540 350 3591 si
370 3539 513 3591 affirmatio
532 3543 575 3592 vel
589 3557 672 3608 nega-

141 3611 180 3661 tio
202 3613 287 3663 estin
308 3627 362 3671 ore,
378 3611 414 3662 sit
433 3611 515 3663 etiam
537 3613 566 3662 in
584 3614 671 3664 corde.

142 3685 176 3736 Et
190 3685 257 3736 illud
274 3703 281 3736 ι
298 3686 424 3737 Audistis
438 3687 502 3752 quia
521 3687 674 3738 dictumest

141 3756 259 3820 avitiquis
274 3773 282 3808 :
297 3757 359 3808 Non
370 3757 536 3825 perjurabis.
549 3758 613 3823 Ego
627 3773 673 3808 au-

142 3830 194 3875 tem
210 3826 283 3887 dico,
309 3841 360 3877 non
373 3828 473 3895 jurare
495 3828 608 3877 omnino.
624 3828 673 3878 Ju-

141 3908 209 3960 rare,
224 3907 357 3961 quantum
371 3897 404 3949 ad
418 3896 602 3948 infirmitatem
617 3913 674 3963 pet·

732 482 832 529 autem,
856 483 989 538 quantum
1012 474 1045 524 ad
1071 472 1257 538 perfectionem

732 543 857 608 pertinet,
878 545 985 594 consilii
1010 555 1059 594 est.
1078 573 1109 582 —-
1131 545 1259 595 Octavum
1297 568 1307 597 ι.

732 623 773 664 est
795 614 828 664 de
848 615 956 666 vitanda
975 616 1114 666 occasione
1128 614 1259 681 peccandi.
1296 620 1308 693 t

733 684 811 735 Unde
821 696 862 735 est
872 686 939 736 illud
951 687 1002 736 :Si
1014 686 1107 736 oculus
1119 692 1181 735 tutis
1190 700 1261 735 scatt-

733 757 839 823 dalizat
851 764 886 821 te,
901 773 964 808 erue
977 773 1044 819 eum,
1060 764 1087 807 et
1099 757 1202 822 projice
1215 757 1260 806 air
1300 750 1308 829 ξ

733 833 767 878 te.
778 828 841 887 Ubi,
851 828 998 878 secundum
1005 828 1199 893 Augustinum,
1208 827 1260 876 nul·
1279 860 1288 871 ,
1302 870 1308 903 3

733 898 790 948 lum
805 901 959 950 membrum
978 901 1010 949 ad
1028 901 1145 949 litteram
1170 898 1261 964 praeci-
1300 914 1308 977 ἦ

734 969 809 1034 pitur
827 971 901 1030 erui,
927 971 973 1021 sed
995 971 1098 1021 occasio
1122 970 1259 1036 peccandi3
1300 984 1308 1057 ἃ

733 1043 797 1108 quia
812 1060 866 1093 non
885 1046 974 1095 solum
988 1053 1101 1110 peccata,
1117 1043 1163 1093 sed
1177 1053 1204 1093 et
1216 1058 1261 1092 oc·
1305 1060 1308 1067 ·

733 1115 852 1165 casiones
878 1116 1003 1181 peccandi
1031 1126 1094 1165 sunt
1120 1114 1262 1180 fugiende.
1303 1106 1308 1161 ἶ

733 1187 1264 1239 -Notrumestdeoectitudineintentio-

733 1261 786 1320 nis,
800 1271 828 1310 et
840 1260 1011 1325 simplicitate
1030 1260 1119 1325 operis
1135 1260 1178 1309 vel
1192 1258 1261 1309 finis.
1304 1272 1308 1279 ·

733 1332 811 1384 Unde
825 1341 866 1381 est
880 1331 946 1382 illud
962 1349 970 1381 t
984 1331 1122 1382 Attendite
1138 1329 1264 1396 nejmtir·

733 1403 798 1453 tiam
812 1408 928 1453 vestram
936 1402 1055 1468 faciatis
1073 1416 1165 1452 coram
1179 1399 1263 1451 hond-
1304 1404 1308 1417 ⁴

733 1473 818 1537 nibus,
842 1480 872 1524 ut
891 1473 1036 1524 videamini
1051 1473 1086 1522 ab
1107 1471 1157 1522 eis.
1173 1471 1212 1521 Et
1229 1471 1264 1521 il-

733 1544 780 1593 lud
797 1561 803 1593 :
822 1544 871 1595 Sic
888 1545 976 1595 luceat
993 1544 1045 1592 lux
1062 1549 1155 1592 vestra
1175 1556 1264 1593 eoram

732 1615 890 1678 hominibus,
904 1622 935 1666 ut
950 1616 1058 1666 videant
1076 1629 1161 1681 opera
1175 1620 1264 1664 vestre
1305 1628 1308 1633 ·

734 1687 810 1750 bona,
823 1694 850 1737 et
856 1687 1012 1753 glorifiemt
1023 1687 1136 1736 Patrem
1148 1691 1264 1737 restrum

732 1757 778 1823 qui
798 1757 824 1808 in
846 1758 922 1808 coeiis
942 1764 992 1809 est.
1013 1785 1045 1794 -
1064 1756 1208 1807 Decimum
1226 1762 1266 1804 est

731 1829 766 1880 de
781 1829 970 1880 conformitate
984 1829 1074 1895 operis
1086 1837 1113 1879 et
1127 1827 1265 1878 docuinae.

733 1901 810 1952 Unde
823 1912 865 1951 est
881 1901 947 1951 illud
965 1915 971 1950 :
991 1900 1045 1961 Qui
1065 1906 1156 1950 autem
1164 1897 1266 1963 fecerit

732 1980 758 2023 et
779 1973 911 2036 documt,
926 1973 969 2023 hic
990 1986 1106 2037 magices
1126 1971 1264 2022 vocabitur

732 2044 760 2093 in
779 2059 866 2109 regno
886 2044 1021 2095 coelorum.
1043 2044 1077 2093 Et
1095 2043 1163 2092 illud
1185 2059 1194 2091 ι
1216 2040 1265 2091 ΑΙ-

733 2114 823 2179 ligant
835 2115 985 2164 inminibus
996 2128 1079 2164 onera
1092 2112 1205 2178 gravia,
1220 2111 1264 2162 di·
1285 2114 1306 2177 '-

732 2185 792 2249 gito
804 2191 892 2234 autem
903 2199 951 2235 suo
961 2185 1095 2235 nolenter
1109 2196 1217 2233 nieme
1218 2217 1265 2232 .....

732 2256 919 2317 Dicuntenim,
930 2262 959 2305 et
970 2271 1021 2306 non
1025 2255 1145 2321 faciunt.
1156 2254 1188 2302 lu
1202 2267 1265 2319 prae·

732 2327 875 2391 diostione,
889 2327 1034 2394 aliquando
1054 2325 1185 2376 asseritur
1201 2339 1266 2374 cen·

732 2399 774 2449 sio
797 2399 956 2464 generaliter
977 2399 1011 2448 de
1034 2397 1078 2447 his
1099 2412 1161 2463 quae
1181 2395 1266 2462 petti-

733 2483 797 2523 nent
815 2473 848 2523 ad
869 2482 970 2522 statum
991 2471 1100 2533 salutis3
1121 2469 1267 2535 aliquando

733 2546 789 2596 Deo
804 2544 931 2595 asseritur
945 2543 1035 2593 censio
1052 2541 1203 2592 secundum
1218 2550 1267 2591 sta·

733 2630 792 2669 tum
810 2618 990 2685 perfectionis,
1007 2627 1100 2682 utpote
1116 2613 1265 2681 religionis.

735 2691 826 2741 Primo
852 2689 933 2738 modo
957 2697 1064 2738 tenetur
1086 2685 1172 2735 facere
1192 2685 1265 2751 quod

733 2761 798 2810 dicit'
809 2760 975 2826 praedicator,
985 2774 1046 2808 cum
1058 2765 1267 2806 asseratornnes

734 2833 767 2881 ad
783 2832 834 2880 hoc
854 2830 953 2894 teneri3
975 2827 1091 2879 secundo
1106 2827 1190 2876 modo
1211 2840 1265 2875 non

734 2913 849 2961 tenetur,
869 2901 921 2951 nisi
941 2902 999 2966 ipse
1015 2899 1210 2964 perfectionem
1229 2898 1266 2947 il·

734 2975 788 3022 lam
799 2971 911 3022 voverit.
923 2971 1050 3021 Existens
1061 2979 1153 3018 autem
1167 2968 1198 3018 in
1211 2982 1268 3034 pec·

733 3055 791 3096 cato
807 3044 922 3103 notorio,
939 3053 1030 3110 peccat
1043 3041 1152 3107 quando
1167 3040 1267 3105 praedi-

733 3124 782 3176 cat,
793 3115 858 3182 quia
867 3114 1040 3174 scandalizat;
1050 3111 1172 3162 existens
1177 3120 1268 3161 autem

733 3187 761 3236 in
775 3195 883 3252 peccato
905 3185 1024 3244 occulto,
1046 3182 1069 3232 si
1090 3182 1223 3248 praedicat
1241 3190 1269 3241 et

732 3273 787 3307 non
802 3257 890 3307 studet
906 3271 937 3304 ex
952 3271 1001 3306 suo
1019 3253 1118 3304 delicto
1134 3268 1269 3318 compun-

732 3331 769 3396 gi,
783 3331 871 3380 adhuc
888 3329 995 3379 videtur
1008 3342 1124 3394 peceare,
1143 3325 1210 3392 quia
1222 3324 1268 3375 vi-

731 3402 810 3451 detur
832 3408 1012 3450 contemnere.
1031 3426 1061 3435 —
1082 3396 1266 3447 Undecimum

731 3471 820 3521 estde
840 3469 949 3520 vitanda
972 3467 1163 3518 sollicitudine.
1188 3466 1270 3517 Unde

731 3551 772 3591 est
793 3541 860 3591 illud
881 3556 889 3589 ι
909 3539 1004 3590 Nolite
1020 3537 1131 3588 solliciti
1146 3551 1222 3599 erse„
1234 3536 1269 3587 Et

732 3612 800 3662 illud
817 3629 824 3660 ι
839 3611 934 3660 Nolite
947 3610 1072 3675 cogitare
1085 3608 1119 3658 de
1132 3607 1266 3659 aestino.

733 3684 786 3735 Ubi
798 3682 939 3732 sciendum
950 3681 1023 3747 quod
1037 3681 1207 3746 quadruplex
1227 3689 1269 3730 est

732 3753 886 3805 sollicitudo
898 3770 905 3802 ι
916 3752 1004 3817 prima
1018 3760 1057 3800 est
1070 3750 1227 3809 laudabilis,
1240 3760 1268 3801 et

733 3834 773 3876 est
799 3822 975 3889 providentiae
1000 3820 1147 3887 spiritualis
1177 3821 1267 3887 quoad

733 3897 869 3958 animam,
892 3895 1029 3963 quomodo
1045 3892 1109 3960 quis
1128 3893 1187 3943 Deo
1206 3893 1267 3959 pls-

1291 90 1301 337 l

732 397 809 458 tinet,
827 400 1013 464 permissionis
1028 409 1082 461 est3
1098 415 1154 449 non
1178 401 1259 466 jurare
1282 340 1308 474 l
