2632 4320
317 309 364 360 DE
379 311 585 365 ABLUTIONE
600 315 721 368 PEDUM
738 320 1011 378 Dtsctruuoattn.

103 430 152 473 aut
180 421 362 489 parvipendat.
402 426 573 493 Impossibile
599 441 639 484 est

104 494 259 546 enimcum
278 497 318 546 eis
337 498 442 559 salvari,
465 511 491 551 et
511 501 638 568 impossi-

103 568 159 637 bile
181 578 225 620 est
249 585 279 620 ea
307 570 384 632 dilui,
411 573 467 624 nisi·
486 591 536 641 per
554 577 639 628 Clari-

103 652 189 706 stum,
214 654 239 693 et
262 659 277 693 a
303 645 422 706 Christo,
447 649 511 714 quia
529 650 552 701 si
581 667 637 703 non

102 714 199 766 laverit
211 730 242 765 ea
254 715 387 776 Christus,
406 735 460 769 non
475 721 637 775 habebimus

103 796 208 853 partem
225 804 287 838 cum
307 805 347 840 eo.
371 793 457 843 Nemo
475 803 566 845 tamen
589 812 638 863 pro

102 858 145 910 eis
168 859 299 925 desperet,
329 862 461 927 quoniam
489 865 513 915 si
539 865 638 917 viderit

104 945 157 981 nos
180 930 315 982 Dominus
345 933 486 984 humiliter
513 952 564 1003 pm
600 937 638 989 eis

103 1016 167 1053 esse
177 1002 317 1066 sollicitos,
334 1002 455 1069 ignoscet
472 1006 558 1069 facile,
580 1009 637 1061 imo

101 1083 130 1126 et
155 1072 280 1125 libenter.
312 1074 351 1125 De
379 1077 532 1129 minoribus
563 1080 637 1131 enim

97 1145 157 1197 latis
176 1146 292 1213 peccatis
307 1148 351 1213 pia
364 1149 566 1214 dispensatione
580 1168 636 1202 no-

97 1217 205 1274 biseum
222 1220 332 1285 agitur:
348 1231 379 1271 ut
391 1238 446 1272 non
462 1224 571 1289 penitus
584 1240 636 1276 au-

95 1288 231 1357 ferentem
255 1292 303 1342 sed¹
325 1292 354 1341 in
376 1292 430 1343 illis
454 1310 503 1344 nos
532 1295 638 1346 erudiat

99 1364 183 1426 Deus,
204 1373 237 1414 ut
260 1381 321 1415 cum
339 1365 446 1417 minora
466 1383 557 1419 cavere
580 1384 637 1418 non

99 1451 263 1505 possumus,
286 1437 350 1488 certi
372 1455 468 1490 sumus
488 1440 562 1506 quod
582 1457 636 1491 non

99 1508 200 1560 nostris
218 1508 322 1559 viribus
341 1510 441 1575 majora
459 1526 636 1577 superemus3

102 1594 262 1646 semperque
277 1581 395 1631 timorati
414 1592 442 1632 et
457 1583 570 1633 omnino
583 1583 639 1633 sol-

102 1649 172 1702 liciti
184 1651 283 1713 simus,
301 1653 438 1718 quomodo
453 1654 510 1718 ejus
521 1653 637 1720 gratiam

104 1737 160 1773 non
175 1723 341 1784 amittamus,
357 1739 439 1789 quarn
454 1725 533 1774 nobis
547 1734 638 1776 tanto-

104 1807 176 1861 pere,
205 1802 231 1843 et
258 1803 313 1843 tam
338 1794 486 1845 multifarie
514 1811 638 1846 necessa-

102 1865 172 1919 riam
182 1881 240 1918 esse
254 1866 388 1917 sentimus
403 1884 410 1917 :
426 1887 440 1914 n
453 1868 511 1918 lraec
522 1869 640 1920 armar»

102 1939 164 1991 duae
186 1939 290 1991 Deinde
310 1940 446 1991 Dominus
469 1941 637 2009 subjungit:

100 2009 141 2062 Et
154 2026 213 2072 vos,
226 2012 351 2077 discipuli
363 2014 420 2065 mei
431 2014 540 2075 scilicet,
548 2014 642 2065 mundi

100 2082 185 2149 eslim
197 2083 244 2148 qui
255 2099 270 2133 a
282 2100 326 2134 me
338 2084 469 2135 mundati.
481 2085 637 2135 Secundum

99 2155 291 2219 deminum,
317 2166 392 2205 erant
418 2157 519 2218 mundi,
549 2172 638 2224 quan-

100 2236 160 2279 tum
171 2227 205 2277 ad
218 2242 313 2277 manus
328 2236 353 2276 et
367 2238 446 2293 caput
454 2244 463 2293 3
478 2243 533 2278 non
544 2243 635 2296 quan-

101 2298 212 2349 turned
238 2299 326 2365 pedes.
353 2299 386 2348 Et
410 2299 534 2364 sequitur
555 2315 563 2349 t
582 2298 641 2350 Sed

104 2385 156 2424 aon
170 2385 269 2421 omnes.
284 2370 344 2418 Duo
362 2369 435 2418 enim
459 2380 523 2421 sunt
544 2369 638 2436 praeci-

104 2457 168 2511 pua,
182 2442 284 2510 quibus
297 2441 381 2491 homo
397 2456 412 2491 a
427 2440 541 2506 peccatis
556 2457 639 2492 mun-

103 2512 201 2573 datur,
231 2512 332 2563 scilicet
358 2529 365 2562 :
395 2513 584 2577 eleemosyna,
613 2521 640 2561 et

103 2582 218 2648 caritas3
252 2593 344 2632 contra
377 2582 517 2649 primum,
558 2582 640 2631 Judas

104 2655 243 2709 Iseariotes
258 2655 311 2720 sur
331 2661 410 2719 erat,·
430 2665 522 2705 contra
542 2669 641 2705 secun·

104 2728 183 2790 dum²
197 2728 300 2780 Christi
316 2728 450 2796 proditor;
468 2738 494 2779 et
508 2726 568 2777 ideo
583 2743 640 2776 non

104 2802 226 2854 mundus
249 2812 313 2852 erat.
333 2801 375 2851 Sic
392 2817 454 2866 ergo
476 2816 523 2867 per
537 2800 639 2868 pedum

103 2871 271 2922 ablutionem
287 2871 437 2937 designavit
449 2870 582 2920 Dominus
596 2870 640 2920 le-

102 2955 151 2994 sus
161 2942 323 2993 munditiam
336 2942 520 3008 spiritualium.
529 2941 639 3005 pedum,

104 3029 167 3083 quae
180 3016 299 3065 maxime
310 3015 465 3082 requiritur,
486 3031 515 3064 ex
529 3013 640 3065 Eucha-

105 3084 190 3139 ristiae
211 3086 391 3153 perceptione.
418 3088 450 3136 Et
472 3086 532 3136 ideo
555 3085 642 3136 voluit

105 3157 195 3209 lavare
207 3160 287 3225 pedes
304 3159 498 3224 discipulorum
518 3173 639 3215 suorum,

105 3237 252 3296 antequam
279 3230 353 3279 daret
378 3229 417 3279 eis
443 3228 485 3279 sui
513 3226 640 3292 Corporis

70 3346 74 3354 .
106 3311 327 3360 sacramentum,
366 3301 399 3350 ad
443 3300 642 3366 designandum·

105 3371 182 3439 quod
207 3371 355 3438 spiritualis
373 3370 508 3420 munditia
523 3369 643 3435 requiri-

106 3451 153 3493 tur
170 3441 204 3493 ad
219 3442 310 3507 ipsum
326 3441 537 3507 percipiendum.
566 3440 642 3490 Unde

105 3511 146 3564 ait
155 3513 301 3563 Anselmus
317 3530 324 3562 :
341 3532 354 3558 u
369 3513 474 3577 Corpus
485 3523 513 3561 et
523 3511 641 3576 Sangui-

106 3598 171 3635 nem
188 3599 268 3635 suurn
288 3583 429 3650 discipulis
444 3582 510 3643 suis,
526 3583 553 3632 in
567 3597 643 3632 coena

106 3655 223 3725 mystica
237 3656 353 3716 tradens,
373 3671 468 3705 eorum
491 3656 571 3721 pedes
588 3655 642 3704 hu-

105 3726 209 3780 militer
234 3727 315 3787 lavit,
347 3728 446 3776 docens
473 3735 642 3776 sacrosancta

107 3799 237 3867 mysteria
255 3799 366 3850 mundis
391 3799 527 3863 operibus,
550 3807 577 3848 et
600 3799 643 3861 pia

107 3871 209 3924 mentis
219 3871 373 3922 humilitate
382 3871 546 3922 celebranda.
560 3889 573 3917 n
584 3871 645 3935 My-

107 3941 174 3994 stice
187 3943 269 3994 etiam
282 3942 447 4009 significatur
460 3943 517 4007 ejus
534 3940 646 4006 sangui-

1175 333 1225 402 395

692 437 736 519 nis
745 438 957 509 effirsio‚perhoc
966 447 1225 515 quodmisitaquam

692 524 721 558 rn
745 512 863 576 pelvim;
888 524 915 565 ct
932 528 1100 581 peccatorum
1117 530 1226 572 nostro-

691 595 753 629 rum
771 581 883 643 ablutio,
911 601 958 651 per
982 586 1033 639 hoc
1053 590 1126 655 quod
1146 592 1228 658 coepit

691 653 778 705 lavare
796 657 876 722 pedes
891 658 1105 726 discipulorum3
1121 676 1151 711 ac
1165 678 1225 728 poe-

691 737 788 775 narum
803 738 957 778 nostrarum
973 729 1002 778 in
1020 730 1109 797 seipso
1132 746 1225 783 susce—

690 793 768 858 ptio,
797 810 844 861 per
864 797 917 849 hoc
944 801 1018 865 quod
1044 801 1122 852 tersit
1144 803 1225 868 pedes

691 863 784 925 li'ateo,
817 867 917 918 scilicet
939 870 1061 935 corporis
1087 871 1139 931 sui,
1159 873 1225 938 quia

687 945 801 1000 necata
815 946 909 991 nostra
930 941 1044 1006 pertulit
1064 943 1092 993 in
1109 957 1224 1011 corpore

692 1023 752 1072 suo,
768 1023 852 1076 super
862 1010 975 1077 lignum.

724 1083 880 1149 7Lavarua
896 1098 931 1132 ar
953 1099 1009 1133 rasa
1025 1085 1108 1136 Jonas
1129 1101 1225 1137 raom-

690 1169 753 1204 roa.
768 1181 799 1191 ·-
811 1153 866 1204 Alii
881 1164 971 1204 autem
987 1153 1115 1220 discipuli
1130 1156 1223 1208 audita

691 1225 902 1290 reprehensione
920 1225 999 1284 Petri,
1022 1226 1056 1276 de
1076 1227 1130 1277 hoc
1150 1229 1224 1294 quod

691 1308 860 1348 recusaverat
885 1296 1042 1362 hujusmodi
1074 1299 1225 1359 lotionem,

691 1385 749 1420 non
766 1368 877 1420 fuerunt
900 1370 958 1420 ausi
980 1370 1050 1421 ultra
1076 1372 1226 1437 aliqualiter

691 1455 813 1491 recusare
824 1455 893 1490 eam.
908 1440 1059 1491 Considera
1072 1458 1144 1492 nunc
1157 1442 1226 1493 bene

692 1513 815 1580 singulos
826 1519 909 1572 actus,
921 1513 949 1562 in
964 1514 1013 1563 hac
1028 1514 1227 1580 benignissima

691 1583 793 1634 lotione
809 1584 917 1649 pedum,
939 1584 1014 1634 omni
1036 1584 1181 1636 dilectione
1199 1594 1226 1636 et

691 1655 846 1707 humilitate
867 1657 953 1722 plena,
978 1667 1004 1706 et
1024 1673 1088 1708 cum
1107 1657 1228 1708 adrnira-

691 1727 767 1779 ti'one
779 1728 903 1793 conspice
923 1743 985 1793 quae
999 1738 1142 1793 geruntur,
1160 1729 1226 1797 quia

691 1810 755 1852 sunt
781 1802 884 1851 devota.
915 1799 1031 1850 Inclinat
1059 1815 1087 1850 se
1120 1815 1228 1852 summa

690 1871 825 1936 majestas,
852 1880 879 1920 et
899 1869 1063 1920 humilitatis
1086 1869 1223 1936 Magister,

691 1960 779 2010 usque
804 1947 837 1995 ad
862 1944 1025 2012 piscatorum
1055 1943 1144 2009 pedes.
1169 1945 1227 1995 Stat

691 2015 847 2065 incurvatus
861 2025 888 2065 et
901 2015 1013 2080 genibus
1034 2013 1112 2065 flexis
1133 2029 1225 2066 coram

689 2084 757 2151 ipsis
771 2085 937 2148 sedentibus,
955 2086 1023 2135 lavat
1038 2084 1156 2150 propriis
1171 2099 1227 2135 ma-

692 2155 775 2206 nibus
797 2165 824 2207 et
844 2156 983 2222 abstergit,
1000 2171 1030 2206 ac
1052 2156 1222 2206 deosculatur

692 2228 773 2293 pedes
796 2228 930 2278 omnium.
954 2227 998 2278 Sic
1014 2243 1076 2294 ergo
1093 2226 1227 2292 usquead

692 2299 774 2366 pedes
787 2299 983 2365 discipulorum
1006 2297 1143 2349 Dominus
1163 2312 1226 2348 om·

693 2369 771 2421 nium
786 2371 906 2436 seipsum
921 2368 1057 2429 humiliat,
1072 2378 1099 2419 et
1113 2367 1227 2434 supplex

693 2440 856 2491 humilitatis
882 2440 1065 2489 ministerium
1096 2439 1229 2501 exhibet,

693 2524 802 2579 propter
827 2512 989 2562 humilitatis
1014 2510 1140 2569 formam,
1170 2525 1226 2560 non

693 2585 782 2634 solum
794 2584 885 2642 verbo,
897 2582 942 2632 sed
954 2582 1076 2646 exemplo
1092 2596 1217 2630 commen

692 2656 807 2705 dandam
823 2664 849 2704 et
865 2654 1020 2703 docendam.
1045 2652 1097 2702 Sed
1117 2660 1143 2701 et
1157 2650 1225 2701 illud

693 2724 872 2791 superexaltat
885 2723 1076 2784 humilitatem,
1094 2722 1163 2771 etad
1173 2735 1227 2772 ma

692 2795 800 2847 ximum
815 2796 957 2847 cumulum
971 2793 1140 2844 humilitatis·
1150 2806 1227 2842 arce*-

693 2868 742 2928 dit,
757 2868 831 2935 quod
846 2876 873 2916 et
897 2865 948 2933 ipsi
963 2865 1095 2931 proditori
1115 2879 1165 2915 suo
1180 2878 1229 2914 ea-

695 2941 756 2991 dem
780 2937 909 3003 obsequia
931 2937 1041 3003 praebet,
1066 2945 1092 2986 et
1112 2935 1154 2986 illi
1173 2928 1229 2985 iron

693 3010 853 3077 dedignatus
874 3019 914 3060 est
933 3009 1013 3075 pedes
1031 3009 1128 3072 lavare,
1152 3008 1226 3073 cujus

693 3099 789 3134 manus
812 3084 866 3148 jam
889 3083 1054 3148 praevidebat
1069 3080 1229 3148 polluendas

694 3154 723 3204 in
736 3154 852 3215 scelere;
874 3153 902 3204 in
922 3169 978 3219 quo
999 3152 1134 3203 Dominus
1149 3151 1228 3199 infir-

694 3227 816 3277 mitatem
836 3237 956 3277 nostram
977 3225 1141 3285 consolatur,
1155 3231 1189 3271 ut
1204 3221 1228 3271 si

694 3297 802 3363 quando
829 3297 969 3363 contingat
993 3310 1043 3345 nos
1073 3295 1106 3344 ab
1134 3291 1230 3342 amicis

694 3370 781 3436 prodi,
803 3370 846 3420 vel
860 3368 998 3421 afamulis
1021 3376 1067 3417 aut
1090 3364 1229 3430 aliquibus

693 3440 838 3492 vilioribus
850 3441 951 3491 malum
966 3438 1075 3504 aliquod
1091 3436 1155 3502 pati,
1171 3451 1228 3486 non

695 3512 924 3569 scandalizemur,
953 3508 1124 3573 respicientes
1155 3506 1230 3557 Juda

695 3585 859 3650 exemplum,
874 3582 920 3649 qui
936 3580 1049 3631 infinitis
1064 3580 1165 3646 potitus
1179 3578 1232 3628 bo·

696 3655 747 3714 nis,
763 3655 793 3705 in
807 3652 971 3703 contrarium
987 3649 1168 3701 remuneravit
1180 3649 1232 3700 be-

698 3727 870 3788 nefactorem,
885 3741 914 3776 ac
936 3724 1085 3774 Dominum
1100 3732 1126 3772 et
1140 3722 1229 3789 Magi-

698 3809 793 3849 strum.
812 3796 876 3854 Sed,
890 3812 906 3846 o
924 3811 970 3845 cor
986 3808 1112 3860 nequam,
1129 3792 1232 3859 etipsa
1257 3852 1260 3856 Α

699 3868 799 3918 duritia
813 3866 919 3928 durius,
932 3866 955 3917 si
969 3866 1007 3917 sic
1022 3867 1054 3916 ad
1070 3873 1172 3913 tantam
1184 3863 1233 3914 hu-

701 3938 843 3990 militatem
863 3955 919 3989 non
934 3937 1059 3996 molliris,
1077 3934 1100 3986 ai
1123 3935 1162 3985 sic
1176 3936 1244 4000 Doq·
