2632 4320
138 307 190 372 346

136 422 237 471 habent
251 421 279 471 in
294 422 436 482 desiderio,
459 433 485 474 et
506 434 623 474 mortem
636 421 666 472 in

137 491 281 556 patientia,
320 494 538 545 damnabuntur?
577 493 667 543 Absit.

138 562 216 613 Multi
235 563 308 613 enim
329 565 447 614 salvandi
470 577 532 616 sunt
553 565 582 615 in
599 563 668 614 eari-

139 642 191 684 tate
207 633 382 698 imperfecta·
394 636 441 701 qui
461 636 563 685 scilicet
579 633 668 685 aditi-

139 713 200 755 eant
220 706 334 771 lignum,
351 706 455 768 fenum,
478 708 621 773 stipulam;
642 716 669 757 et

140 775 173 824 de
191 790 302 840 corpore
327 778 399 827 exire
427 778 532 837 timent,
562 786 669 842 propter

140 848 302 908 cremabilia,
317 866 376 916 quae
389 868 480 902 secum
492 850 593 900 ferunt.
617 850 669 899 Sed

140 919 205 984 quia
217 920 304 970 Deum
319 922 379 971 istis
392 921 594 987 temporalibus,
608 920 671 987 qui-

143 993 193 1043 bus
205 993 351 1053 adhaerent,
376 1003 545 1061 praeponunt,
570 995 603 1044 de
616 993 671 1043 vita

142 1073 239 1116 aeterna
251 1066 315 1117 certi
334 1078 406 1117 sunt.
424 1069 473 1117 Ast
486 1068 520 1117 de
541 1067 594 1126 his,
608 1066 672 1116 licet

141 1138 197 1188 sint
211 1139 339 1198 salvandi,
353 1156 408 1188 non
424 1140 544 1205 loquitur
556 1140 612 1200 hic,
625 1138 672 1188 sed

142 1208 176 1258 de
201 1208 325 1273 perlectis
347 1209 394 1275 qui
417 1209 499 1258 vitatu
521 1210 622 1259 habent
643 1208 672 1258 in

143 1280 278 1346 patientia,
297 1291 322 1330 et
341 1292 458 1331 mortem
482 1282 510 1330 in
529 1280 672 1330 desiderio.

144 1353 246 1402 Deinde
258 1354 398 1419 subjungit
408 1354 513 1419 praemii
524 1364 550 1404 et
563 1352 674 1403 retribu-

143 1426 225 1476 tionis
239 1427 462 1491 magnitudinem,
477 1427 541 1494 quia
558 1426 674 1492 vigilan-

144 1495 218 1545 tibus
227 1496 362 1560 promittit
373 1497 565 1547 beatitudinem
576 1513 583 1546 ε
596 1495 676 1546 Beati

145 1565 220 1615 enim
234 1567 307 1616 serui
330 1567 379 1629 illi,
405 1568 434 1617 in
449 1567 574 1632 prasenti
588 1565 676 1615 beati·

146 1637 239 1686 tudine
250 1637 316 1702 spei,
331 1649 357 1688 et
369 1638 395 1687 in
409 1638 500 1688 futuro
512 1636 677 1688 beatitudine

147 1709 255 1775 speciei,
266 1725 333 1776 quos
346 1726 405 1761 cum
420 1711 522 1761 venerit
535 1710 676 1770 Dominus,

147 1783 176 1832 in
200 1799 294 1834 eorum
318 1795 412 1844 morte,
441 1785 483 1835 vel
506 1785 534 1834 in
558 1793 677 1833 extremo

146 1855 277 1918 examine,
287 1856 416 1905 invenerit
425 1855 578 1920 vigilantes,
589 1854 618 1903 in
628 1863 678 1903 sta

147 1934 176 1974 tu
196 1925 298 1990 gratiae,
326 1936 352 1976 et
375 1942 429 1975 non
452 1925 626 1984 dormientes,
648 1923 677 1973 in

147 2005 217 2046 stratu
230 1996 331 2061 culpae!
348 1997 398 2047 Ubi
412 1996 587 2062 Gregorius:
601 1995 677 2046 «Vr-

146 2065 221 2129 gilat,
235 2067 282 2131 qui
296 2067 328 2115 ad
344 2077 480 2132 aspectum
496 2066 551 2117 veri
565 2065 677 2115 luminis

146 2147 253 2201 apertos
280 2138 378 2186 mentis
403 2138 496 2186 oculos
519 2146 600 2187 tenet.
623 2135 677 2186 Vi-

144 2208 218 2273 gilat,
244 2208 291 2274 qui
315 2224 330 2257 a
354 2225 382 2258 se
402 2209 521 2273 corporis
543 2219 569 2257 et
592 2207 678 2272 negli-

146 2278 243 2341 gentiae
263 2279 386 2327 tenebras
413 2278 517 2341 repellit
544 2293 552 2325 t
579 2296 594 2323 n
622 2277 678 2325 haec

145 2350 312 2416 Gregorius,
348 2352 399 2400 Sed
435 2350 545 2400 veniens
581 2350 678 2399 Domi-

147 2440 207 2486 nus,
223 2426 289 2491 quid
311 2425 487 2491 vigilantibus
511 2424 679 2475 semisexhi-

145 2497 205 2546 beat
217 2496 369 2546 audiamus.
388 2497 457 2546 Nam
469 2497 623 2562 prosciuget
640 2509 678 2555 se,

146 2565 173 2615 id
188 2567 270 2616 estad
286 2567 491 2616 retributionem
506 2565 677 2632 prteparabit;

146 2641 172 2686 et
179 2636 267 2701 saciet
281 2636 343 2686 illos
354 2637 496 2702 vigilantes
505 2636 678 2699 discumbere,

146 2705 228 2755 idest
245 2706 274 2755 in
293 2717 391 2756 aeterna
414 2706 505 2772 quiete
528 2705 638 2756 refoveri
653 2713 680 2754 et

147 2777 294 2843 quiescere,
319 2789 350 2827 ut
369 2779 448 2828 edant
463 2786 543 2842 super
555 2792 678 2827 mensam

147 2864 224 2898 suam
248 2849 276 2897 in
300 2864 383 2914 regno
407 2863 473 2910 su0;
491 2854 516 2896 et
537 2848 678 2908 transiens,

150 2919 178 2968 id
201 2928 242 2968 est
263 2919 297 2968 de
320 2919 418 2983 judicio
432 2920 464 2968 ad
477 2933 600 2987 regnum,
615 2916 680 2966 red-

148 2990 223 3049 iens,
260 2991 421 3041 ministrabit
444 2991 508 3053 illia,
535 2989 599 3056 quia
624 3003 680 3038 auae

149 3060 218 3110 lucis
247 3060 429 3110 illustratione
463 3070 490 3110 et
529 3059 680 3109 divinitatis

150 3133 375 3198 contemplatione
411 3133 505 3183 fideles
544 3131 679 3195 satiabit;

90 3236 93 3241 ·
149 3222 230 3272 quern
249 3206 322 3255 enim
341 3206 367 3254 in
383 3206 550 3255 humanitate
563 3205 594 3254 in
608 3205 680 3268 iudi-

148 3277 189 3326 cio
213 3291 364 3335 cernemus,
391 3276 471 3324 etiam
490 3276 519 3325 in
541 3274 682 3324 divinitate

148 3362 208 3416 post
219 3351 350 3416 judicium
363 3350 525 3400 videbimus.
539 3348 683 3399 Ministro·

150 3425 188 3475 bit
204 3426 260 3477 illis
284 3427 323 3475 lac
347 3424 525 3475 humanitatis
543 3433 569 3472 et
584 3423 680 3473 vinum

150 3497 269 3561 deitatis,
296 3508 323 3547 et
353 3511 450 3546 manna
477 3493 681 3553 dulcissimum,

150 3571 222 3636 quod
243 3571 272 3621 in
287 3586 334 3620 cor
348 3569 469 3620 hominis
484 3584 539 3617 non
555 3566 680 3618 ascendit.

63 3653 68 3661 ·
153 3641 248 3691 Faciet
282 3642 371 3707 itaque
404 3640 466 3690 illos
498 3638 679 3698 discumbere,

151 3712 228 3776 quasi
256 3713 340 3762 fessos
360 3711 528 3772 refocillans,
552 3714 579 3758 et
600 3708 682 3757 utini-

151 3785 248 3832 struoit
265 3784 321 3833 illis
335 3784 487 3849 spirituales
505 3779 613 3830 delicias
633 3793 682 3843 ap-

152 3868 264 3917 ponens.
280 3855 358 3904 Unde
372 3853 524 3920 Dionysius
538 3869 547 3900 .’
563 3869 576 3895 (ι
591 3850 684 3899 Discu-

151 3923 238 3974 bitum
266 3925 339 3974 enim
362 3924 506 3990 opinamur
525 3921 644 3987 quietem
667 3935 682 3970 a

407 308 582 360 SECUNDAE
599 306 723 359 PARTlS
737 305 857 358 CAPUT
872 306 977 359 vatl.

721 422 815 472 multis
834 422 980 483 laboribus,
1004 431 1031 473 et
1050 421 1192 489 copiosam
1206 422 1256 473 do·

721 492 858 543 nationem
882 493 1006 543 omnium
1029 492 1183 557 bonorum,
1204 493 1256 544 hoc

721 573 760 613 est
775 564 848 613 enim
866 564 939 632 quod
962 565 1039 615 lesus
1057 563 1121 614 facit
1147 579 1197 616 eos
1212 580 1257 615 re-

722 635 857 696 cumbere,
869 636 937 686 dans
951 636 990 687 eis
1004 645 1161 702 perpetuam
1177 636 1257 703 quie-

721 713 786 766 tem,
809 715 836 756 et
863 706 1028 757 distribuens
1050 707 1090 757 eis
1115 707 1254 758 bonorum

722 776 933 828 multitudinem.
944 798 958 825 n

754 847 769 896 3
800 847 969 907 Qumnomn
996 863 1098 898 ausser
1127 848 1252 899 Domus

723 936 758 970 ar
779 937 805 971 tu
827 938 971 982 hramnus,
989 938 1016 972 nt
1038 936 1119 972 seusu
1141 921 1257 972 itonam?

723 1021 754 1031 -
772 994 917 1056 Moraliter,
942 996 1030 1060 pulsat
1052 993 1188 1044 Dominus
1209 992 1261 1043 ho·

724 1065 806 1115 minis
828 1066 962 1128 animum,
988 1082 1050 1117 cum
1075 1080 1138 1117 eum
1157 1064 1262 1116 inducit

724 1137 757 1187 ad
780 1137 879 1188 melius
898 1138 1080 1205 propositum,
1106 1136 1151 1188 cui
1167 1134 1261 1188 confe-

726 1209 790 1259 stim
816 1209 917 1274 aperit,
942 1226 990 1276 per
1012 1211 1118 1260 bonum
1145 1222 1262 1270 consen-

726 1295 800 1339 sum,
825 1290 853 1329 et
874 1290 1034 1345 sequentem
1064 1280 1190 1331 ellectum
1201 1294 1209 1342 ;
1221 1310 1225 1317 ·
1237 1287 1261 1328 et

725 1352 771 1402 tali
792 1367 868 1402 servo
888 1353 1022 1402 ministrat
1041 1351 1179 1402 Dominus
1199 1366 1263 1416 gra-

726 1424 792 1474 tiam
806 1423 836 1473 in
854 1423 987 1489 praesenti,
1003 1431 1029 1474 et
1041 1422 1158 1489 gloriam
1176 1422 1206 1472 in
1219 1421 1263 1472 fu-

728 1506 798 1546 turo.
822 1496 982 1547 Delectatur.
1006 1494 1107 1560 quippe
1130 1493 1264 1544 Dominus

729 1581 787 1617 esse
813 1582 874 1616 cum
890 1565 1065 1630 hominibus;
1089 1564 1151 1614 ideo
1168 1562 1266 1630 quaerit

729 1637 776 1687 ubi
790 1636 958 1686 mansionem
972 1636 1043 1701 apud
1063 1649 1109 1685 eos
1133 1632 1263 1684 inveniat.

730 1709 820 1760 Pulsat
838 1724 901 1774 ergo
915 1709 948 1758 ad
963 1709 1031 1758 ostia
1051 1707 1176 1758 cordium
1191 1705 1266 1756 mul-

728 1779 864 1846 tipliciter,
879 1787 909 1829 ut
923 1779 946 1829 si
962 1794 1012 1845 pro
1036 1793 1093 1829 uno
1117 1794 1173 1829 non
1200 1791 1265 1843 ape-

730 1851 814 1902 rietur
832 1850 867 1909 ei,
882 1850 977 1900 saltem
992 1865 1040 1914 pro
1055 1849 1140 1899 altero
1155 1865 1163 1898 ·.
1178 1847 1267 1914 pulsat

731 1937 777 1989 per
790 1923 934 1972 doctorum
956 1921 1044 1982 verba,
1062 1936 1111 1987 per
1131 1920 1268 1970 bonorum

729 1996 860 2062 exempla,
883 2010 931 2062 per
949 1996 1042 2045 collata
1065 1994 1205 2055 beneficia,
1221 2008 1268 2060 per

728 2068 801 2118 illata
828 2064 950 2132 flagella,
986 2081 1032 2131 per
1067 2064 1267 2131 promissiones

729 2136 912 2203 premiorum,
935 2151 983 2201 per
998 2135 1088 2186 minas
1115 2143 1268 2185 tormento-

729 2226 800 2273 rum,
822 2224 868 2276 per
880 2209 1016 2274 passiones
1030 2223 1093 2258 suas
1111 2217 1139 2258 et
1156 2207 1269 2256 Sancto·

729 2298 800 2333 rum.
817 2281 935 2342 Quidam
952 2291 1041 2331 autem
1061 2289 1127 2330 sunt
1143 2278 1192 2345 qui
1205 2279 1271 2345 pul·

730 2354 800 2405 santi
824 2351 942 2404 Domino
966 2352 1130 2417 respondere
1152 2350 1267 2411 nolunt;

731 2425 842 2491 quidam
867 2423 1009 2473 humiliter
1034 2421 1209 2487 respondent,
1224 2418 1270 2470 sed

732 2508 902 2548 tamencum
923 2496 1000 2547 abire
1025 2495 1144 2558 faciunt3
1162 2493 1273 2560 quidam

731 2568 867 2634 aperiunt,
880 2569 926 2618 sed
940 2567 988 2617 diu
1001 2567 1072 2632 apud
1088 2581 1118 2616 se
1132 2565 1271 2632 quiescere

732 2657 794 2691 eum
809 2656 865 2690 non
881 2639 1059 2705 permittunt;
1073 2637 1198 2703 quidam,
1212 2635 1273 2686 licet

731 2711 852 2777 aperiant
876 2719 902 2761 et
925 2726 987 2760 eum
1017 2708 1159 2774 recipiant,
1184 2716 1272 2758 tamen

733 2780 985 2848 supervenientibus
1012 2779 1072 2828 aliis
1099 2777 1270 2844 hospitibus.

732 2868 795 2902 eum
818 2852 894 2918 quasi
916 2865 1060 2917 pauperem
1087 2849 1211 2913 ejiciunt,
1226 2855 1272 2897 aut

732 2925 796 2991 quia
815 2925 914 2974 domus
935 2925 1014 2988 plena
1034 2931 1074 2972 est
1097 2920 1272 2978 utensilibus.

733 3008 758 3048 et
775 3013 828 3047 non
852 2997 955 3047 invenit
978 2995 1025 3045 ubi
1041 3004 1123 3060 caput
1141 2993 1272 3056 reclinem

733 3068 845 3135 quidam
869 3077 958 3117 autem
984 3065 1136 3115 Dominum
1157 3065 1271 3131 pulsan-

734 3151 788 3190 tem
815 3139 967 3204 recipiunt,
994 3147 1020 3187 et
1048 3137 1117 3188 alios
1149 3132 1269 3202 hospites

734 3211 889 3269 excludunt,
905 3219 931 3259 et
951 3209 1064 3273 insuper
1084 3207 1109 3257 ei
1125 3203 1271 3257 delectabi-

735 3281 788 3330 lem
815 3289 962 3346 praeparant
994 3277 1171 3328 mansionem
1195 3285 1228 3327 nt
1256 3288 1271 3324 a

735 3354 810 3403 nullo
830 3353 1004 3418 inquietetur,
1027 3361 1053 3401 et
1067 3351 1109 3401 illi
1122 3350 1212 3401 multa
1223 3348 1272 3398 bo·

735 3442 769 3476 na
784 3441 832 3491 per
846 3426 927 3475 talem
943 3423 1079 3490 hospitem
1098 3436 1272 3489 consequun-

735 3507 788 3547 tur.
810 3496 894 3546 Primi
915 3505 989 3554 sunt,
1009 3494 1055 3560 qui
1073 3494 1111 3544 ita
1124 3503 1192 3544 sunt
1206 3489 1271 3547 duri.

735 3578 766 3618 ut
788 3567 821 3617 ad
850 3567 953 3616 nullam
979 3564 1212 3630 praedicationem,
1233 3558 1270 3610 rel

736 3637 897 3688 beneficium
914 3653 960 3687 cor
973 3651 1067 3686 eorum
1083 3635 1154 3685 valet
1168 3633 1271 3699 aliqua·

736 3709 796 3759 liter
810 3708 920 3758 molliri.
935 3707 1050 3758 Secundi
1072 3713 1148 3765 sunt,
1176 3703 1224 3771 qui
1246 3715 1272 3752 se

736 3789 888 3844 peccatores
919 3776 1060 3828 humiliter
1092 3775 1271 3829 confitentur.

736 3851 782 3900 sed
806 3850 893 3900 adhuc
908 3865 964 3898 non
988 3849 1091 3898 habent
1108 3848 1271 3897 volunnteu

737 3920 876 3970 deserendi
892 3929 1005 3986 peccata.
1031 3917 1119 3969 Tertii
1137 3926 1213 3977 sum,
1227 3912 1270 3982 qui
