2632 4320
120 261 165 310 DE
179 258 385 310 LOCATIONE
398 256 519 308 VlNEAE
531 255 577 306 ET
594 253 841 307 SANGUINARIIS
856 255 1092 307 VINITORIBUS.
1119 256 1170 323 257

89 379 102 429 5
131 379 321 428 Monncaoaun
352 391 386 426 ar
422 389 588 426 secernatur

39 459 197 500 'msrrrura
223 442 350 506 Qunnruu
377 462 532 496 n1rrrmnr.
556 472 588 482 -

55 524 188 587 Haec=per
205 521 427 585 chrysostomum
442 517 587 583 jamdicta,

55 593 177 643 maxime
190 601 216 642 et
227 591 360 657 praecipue
380 591 413 641 ad
438 588 587 639 monachos

55 672 199 730 spectant,
235 662 268 712 de
291 658 408 728 quorum
435 660 490 710 vita
516 659 587 710 idem

56 735 272 798 Chrysostomus
307 733 357 783 hoc
383 733 441 782 loco
481 738 586 790 narrat,

54 820 171 870 eamque
186 804 220 853 ad
235 803 395 854 secularium
414 805 497 853 vitam
518 817 588 851 com·

54 885 140 942 parat,
166 875 259 924 dicens
276 891 283 924 ε
298 874 391 933 «Quae
418 873 524 923 videtur
550 871 587 922 ita

54 961 170 997 onerosa
193 960 250 995 esse
270 944 324 995 vita
339 954 366 994 et
383 943 512 1004 difficilis,
528 957 587 992 eam

52 1034 116 1084 quae
130 1017 328 1068 monachorum
342 1025 381 1066 est
394 1016 453 1066 dico
467 1026 493 1065 et
506 1013 588 1064 cruci-

54 1089 184 1148 fixorum,
211 1088 329 1137 multum
345 1086 394 1137 hac
410 1101 470 1152 quae
482 1085 588 1136 videtur

54 1174 114 1209 esse
128 1157 205 1208 mitis
219 1167 246 1208 et
262 1157 361 1217 mollis,
385 1157 491 1207 dulcior
505 1165 546 1206 est
561 1162 588 1204 et

55 1228 249 1280 delectabilior.
277 1228 396 1279 Tantum
420 1227 494 1278 enim
517 1227 588 1277 inter

54 1312 201 1367 utramque
216 1300 298 1351 vitam
318 1301 487 1351 intervallum
507 1315 589 1365 quan·

55 1384 115 1424 tum
129 1373 201 1423 inter
213 1381 321 1438 portum
345 1382 370 1422 et
388 1370 517 1421 fluctibus
536 1369 589 1435 agi·

53 1455 141 1495 tatum
156 1444 276 1510 pelagus.
302 1443 342 1493 Ex
361 1441 521 1493 habitaculis
539 1451 588 1491 sta-

52 1516 103 1567 tim
120 1515 154 1565 ab
175 1515 295 1577 exordio,
312 1515 411 1564 horum
434 1513 587 1564 felicitatem

52 1584 212 1648 considera;
237 1583 293 1634 fora
313 1584 385 1634 enim
406 1594 432 1634 et
456 1583 585 1642 civitates,

52 1667 78 1707 et
91 1655 197 1722 eosqui
216 1656 244 1705 in
262 1655 352 1704 medio
374 1663 438 1704 sunt
454 1654 587 1705 tumultus

54 1724 201 1791 fugientes,
217 1724 301 1774 vitam
315 1739 376 1790 qnae
394 1733 434 1774 est
447 1724 476 1774 in
492 1723 588 1773 monti-

56 1797 107 1847 bus
130 1797 286 1861 elegerunt,
310 1811 371 1861 quae
408 1795 478 1845 nihil
508 1795 589 1845 habet

57 1885 203 1920 commune
216 1870 248 1919 ad
263 1868 415 1934 praesentia.
429 1869 488 1918 lam
498 1877 587 1918 autem

57 1939 110 2000 hic,
122 1955 185 2005 quae
205 1939 237 1989 ad
259 1940 387 1990 coelorum
405 1953 519 2003 regnum
533 1953 589 2003 per-

55 2011 144 2061 tinent
156 2011 330 2071 meditantur,
340 2026 402 2059 cum
416 2009 506 2076 quiete
521 2009 589 2058 mul·

56 2093 95 2147 ta;
116 2083 250 2150 praecipue
277 2092 367 2132 autem
384 2082 448 2136 ,Deo
476 2081 587 2131 haerent.

57 2154 132 2220 Opus
148 2163 239 2203 autem
264 2153 374 2204 illorum
401 2151 520 2218 idipsum
539 2160 587 2211 est,

60 2229 129 2294 quod
158 2228 246 2278 Adam
274 2226 353 2277 initio
375 2226 486 2286 habuit,
513 2235 588 2276 ante-

60 2314 140 2365 quam
155 2307 294 2365 peccaret,
309 2298 418 2363 quando
445 2296 530 2363 gloria
545 2297 589 2346 in-

60 2370 139 2420 dutus
152 2384 216 2419 cum
239 2369 294 2418 Deo
315 2369 398 2418 libere
422 2368 588 2434 loquebatur,

62 2453 84 2493 et
114 2442 208 2491 locum
237 2441 315 2490 illurn
353 2441 438 2490 multa
471 2439 589 2490 beatitu-

61 2515 120 2564 dine
142 2512 271 2564 refertum
301 2513 442 2563 incolebat.
477 2513 508 2562 ln
535 2527 589 2577 quo

61 2584 183 2636 enimhi
212 2584 287 2649 pejus
309 2599 392 2650 quam
413 2581 458 2632 ille
473 2582 588 2647 degunt,

61 2669 118 2705 cum
155 2663 218 2704 ante
248 2653 459 2704 inobedientiam
485 2651 590 2717 positus

61 2737 95 2776 est
108 2727 138 2777 in
153 2725 275 2792 paradiso
291 2732 319 2776 ut
329 2723 511 2791 operaretur?
521 2724 590 2775 Nul-

61 2797 83 2848 la
103 2796 158 2863 ipsi
184 2797 313 2846 secularis
339 2795 502 2858 sollicitudo,
527 2795 590 2845 nul-

62 2869 85 2921 la
109 2869 194 2920 etiam
215 2869 355 2919 monachis
381 2868 453 2932 illis;
471 2868 526 2918 Deo
547 2868 590 2918 lo-

62 2940 193 3006 quebatur
221 2955 284 2989 cum
321 2954 387 3004 pura
416 2937 591 2998 conscientia,

63 3009 130 3061 ethi
144 3008 280 3071 similiter,
294 3009 350 3058 imo
364 3008 451 3058 multo
463 3007 591 3072 majorem

63 3098 144 3150 quam
162 3083 208 3132 ille
229 3081 352 3132 fiduciam
375 3082 484 3144 habent,
499 3089 592 3146 utpote

63 3154 155 3220 majori
170 3153 291 3205 fruentes
309 3153 392 3220 gratia
411 3153 536 3218 Spiritus.
557 3153 591 3202 Hi

62 3227 136 3278 orbis
155 3237 289 3277 terrarum
305 3225 462 3283 luminares,
477 3240 592 3290 surgen-

62 3308 100 3349 tes
116 3314 133 3348 a
155 3297 255 3348 lectulo
279 3297 341 3347 clari
365 3306 391 3347 et
414 3296 544 3356 laetantes,
568 3306 594 3346 et

62 3367 175 3419 chorum
196 3383 282 3417 unum
306 3366 446 3426 facientes,
474 3366 501 3415 in
522 3380 594 3431 prae-

61 3438 131 3489 clara
157 3436 323 3488 conscientia
348 3445 497 3486 consonant
525 3435 594 3485 uni-

61 3507 141 3568 versi,
155 3516 182 3557 et
197 3506 267 3557 sicut
286 3522 319 3557 ex
332 3522 389 3557 uno
404 3521 458 3565 ore,
477 3505 595 3571 hymnos

62 3578 95 3629 ad
110 3577 302 3628 universorum
315 3585 414 3626 canunt
426 3576 522 3636 Deum,
536 3577 595 3626 lau-

60 3650 155 3701 dantes
169 3664 242 3711 eum,
257 3647 322 3698 etei
338 3648 449 3714 gratiam
464 3648 596 3699 solventes

61 3735 109 3785 pro
119 3719 250 3771 omnibus
264 3717 320 3768 sive
330 3717 446 3784 propriis
455 3718 511 3768 sive
520 3734 597 3769 com-

59 3789 194 3841 munibus
217 3787 364 3839 beneficiis.
388 3789 486 3850 Quare,
507 3788 529 3839 si
553 3788 596 3839 vi-

60 3860 150 3922 detur,
173 3858 278 3910 adamo
302 3858 424 3921 dimisso,
448 3858 597 3925 interroge-

127 3974 198 4047 Vrsa¹
212 3974 277 4027 Jssu
288 3973 408 4038 Cannu,
426 3988 513 4026 rouus
528 3974 572 4026 lll.

641 387 711 433 mus,
726 370 753 422 in
769 387 824 438 quo
848 372 893 423 hic
909 373 1013 425 differat
1026 374 1125 424 chorus
1138 375 1173 425 ab

640 445 752 510 hngelis
772 443 820 510 qui
835 444 864 494 in
880 455 950 497 terra
963 455 1079 506 cantant,
1094 457 1119 497 et
1135 447 1173 497 di·

641 525 705 566 cunt
726 533 733 566 ι
755 516 853 567 Gloria
873 517 900 568 in
920 517 1038 568 excelsis
1056 519 1123 582 Deo,
1148 524 1174 569 et

641 587 667 638 in
688 593 761 637 terra
777 602 839 652 pax
858 588 1006 639 hominibus
1027 589 1102 640 bonae
1123 604 1173 640 vo-

640 659 760 710 luntatis.
781 659 885 710 Deinde
907 671 1049 726 postquam
1071 661 1173 714 cantica

641 732 686 782 illa
697 732 831 794 dixerunt,
846 748 932 799 genua
941 733 1076 784 flectentes
1085 735 1172 786 Deum

640 820 721 870 quem
739 805 851 871 hymnis
872 806 1054 866 laudaverunt,
1076 816 1173 873 rogant

640 885 665 924 et
680 885 783 941 petunt.
805 875 982 926 Praesentium
997 877 1107 941 quidem
1128 878 1171 927 ni-

641 945 680 995 hil
695 956 802 1012 petunt;
821 947 900 1009 nulla
921 946 993 997 enim
1017 946 1057 997 eis
1071 948 1171 998 horum

640 1027 680 1068 est
698 1033 769 1081 cura,
786 1019 832 1068 sed
853 1027 884 1068 ut
905 1034 967 1068 cum
985 1016 1081 1068 fiducia
1102 1028 1171 1070 stare
1231 1069 1234 1076 ,

640 1088 745 1154 possint
760 1099 822 1139 ante
836 1089 955 1139 terribile
967 1088 1094 1149 tribunal,
1107 1105 1171 1139 cum

641 1159 800 1226 Unigenitus
820 1160 906 1210 Filius
919 1159 968 1210 Dei
984 1160 1086 1210 venerit
1098 1160 1171 1223 judi-

640 1246 698 1281 care
715 1230 791 1282 vivos
811 1240 837 1281 et
849 1240 985 1295 mortuos,
1000 1239 1027 1281 et
1046 1239 1077 1280 ut
1090 1245 1172 1281 nemo

640 1301 731 1352 audiat
748 1302 822 1352 illam
841 1302 987 1353 terribilem
1003 1317 1095 1353 vocem
1109 1317 1171 1368 quae

640 1373 730 1423 dicit:
752 1373 854 1424 Nescio
874 1387 938 1436 vos‚·
958 1384 1038 1439 atque
1058 1383 1088 1422 ut
1107 1388 1172 1423 cum

640 1462 707 1511 pura
718 1445 890 1505 conscientia,
906 1456 932 1496 et
943 1445 1037 1496 multis
1051 1445 1173 1495 directio·
1240 1448 1244 1455 '

641 1516 722 1567 nibus
734 1517 895 1567 laboriosam
908 1516 977 1566 hanc
991 1516 1116 1581 expleant
1124 1515 1173 1566 rvi·
1193 1531 1198 1538 ’

640 1598 704 1648 tam,
721 1596 747 1638 et
765 1602 826 1636 cum
848 1586 1041 1652 tranquillitate
1066 1585 1174 1637 difficile

641 1659 768 1724 navigent
788 1658 839 1707 hoc
855 1659 974 1724 pelagus.
990 1657 1095 1707 Deinde
1110 1674 1173 1708 sur-

640 1740 741 1796 gentes,
760 1740 785 1779 et
806 1729 971 1795 perficientes
992 1729 1046 1794 jam
1069 1738 1174 1779 sanctas

640 1803 701 1853 illas
716 1812 742 1852 et
758 1801 901 1851 continuas
912 1801 1056 1862 orationes,
1072 1801 1174 1852 oriente

641 1875 706 1932 sole,
714 1874 746 1923 ad
756 1889 825 1939 opus
834 1873 890 1923 adit
900 1873 1098 1939 unusquisque,
1106 1875 1173 1923 mul·

640 1954 699 1994 tum
709 1943 874 2008 stipendium
886 1944 1027 2009 egentibus
1040 1943 1104 1992 hinc
1112 1959 1175 1992 con·

641 2024 789 2082 gregantes.
805 2015 919 2080 Magnus
933 2025 972 2064 est
987 2014 1042 2064 illic
1059 2014 1107 2080 qui
1119 2013 1174 2064 vile

642 2104 710 2154 opus
723 2087 800 2154 rapit.
813 2107 827 2135 n
845 2088 880 2138 Et
894 2088 990 2138 iterum
1004 2103 1011 2138 τ
1028 2106 1041 2134 a
1058 2088 1120 2137 Non
1133 2096 1174 2137 est

642 2160 782 2211 ibimeum
795 2169 820 2209 et
829 2168 915 2221 tuum,
927 2161 973 2209 sed
987 2160 1120 2224 abjectum
1134 2169 1175 2209 est

643 2232 707 2283 inde
719 2231 771 2281 hoc
784 2231 907 2290 verbum,
922 2233 995 2296 quod
1009 2231 1102 2281 decem
1116 2229 1176 2280 mil·

642 2305 710 2354 lium
725 2312 764 2353 est
775 2318 855 2353 causa
868 2303 1032 2369 praeliorum.
1049 2323 1063 2351 n
1075 2303 1111 2353 Et
1123 2303 1175 2353 ite·

642 2392 722 2426 rum:
739 2392 753 2421 n
766 2375 796 2423 ln
813 2375 889 2423 nullo
903 2390 996 2424 eorum
1007 2374 1176 2424 tabernacula

642 2441 766 2496 deterius
783 2444 858 2494 coelis
879 2443 1009 2509 disposita
1034 2455 1113 2505 sunt;
1133 2453 1175 2493 et-

642 2517 714 2568 enim
735 2513 836 2579 Angeli·
850 2513 1015 2563 descendunt
1030 2513 1062 2562 ad
1077 2528 1134 2572 cos,
1149 2523 1175 2562 et

642 2588 806 2654 Angelorum
836 2583 1003 2633 Dominator.
1028 2583 1061 2632 Et
1083 2597 1177 2633 mensa

643 2661 713 2727 apud
725 2674 771 2710 eos
785 2667 825 2708 est
839 2657 872 2706 ab
887 2656 963 2706 omni
978 2655 1087 2706 avaritia
1099 2671 1177 2705 mun·

643 2732 685 2790 da,
701 2740 727 2779 et
743 2725 917 2794 philosophia
931 2724 1019 2791 plena.
1034 2726 1094 2776 Non
1110 2740 1175 2775 san-

644 2800 757 2867 guinum
781 2807 913 2848 torrentes
933 2806 997 2846 sunt
1024 2796 1094 2861 apud
1119 2811 1175 2857 eos,

645 2886 733 2936 neque
758 2868 878 2919 carnium
905 2866 1064 2926 incisiones,
1090 2882 1177 2932 neque

644 2941 824 2999 condimenta,
840 2953 927 3003 neque
943 2953 1025 3003 vapor
1039 2947 1177 2988 coctorum

644 3012 798 3061 indecenter
818 3008 935 3073 implens
956 3009 1106 3068 odoratum,
1127 3023 1194 3059 ne·-

644 3096 698 3147 que
708 3079 799 3130 fumus
809 3077 1011 3137 inconveniens,
1023 3093 1110 3145 neque
1120 3093 1179 3129 cur·
1266 3096 1269 3101 ·

632 3162 692 3202 ‘sus
709 3160 734 3200 et
754 3149 897 3212 tumultus,
913 3159 939 3198 et
960 3149 1134 3208 turbationes,
1151 3156 1177 3198 et

645 3224 775 3273 clamores
783 3219 891 3271 onerosi
897 3234 905 3284 ;
916 3220 962 3270 sed
970 3220 1048 3284 panis
1057 3229 1082 3270 et
1091 3233 1175 3284 aqua:

646 3295 705 3344 haec
719 3292 828 3359 quidem
843 3308 875 3342 ex
891 3291 964 3341 fonte
979 3307 1055 3356 puro,
1070 3290 1115 3340 ille
1128 3298 1176 3339 au-

647 3373 701 3413 tem
725 3378 758 3412 ex
780 3361 919 3412 laboribus
942 3360 1029 3425 justis,
1045 3359 1072 3410 Si
1087 3369 1177 3408 autem

647 3446 673 3486 et
687 3434 790 3500 aliquid
804 3433 902 3484 lautius
919 3432 1051 3482 voluerint
1066 3428 1178 3495 epulari,

649 3507 735 3557 baccae
755 3504 887 3555 lautitiam
904 3503 1031 3568 implent3
1051 3512 1077 3551 et
1095 3502 1180 3566 major

649 3577 695 3628 hic
709 3586 750 3627 est
764 3576 887 3641 voluptas
905 3588 987 3641 quam
1003 3572 1086 3638 regiis
1101 3586 1181 3621 men·

649 3648 695 3698 sis.
711 3648 877 3713 Angelorum
897 3654 936 3695 est
960 3645 1017 3700 haec
1037 3658 1130 3693 mensa
1147 3643 1182 3694 ab

650 3718 726 3768 omni
737 3716 890 3768 turbatione
903 3724 987 3773 eruta.
1001 3716 1033 3765 Et
1047 3713 1131 3765 sedile
1143 3714 1183 3765 eis

650 3787 744 3838 fenum
759 3784 917 3852 simpliciter
930 3785 1102 3851 supponitur,
1115 3784 1185 3835 sicut

651 3859 680 3910 in
702 3875 791 3911 eremo
812 3856 946 3924 prandens
965 3857 1089 3908 Christus
1110 3857 1182 3920 fecit,

1027 3989 1060 4039 a]
