2632 4312
395 284 443 335 DE
456 284 599 336 VILLlCO
616 286 841 347 lh'lQUl'l‘ATlS.
1123 303 1173 353 115

58 395 185 479 aspicere,
195 397 244 479 'si'
256 399 383 479 volumus
405 415 460 451 non
483 401 590 452 desides
636 413 664 453 et
679 404 821 470 proficere;
838 407 902 459 inde
918 410 992 461 enim
1007 416 1130 481 exempla
1144 427 1172 468 et

57 464 112 517 lien
126 476 155 519 et
174 479 307 535 pigrrtarr,
320 470 367 521 sed
384 469 485 522 fervere
499 473 589 538 potius
638 475 707 526 bona
722 479 807 528 multa
820 480 971 544 poterimus
986 495 1130 550 reportare.

535 696 674 748 ORATIO

87 869 206 921 Domine
224 870 288 919 lesu
309 869 427 931 Christe,
443 886 550 922 summe
560 874 759 938 paterfamilias,
774 886 804 927 tu
816 892 862 928 me
873 879 964 944 primo
984 896 1065 932 mane
1083 882 1112 932 in
1130 883 1177 932 vi-

59 956 135 991 neam
150 948 227 990 tuam
245 941 407 1001 conduxisti,
426 941 491 991 dum
512 958 555 992 me
572 959 589 993 a
609 944 747 1008 juventute
761 962 822 997 mea
832 949 866 998 ad
883 947 965 999 fidem
983 961 1010 1000 et
1022 962 1101 1001 tuum
1118 967 1178 1002 ser-

60 1011 156 1063 vitium
171 1012 381 1063 misericorditer
393 1014 502 1074 vocasti,
516 1024 542 1064 et
559 1016 593 1064 ad
609 1016 787 1068 laborandum
804 1036 855 1086 pro
871 1022 982 1072 denario
995 1022 1058 1073 vitae
1069 1033 1179 1074 aeternae

61 1100 166 1136 mecum
181 1085 345 1148 convenisti3
363 1086 408 1136 sed
422 1101 481 1152 ego,
495 1087 587 1148 miser,
606 1097 663 1138 tota
674 1090 718 1140 die
732 1090 794 1142 vitae
807 1108 874 1143 meae
888 1093 992 1145 otiosus
1003 1095 1073 1154 steri,
1085 1106 1112 1146 et
1127 1111 1179 1146 ne-

60 1155 192 1223 gligenter
212 1155 327 1206 vivendo
350 1154 472 1206 debitum
489 1173 581 1207 meum
605 1174 660 1209 non
680 1158 741 1210 feci.
762 1162 888 1227 Domine,
907 1165 973 1230 quia
994 1167 1083 1216 bonus
1103 1176 1180 1216 eset

64 1223 229 1288 misericors,
251 1226 292 1277 fac
313 1242 357 1276 me
375 1227 468 1276 saltem
485 1226 514 1276 in
533 1229 676 1280 undecima
696 1230 763 1282 hora
781 1233 946 1299 resipiscere,
963 1246 989 1287 et
1004 1236 1103 1302 dignos
1120 1234 1180 1285 fru-

63 1305 119 1379 ctus
138 1298 304 1421 poenikentiae
326 1297 419 1362 facere,
434 1309 464 1349 ut
481 1299 553 1364 apud
568 1310 594 1350 te
615 1303 766 1353 mercedem
788 1307 1057 1375 quantulamcunque
1077 1321 1182 1357 merear

64 1384 195 1422 invenire.
234 1387 305 1423 men.

492 1755 660 1826 CAPUT
684 1756 751 1823 XV

410 2030 463 2099 De
482 2029 602 2100 villico
622 2030 838 2122 iniquitatis.

492 2279 587 2343 Lucae
610 2301 677 2364 cap.
699 2281 747 2344 16.

100 2538 111 2573 1
137 2522 269 2573 Vrsmcus
291 2535 352 2579 Qurs
374 2536 546 2582 mc1run,rr
565 2537 600 2571 nr

68 2609 185 2645 rnumcr
208 2609 289 2644 vura
315 2608 391 2643 noers
411 2608 547 2642 couurssa.
568 2621 599 2630 -

67 2664 169 2717 Deinde
180 2663 260 2730 ponit
272 2663 436 2729 parabolam,
451 2663 600 2713 secundum

653 2519 751 2579 cuniae‚
771 2535 854 2586 quam
879 2519 991 2585 frugum
1014 2528 1041 2569 et
1065 2520 1189 2569 omnium

654 2607 714 2657 quae
733 2591 865 2642 dominus
886 2590 1006 2657 possidet
1020 2590 1190 2657 dispensato-

654 2678 711 2712 rem
728 2662 861 2729 designat.
880 2662 931 2713 llic
951 2662 1052 2712 timens
1072 2661 1190 2712 amoveri

67 2750 124 2787 rem
143 2746 258 2802 gestam,
274 2734 309 2783 de
328 2733 419 2784 villico
435 2732 599 2800 iniquitatis,

67 2808 208 2861 diffamato
221 2808 292 2874 apud
310 2807 459 2857 Dominum
473 2823 554 2858 suum
568 2821 601 2857 ex

67 2879 246 2946 dissipatione
255 2880 389 2929 bonorum
399 2895 526 2941 suorum;
536 2878 602 2944 quia

68 2966 98 3005 es
109 2951 246 3003 inutiliter
262 2953 290 3001 in
305 2951 408 3001 illicitis
423 2967 601 3017 consumpse-

68 3034 108 3077 rst
124 3035 152 3076 et
164 3024 320 3091 superfluis,
334 3040 389 3075 non
404 3024 505 3076 timens
520 3024 602 3075 offen-

67 3097 131 3149 dere
150 3095 295 3150 dominum
317 3111 407 3146 suum.
434 3096 500 3155 Quas
522 3110 602 3161 para-

69 3169 140 3231 bola,
159 3169 231 3221 sicut
251 3179 277 3220 et
297 3169 432 3235 praedicta,
452 3169 603 3234 specialiter

69 3242 221 3307 pertinebat
233 3241 267 3292 ad
279 3241 443 3307 discipulos;
460 3241 525 3307 quia
543 3239 604 3291 offi-

69 3315 142 3367 cium
152 3315 336 3374 villicationis,
346 3324 373 3365 et
384 3313 534 3380 periculum
549 3314 607 3363 red-

70 3385 164 3437 dendae
178 3385 292 3437 rationis
312 3383 430 3435 maxime
443 3383 559 3448 pertinet
571 3383 604 3433 ad

71 3459 205 3523 praelatos.
220 3458 267 3509 Est
290 3457 364 3509 enim
377 3456 484 3507 villicus
498 3456 606 3521 proprie

71 3531 233 3596 gubernator
252 3539 279 3581 et
293 3539 384 3581 custos
397 3529 484 3592 villae,
500 3528 547 3578 sed
561 3527 606 3578 hic

71 3602 203 3668 accipitur
218 3618 269 3668 pro
281 3616 432 3664 oeconomo,
446 3600 475 3651 id
499 3610 539 3650 est
555 3615 606 3650 cu-

72 3682 160 3723 ratore
180 3682 207 3723 et
223 3672 418 3738 dispensatore,
436 3670 483 3737 qui
504 3670 607 3721 scilicet

73 3741 228 3793 universam
242 3741 419 3793 substantiam
440 3741 539 3791 domus
554 3740 608 3791 dis·

76 3820 179 3875 pensat.
198 3813 366 3863 OEconomus
385 3811 460 3863 enim
479 3820 534 3864 tam
557 3827 608 3878 pe·

654 2735 688 2784 ab
702 2734 800 2794 officio,
821 2744 847 2784 et
866 2749 955 2800 egere,
971 2735 1039 2785 clam
1056 2733 1121 2784 tecit
1135 2734 1192 2784 mi-

654 2807 829 2857 sericordiam
852 2823 915 2857 cum
942 2806 1112 2856 debitoribus
1138 2806 1192 2856 do·

654 2877 722 2927 mini
737 2877 789 2938 sui,
805 2887 836 2927 ut
851 2893 913 2927 cum
928 2888 1105 2937 amoveretur,
1121 2876 1192 2926 reci-

654 2960 750 3017 perent
758 2965 822 3000 eum
832 2950 861 2999 in
871 2950 968 3000 domos
977 2965 1049 3008 suas,
1058 2964 1192 3000 memores

656 3024 698 3074 sui
722 3021 858 3073 beneficii.
875 3023 908 3072 Et
923 3021 984 3072 ideo
1006 3022 1072 3071 dicit
1088 3021 1162 3087 quod
1181 3036 1190 3071 ε

656 3096 746 3146 Homo
765 3095 875 3161 quidam
894 3101 956 3145 erat
975 3096 1058 3158 diver,
1078 3096 1125 3160 qui
1140 3095 1192 3144 ha·

657 3168 733 3218 bebai
747 3167 883 3230 villicum
897 3176 923 3217 ct
937 3166 1008 3217 infra
1023 3167 1051 3216 in
1067 3167 1122 3216 fine
1142 3182 1193 3232 ap-

656 3240 738 3306 plicat
763 3240 918 3305 parabolam
943 3242 977 3290 ad
1004 3240 1191 3307 propositum,

657 3313 770 3362 dicens:
785 3312 825 3361 Et
839 3326 891 3378 ego
905 3312 981 3362 vobis
997 3313 1066 3374 dico,
1083 3321 1131 3362 etc.
1146 3309 1194 3360 Si-

657 3383 758 3434 militer
781 3383 857 3433 enim
879 3383 1090 3449 homoquidam,
1112 3381 1195 3430 idest

657 3456 715 3520 ipse
737 3454 811 3505 Deus
835 3470 885 3520 pro
913 3454 995 3505 nobis
1021 3455 1194 3512 humanatus,

657 3528 742 3590 dives,
758 3527 822 3594 quia
840 3527 934 3593 gloria
946 3534 973 3578 et
985 3527 1089 3577 divitioe
1104 3526 1130 3575 in
1151 3524 1197 3574 do
1237 3559 1242 3571 .

658 3614 701 3650 mo
711 3599 779 3666 ejus,
783 3635 832 3649 .....
842 3598 955 3648 habebat
968 3597 1096 3657 villicum,
1113 3595 1140 3644 id
1155 3604 1197 3645 est

659 3670 884 3736 dispensatorem,
895 3669 940 3719 cui
954 3668 1065 3719 tradidit
1080 3669 1151 3717 bona
1163 3666 1197 3718 ad

659 3740 884 3806 dispensandum.
909 3740 997 3805 Hujus
1016 3754 1078 3804 ergo
1097 3735 1198 3788 Domi·

661 3812 700 3875 ni,
714 3812 742 3862 id
759 3821 801 3863 est
813 3810 927 3874 Christi,
942 3810 1041 3876 triplex
1061 3818 1100 3861 est
1121 3807 1198 3860 villi-
