2632 4320
138 255 189 306 358

169 371 348 422 5ansaruu
364 388 396 422 ns
419 387 453 422 uo
472 385 669 422 aurearum-

140 443 240 495 Tollite
251 443 339 508 itaque
351 443 386 492 ab
399 456 429 493 eo
440 442 576 504 talentum,
588 440 669 491 idest

136 514 239 563 donum
256 513 309 563 sibi
323 513 461 575 traditum,
481 513 582 563 scilicet
596 520 669 562 naur-

136 585 200 637 ralis
219 583 319 650 ingenii
334 585 377 635 vel
392 584 512 648 notitiae;
535 594 560 635 et
573 582 667 649 loqui-

136 666 180 707 tur
196 655 362 721 permissive,
382 656 446 723 quia
467 656 601 706 Dominus
617 669 668 704 au·-

136 728 199 779 ferri
226 727 357 794 permittit
383 727 600 793 intelligentiam,
626 725 667 776 vel

137 817 184 868 per
198 801 271 860 vitia,
287 801 328 850 vel
339 817 387 866 per
396 803 541 861 daemones,
557 799 667 867 quando

94 931 97 941 ¹
137 873 220 923 homo
245 870 390 924 infatuatur
406 873 436 923 in
461 872 585 938 eligendo
606 885 668 920 ma-

135 947 202 1005 lum,
215 945 256 996 vel
268 945 415 998 infatuatur
425 955 534 1012 propter
546 944 666 996 scientiae

135 1017 260 1076 abusum,
276 1019 318 1067 vel
333 1033 387 1069 non
401 1016 496 1082 recipit
506 1016 666 1072 mercedem.

136 1089 183 1141 sed
207 1105 323 1154 poenam,
349 1088 414 1155 quia
436 1089 508 1139 bona
534 1086 666 1138 divinitus

135 1159 230 1210 collata
242 1176 296 1210 non
306 1161 400 1211 cedent
412 1160 482 1210 male
491 1156 668 1224 operantibus

136 1230 178 1281 rel
200 1230 304 1291 otiosis,
323 1230 499 1296 adglorians,
519 1230 566 1280 sed
582 1227 668 1294 magis

135 1301 169 1353 ad
183 1301 386 1364 confusionem3
400 1307 427 1352 et
440 1301 504 1352 date
518 1301 543 1351 ei
557 1301 603 1366 qui
616 1299 666 1349 lra-

137 1372 179 1424 bet
203 1373 292 1424 decem
311 1373 424 1435 talenta,
447 1372 512 1438 quia
530 1370 668 1422 damnatio

136 1444 313 1509 reproborum
337 1444 412 1494 cedet
431 1446 463 1494 ad
482 1442 597 1509 gloriam
614 1441 668 1491 ele-

136 1524 251 1574 ctorum,
277 1519 427 1567 secundum
455 1515 522 1567 illud
547 1511 667 1564 Psalmi:

137 1587 288 1638 laetabitur
298 1587 394 1654 justus
412 1602 471 1639 cum
490 1585 588 1638 viderit
609 1583 669 1635 vin-

138 1657 248 1709 dictam.
271 1657 314 1709 Es
343 1675 398 1725 quo
425 1667 497 1724 patet
518 1655 592 1723 quod
613 1670 668 1704 non

138 1729 271 1793 permittit
299 1729 371 1781 Deus
398 1727 456 1780 fieri
479 1728 592 1790 malum,
615 1724 668 1776 nisi

139 1801 202 1852 inde
219 1801 318 1853 efficiat
329 1802 440 1868 aliquod
458 1801 575 1862 bonum;
591 1798 670 1865 jussit

137 1882 227 1924 autem
240 1873 332 1939 potius
353 1873 410 1924 dari
430 1873 469 1923 illi
486 1871 534 1938 qui
556 1871 670 1922 habebat

138 1941 239 2003 decem,
253 1959 336 2009 quarn
357 1943 397 1994 illi
411 1942 458 2009 qui
473 1942 588 1993 habebat
599 1956 670 2009 qua-

138 2022 209 2074 tuor,
224 2014 289 2079 quia
304 2013 397 2064 minus
416 2012 513 2063 habuit
523 2011 571 2078 qui
585 2011 669 2079 quin-

138 2098 191 2150 que
215 2093 349 2150 acceperat
366 2099 448 2150 quarn
467 2083 515 2148 qui
537 2083 609 2145 duo;
622 2097 671 2147 per

138 2155 261 2221 quinque
281 2157 355 2207 enim
371 2155 538 2222 significatur
550 2155 668 2206 exterio-

139 2241 200 2278 rum
227 2227 348 2290 scientia,
370 2227 520 2279 secundum
547 2226 671 2294 quinque

139 2313 251 2362 sensus3
270 2300 316 2366 se'd
338 2314 386 2365 per
402 2300 466 2360 duo,
484 2299 603 2365 operatio
618 2315 669 2348 vo-

139 2371 251 2422 luntatis
266 2382 292 2422 et
304 2371 462 2431 intellectus,
474 2370 594 2436 oportuit
605 2385 669 2436 ergo

139 2441 180 2492 illi
201 2441 249 2508 qui
274 2443 370 2493 habuit
391 2441 554 2493 exteriorum
581 2441 671 2493 scien-

139 2512 205 2564 tiam
225 2523 251 2564 et
264 2513 536 2573 administrationem,
551 2511 608 2563 dari
625 2511 670 2562 in-

139 2584 274 2636 tellectum
284 2585 453 2645 interiorum,
464 2584 512 2652 qui
525 2599 571 2651 per
583 2599 670 2634 unum

140 2655 299 2721 intelligitur
327 2657 467 2707 talentum.
500 2655 579 2704 Ornai
603 2653 671 2704 enim

119 2727 255 2792 ¹babenti,
283 2737 311 2777 et
340 2729 408 2778 bene
437 2727 535 2787 utenti,
560 2727 671 2776 dabitur

140 2799 338 2850 incrementum
362 2799 419 2863 ejus
440 2798 515 2863 quod
541 2797 631 2859 habet,
645 2802 671 2846 et

137 2867 287 2920 abundavit
301 2885 309 2918 .·
324 2867 433 2918 babenti
444 2867 519 2918 enim
535 2865 670 2918 sollicitu-

140 2940 232 2990 dinem
265 2939 436 2991 ministrandi
469 2940 582 2990 verbum
612 2938 671 3003 Dei,

140 3013 248 3063 dabitur
260 3012 355 3078 gratia,
371 3019 397 3062 et
411 3013 559 3064 abundabit
575 3012 603 3062 in
618 3011 671 3064 effi-

140 3085 194 3135 caci
216 3083 348 3146 doctrina;
375 3084 448 3144 item,
469 3085 577 3135 habenti
608 3083 672 3134 cari·

139 3164 230 3216 tatem,
255 3153 364 3204 dabitur
392 3165 569 3221 augmentum
599 3154 671 3206 cari-

139 3228 216 3289 tatis,
262 3233 288 3280 et
326 3227 475 3277 abundabit
510 3242 597 3294 usque
637 3227 670 3278 ad

138 3300 349 3366 perfectionem
366 3299 442 3358 item,
462 3299 569 3350 habenti
585 3299 670 3350 meri-

140 3386 208 3435 tum,
230 3373 341 3425 dabitur
355 3371 514 3438 praemium,
535 3378 561 3421 et
582 3372 670 3422 abun·

140 3446 223 3506 dabit,
256 3444 322 3510 quia
346 3442 565 3503 remunerabitur¹
588 3457 670 3508 supra

140 3516 315 3581 condignum.
343 3516 463 3579 Augetur
485 3513 559 3563 enirn
586 3513 670 3578 gratia

142 3585 166 3635 ei
178 3586 226 3651 qui
239 3586 343 3636 laborat
355 3585 382 3635 in
395 3599 434 3642 ea,
452 3598 515 3632 narn
525 3583 670 3633 laborando

139 3666 257 3707 meretur
268 3655 368 3722 augeri,
389 3664 415 3705 et
432 3654 455 3704 ei
476 3653 524 3719 qui
539 3653 670 3719 reperitur

139 3729 168 3779 in
186 3730 280 3794 gratia,
295 3729 402 3778 dabitur
411 3727 497 3793 gloria
509 3736 535 3778 et
544 3727 668 3777 abunda-

140 3798 189 3860 bit,
213 3815 269 3848 non
286 3800 375 3849 solum
393 3799 491 3848 desua
509 3807 535 3847 et
553 3796 669 3848 aliorum

142 3869 344 3934 glorificatione,
359 3869 498 3921 sedetiam
513 3870 547 3920 de
571 3869 639 3936 impl
656 3893 670 3908 ·

405 253 578 306 SECUNDAE
594 250 718 302 PARTlS
733 251 850 303 CAPUT
863 252 956 303 XLIX.

724 366 797 417 tione
809 367 919 432 iustitiae
939 367 967 417 in
982 368 1255 436 malorumreproba-

724 437 806 489 tione.
825 439 866 490 Ab
879 452 910 490 eo
923 439 1073 505 antenorei
1093 455 1146 491 uon
1163 441 1253 503 babet,

723 509 845 560 studium
866 511 908 559 vel
931 510 1078 571 caritatem,
1103 521 1131 562 et
1150 511 1255 562 bonum

723 582 787 633 doni
803 581 892 632 collati
911 597 1001 641 usum,
1022 589 1048 633 et
1061 584 1133 649 quod
1148 584 1253 636 videtur

722 651 829 716 habere,
850 652 964 703 naturali
982 653 1093 720 ingenio
1107 654 1151 704 vel
1163 655 1256 706 studio

722 721 882 783 litterarum,
896 738 926 773 ac
934 723 1038 773 donum
1050 723 1103 775 sibi
1113 725 1253 787 collatum,

721 793 863 859 auferetur·
868 811 881 858 ,·
895 794 969 854 item,
993 794 1018 844 ei
1037 795 1086 862 qui
1105 796 1256 847 nonhabet

721 864 813 926 fidem,
837 876 867 918 ut
896 867 926 918 in
951 868 1007 918 Deo
1035 884 1093 919 non
1122 869 1251 927 credenti,

722 936 804 988 etiarn
818 940 891 1003 quod
905 939 1012 991 videtur
1028 941 1137 1001 habere,
1155 939 1257 992 scilicet

722 1009 801 1077 Legis
813 1012 924 1063 scientia
933 1013 1108 1064 aufereturab
1119 1028 1168 1076 eo;
1181 1011 1254 1073 item,

722 1080 746 1130 ei
781 1083 830 1148 qui
862 1082 890 1133 in
921 1093 1007 1135 morte
1041 1100 1097 1135 non
1130 1084 1256 1135 inventus

721 1152 842 1206 fueritin
855 1157 950 1222 gratia,
961 1158 1032 1209 bona
1048 1168 1153 1209 naturae
1165 1169 1193 1208 et
1200 1172 1255 1225 gra-

721 1225 765 1277 tiae
786 1228 879 1279 cedent
896 1228 920 1279 ei
936 1231 968 1280 ad
984 1246 1102 1296 poenam.
1119 1231 1156 1282 Ut
1167 1240 1255 1280 atatem

721 1298 785 1349 dicit
804 1301 988 1366 Augustinus,
1017 1302 1110 1353 omnis
1131 1318 1177 1353 res
1197 1316 1255 1367 quae

722 1371 809 1421 danda
819 1372 980 1433 nondeficit,
991 1374 1014 1424 si
1028 1374 1145 1425 habetur
1159 1383 1185 1425 et
1200 1389 1255 1423 non

722 1444 809 1507 datur,
826 1461 882 1495 non
906 1445 1021 1497 habetur
1041 1448 1181 1513 quomodo
1204 1446 1255 1498 ha-

724 1514 810 1566 benda
826 1525 882 1578 est;
897 1526 924 1567 et
947 1528 978 1568 ut
999 1518 1071 1569 idem
1095 1517 1172 1581 dicit,
1193 1519 1256 1569 dare

724 1587 844 1648 habenti,
859 1589 911 1641 fuit
929 1591 1131 1655 misericordiae,
1147 1591 1252 1644 auferre

724 1674 779 1707 non
806 1659 926 1721 habenti,
953 1661 1072 1727 justitiae.
1108 1663 1256 1714 Prudenter

724 1744 787 1795 ergo
802 1739 828 1779 et
840 1729 955 1783 fideliter
968 1733 1145 1794 laborantem,
1166 1748 1197 1784 ac
1211 1733 1257 1783 bo-

724 1817 791 1853 num
802 1818 883 1853 usum
897 1803 927 1853 in
948 1804 996 1855 Dei
1015 1820 1131 1856 munere
1148 1806 1255 1857 haben-

723 1882 778 1924 tem
796 1876 921 1940 ampliori
944 1877 1028 1943 gratia
1048 1877 1186 1929 Dominus
1206 1878 1258 1928 do-

723 1954 780 2005 nat;
800 1957 826 1996 et
846 1947 901 1997 otia
920 1958 1074 2012 sectantem,
1094 1964 1125 1999 ac
1144 1965 1256 2001 munere

723 2017 771 2068 Dei
791 2033 845 2068 uon
863 2019 929 2070 bene
943 2030 1064 2071 utentem
1077 2037 1109 2071 eo
1124 2023 1200 2088 quod
1216 2023 1258 2072 de-

723 2087 797 2136 derat
809 2088 903 2153 privat.
917 2089 995 2141 Unde
1009 2091 1076 2141 dicit
1089 2091 1257 2158 Gregorius,

723 2158 797 2222 quod
831 2159 957 2226 quisquis
993 2160 1132 2211 caritatem
1160 2163 1255 2219 habet,

724 2228 804 2278 etiam
819 2230 872 2282 alia
890 2231 960 2281 dona
977 2231 1107 2297 percipit3
1127 2232 1254 2299 quisquis

723 2299 859 2350 caritatem
884 2317 939 2352 non
961 2302 1050 2363 habet,
1074 2303 1157 2354 etiam
1186 2305 1256 2354 dona

724 2385 784 2437 quae
799 2373 950 2438 percepisse
961 2374 1102 2424 videbatur
1113 2374 1225 2426 amittit.

756 2441 772 2492 6
788 2444 926 2494 Mirrrrun
940 2461 966 2494 nr
987 2461 1122 2497 renarras
1135 2462 1257 2497 sarnaio·

724 2528 781 2564 aas.
793 2541 823 2550 ·-
833 2514 937 2565 Deinde
949 2515 1075 2566 inutilem
1091 2532 1202 2568 servum
1216 2528 1257 2567 ta·

725 2584 795 2633 lento
810 2584 943 2649 privatum
957 2586 1033 2651 jubet
1045 2586 1117 2637 mitti
1139 2586 1170 2637 in
1183 2598 1254 2638 tene·

725 2657 786 2707 bras
806 2657 959 2712 exteriores.
982 2659 1010 2708 id
1035 2672 1075 2709 est
1097 2661 1253 2725 corporales,

725 2731 799 2795 quia,
811 2740 842 2782 ut
854 2731 891 2782 ait
904 2731 1092 2798 Hieronymus
1107 2751 1116 2782 .·
1134 2751 1149 2780 a
1170 2733 1256 2785 Domi-

726 2817 777 2853 nus
794 2802 886 2852 lumen
901 2812 949 2862 est,
963 2803 1011 2868 qui
1024 2804 1100 2854 abeo
1115 2803 1189 2856 foras
1200 2805 1254 2856 mlt-

725 2873 800 2931 titur,
815 2882 884 2923 caret
899 2873 1010 2923 lumine.
1026 2892 1040 2920 n
1053 2874 1211 2927 Exteriores
1222 2885 1254 2925 te·

724 2943 814 2994 nebrae
847 2954 914 2992 sunt
946 2943 1082 3009 corporis3
1116 2944 1255 2996 interiores

724 3022 788 3064 sunt
812 3013 882 3063 mala
907 3013 1014 3064 animae.
1042 3014 1120 3065 Unde
1146 3015 1255 3081 Grego-

723 3084 803 3135 rius:
819 3103 834 3130 u
843 3084 985 3136 Interiores
995 3085 1120 3145 tenebrae,
1138 3097 1256 3137 suntcae·

724 3155 791 3206 citas
800 3155 915 3218 mentis;
926 3155 1080 3216 exteriores,
1090 3166 1192 3209 meana
1204 3171 1254 3207 noa

725 3228 921 3293 damnationis3
944 3229 991 3294 qui
1013 3244 1077 3294 ergo
1098 3228 1144 3279 hic
1162 3237 1254 3296 sponte

725 3299 823 3350 cecidit
844 3300 872 3351 in
898 3301 1043 3352 caecitatem
1067 3301 1181 3362 mentis,
1204 3300 1254 3352 illic

725 3369 880 3435 projicietur
908 3371 936 3420 in
970 3381 1079 3423 noctem
1104 3371 1256 3423 damnatio-

725 3440 780 3491 nis.
797 3460 812 3488 »
835 3442 913 3493 Unde
934 3451 961 3491 et
983 3442 1116 3493 Rabanus
1141 3460 1150 3493 r
1175 3461 1190 3489 r
1208 3444 1255 3492 Per

725 3526 833 3577 poenam
844 3513 874 3562 in
886 3512 1031 3565 exteriores
1041 3512 1165 3562 tenebras
1179 3512 1257 3570 cadit,

725 3583 772 3649 qui
785 3599 832 3649 per
847 3583 955 3649 culpam
971 3599 1047 3634 suam
1063 3593 1163 3649 sponte
1176 3584 1207 3636 in
1221 3584 1259 3635 iu·

724 3654 834 3705 teriores
844 3656 961 3718 occidit3
977 3656 1015 3706 ibi
1030 3668 1141 3708 coactus
1159 3657 1258 3724 patitur

725 3728 849 3779 tenebras
872 3729 1037 3795 voluptatis:
1052 3750 1065 3777 n
1078 3729 1137 3780 haec
1162 3731 1258 3783 Raba-

725 3815 784 3851 nus.
810 3799 852 3849 Ibi
874 3800 926 3850 erit
937 3800 1031 3865 fletur,
1048 3801 1215 3865 proveniens
1228 3816 1260 3852 ex

724 3869 801 3921 fumo
819 3869 929 3933 caloris;
955 3876 981 3919 et
1000 3871 1107 3927 stridor·
1130 3871 1262 3931 dentium,
