2632 4320
161 294 208 344 DE
224 295 354 347 SCRIBIS
370 296 418 348 ET
436 296 626 346 PHARISAEIS
642 295 677 345 IN
694 296 880 347 DOCTRINA
895 298 987 356 Auo,
1006 298 1082 348 ETC.
1139 314 1192 366 279

71 407 163 474 digne,
177 409 282 458 Scribae
296 415 322 459 et
335 410 481 460 Pharisaei.
505 409 605 460 Cathe-

70 478 120 529 dra
142 479 284 529 doctorum
311 489 361 540 est,
376 489 403 532 et
425 481 484 530 ideo
507 479 606 529 dicun-

71 559 116 600 tur
123 550 217 601 sedere
226 565 308 617 super
318 552 472 602 cathedram
481 549 603 617 Moysis,

70 619 119 687 qui
144 620 241 670 docent
269 623 342 687 quod
369 621 460 672 docuit
487 622 604 686 Moyses.

69 689 125 742 Ubi
150 690 224 742 idem
246 693 458 760 chrysostomus
472 710 481 743 .·
496 709 510 737 a
529 689 606 741 Multi

70 762 240 823 sacerdotes,
272 773 298 814 et
321 763 397 829 pauci
423 763 573 813 sacerdotes
597 780 605 812 :

71 831 153 882 multi
167 832 197 883 in
212 834 333 894 nomine,
345 844 372 884 et
384 833 461 900 pauci
475 833 504 883 in
517 847 605 898 opere.

70 902 167 955 Videte
187 920 251 972 ergo
268 908 407 972 quomodo
428 905 542 956 sedeatis
555 921 605 955 su-

70 991 120 1040 per
143 991 212 1036 eam,
236 978 301 1044 quia
320 994 375 1028 non
397 977 521 1027 cathedra
543 975 606 1026 facit

71 1048 252 1110 sacerdotem,
284 1050 331 1099 sed
362 1050 486 1099 sacerdos
513 1049 606 1098 cathe-

71 1118 158 1168 dram.
181 1119 245 1170 Non
259 1121 336 1170 locus
350 1119 496 1169 sanctificat
512 1118 606 1169 borni-

72 1203 147 1251 nem,
161 1191 209 1240 sed
223 1190 307 1241 homo
324 1191 423 1241 locum.
440 1191 501 1241 Non
516 1188 607 1241 omnis

70 1261 195 1312 sacerdos
221 1271 329 1312 sanctus
353 1271 412 1323 est,
438 1263 484 1312 sed
517 1259 608 1310 omnis

69 1335 184 1386 Sanctus
194 1334 325 1384 sacerdos.
343 1335 414 1384 Bene
427 1333 539 1399 quidem
553 1332 605 1382 do-

70 1404 173 1465 cendo,
207 1413 233 1454 et
261 1406 332 1456 maie
357 1405 489 1475 vivendo,
520 1405 607 1454 Deum

70 1477 185 1529 instruis
210 1479 349 1546 quomodo
369 1478 463 1528 debeat
489 1487 516 1528 te
540 1492 608 1527 con-

70 1549 209 1601 demnare.
232 1569 247 1598 n
272 1551 307 1601 Ut
331 1560 421 1601 autern
446 1548 513 1599 dicit
535 1547 607 1598 idem

39 1649 43 1656 ·
72 1619 304 1688 Chrysostomur,
334 1636 368 1672 ne
399 1619 499 1686 aliquis
522 1619 607 1680 dicat,

70 1693 203 1760 quoniam
228 1704 338 1760 propter
362 1695 413 1744 hoc
435 1691 608 1744 desidioria-

71 1773 132 1816 ctus
146 1778 208 1815 sum
227 1765 261 1815 ad
281 1765 425 1830 agendum,
442 1763 505 1830 quia
519 1763 607 1813 malus

71 1844 115 1888 est
137 1835 239 1897 doctor,
259 1836 320 1887 ideo
342 1836 412 1886 itanc
432 1833 547 1886 destruit
560 1849 607 1884 oc-

70 1904 218 1967 casionem,
227 1921 289 1956 curn
298 1907 407 1956 subdit:
424 1905 520 1955 Omnia
529 1918 606 1970 ergo,

70 1978 107 2028 ad
120 1978 275 2028 cathedram
293 1976 464 2043 pertinentia,
481 1988 607 2042 quacun-

71 2062 124 2116 que
143 2049 268 2101 dixerint
290 2049 374 2112 uobis,
398 2048 426 2099 id
447 2048 541 2098 estad
563 2061 607 2097 ve-

70 2129 157 2171 stram
179 2119 333 2182 utilitatem,
356 2127 462 2171 servate
482 2119 561 2169 corde
581 2124 607 2168 et

65 2191 157 2257 facite
179 2207 269 2259 opere,
291 2192 319 2243 id
339 2202 379 2243 est
391 2191 522 2242 doctrina.
543 2191 606 2240 Non

70 2276 164 2317 tamen
185 2262 344 2329 simpliciter
370 2275 539 2330 quacunque,
557 2260 606 2311 sed

70 2337 120 2389 illa
137 2346 257 2397 tantum,
271 2351 332 2402 quae
348 2335 450 2402 Moysis
473 2333 606 2385 cathedrae

69 2408 258 2474 dominaque
279 2407 452 2467 conveniunt,
472 2415 500 2456 et
516 2418 607 2471 quaea

71 2495 134 2532 vera
158 2478 212 2530 fide
238 2495 294 2530 non
323 2479 492 2544 discrepant,
517 2491 607 2543 neque

70 2551 175 2603 divinis
199 2561 350 2618 repugnant
370 2550 512 2601 mandatis.
529 2549 607 2600 Unde

72 2623 307 2692 chysostomus:
323 2640 337 2670 α
356 2621 462 2680 Omnia,
480 2620 525 2680 ait,
545 2635 606 2686 quae

71 2689 608 2761 oorriguntmores‚etmeiioremiaciunt

71 2763 135 2816 vim
155 2764 279 2824 modum,
296 2773 322 2814 et
342 2765 411 2815 Novi
437 2761 606 2812 Testamenti

71 2834 236 2886 concordant
252 2833 366 2900 legibus,
385 2842 411 2884 et
438 2848 494 2882 non
514 2829 607 2882 dimit-

71 2904 174 2956 tuntde
179 2904 284 2971 reliquo
294 2904 414 2970 subjugo
422 2903 502 2968 Legis
508 2917 568 2952 esse
577 2918 584 2952 ι
592 2919 606 2948 »

71 2975 133 3028 haec
154 2976 376 3044 Chrysostomus.
398 2976 437 3025 Ex
459 2990 514 3040 quo
535 2981 609 3039 patet

71 3047 146 3112 quod
159 3046 242 3097 etiam
254 3045 331 3096 malis
344 3045 461 3111 praelatis
476 3053 501 3094 et
512 3045 607 3094 docto·

71 3118 150 3171 ribus
171 3119 244 3169 buna
262 3117 421 3167 docentibus
455 3125 496 3166 est
518 3115 607 3165 honor

71 3188 236 3241 obedientia
250 3187 429 3248 exhibendus,
454 3186 507 3236 nisi
522 3187 550 3236 in
562 3185 607 3236 his

70 3274 134 3326 quas
147 3258 291 3310 manifeste
311 3266 373 3308 sunt
396 3267 488 3308 contra
501 3258 605 3320 Deum3

71 3340 98 3383 et
132 3341 201 3383 sunt
231 3330 350 3382 habendi
376 3329 407 3380 in
442 3329 605 3390 reverentia,

71 3401 196 3470 qtrandiu
219 3402 368 3452 tolerantur
388 3402 417 3452 in
432 3400 521 3452 officio
545 3416 606 3461 suo,

71 3475 145 3543 quod
170 3483 244 3541 patet
266 3489 314 3541 per
333 3474 486 3540 exemplum
510 3474 604 3535 David,

72 3546 120 3613 qui
139 3546 318 3598 venerabatur
331 3546 448 3606 Saulem,
472 3546 534 3596 licet
554 3545 607 3596 sci-

72 3627 114 3669 ret
137 3632 204 3669 eum
220 3617 322 3669 malum
335 3627 362 3668 et
379 3619 464 3668 aDeo
478 3618 607 3683 reproba-

74 3698 142 3741 tum.
155 3687 194 3740 Et
213 3702 261 3754 per
274 3687 327 3738 hoc
339 3687 510 3738 auditoribus
531 3687 608 3738 tolli·

73 3771 119 3813 tur
142 3759 282 3813 excusatio
311 3776 365 3811 non
394 3760 463 3811 bene
491 3759 606 3825 agendi;

76 3848 138 3885 nam
165 3832 318 3885 obediendo
346 3832 424 3884 malis
449 3832 564 3899 praelatis
583 3841 610 3882 et

75 3903 242 3967 doctoribus,
256 3904 330 3955 Deus
343 3903 371 3955 in
391 3903 430 3955 eis
450 3904 607 3964 honoratur,

657 407 732 471 cuius
753 424 896 473 personam
917 419 1029 475 gerunt;
1045 426 1102 460 non
1118 410 1193 460 enim

657 493 714 538 sua,
727 480 773 528 sed
787 496 847 545 quoe
862 479 910 530 Dei
924 490 997 543 sunt,
1011 481 1114 530 dicunt.

689 564 704 598 2
715 550 766 600 Sao
777 567 829 599 nou
842 567 942 600 sannen
955 567 1092 601 secuunuir
1106 568 1191 602 orent

657 635 747 670 sonuit
767 637 891 671 aceruus
911 638 967 672 sss.
990 651 1019 659 —
1041 623 1191 672 Secundum

657 703 720 741 reio
742 706 823 757 opera
846 707 945 752 eorum,
971 709 1031 758 quae
1054 704 1150 757 praeter
1165 692 1192 742 id

658 763 731 827 quod
747 773 851 829 oportet
870 763 994 829 nequiter
1014 764 1127 824 iaciunt,
1141 779 1192 814 no·
1270 787 1273 797 ¹

659 832 705 884 lite
717 833 824 898 facere,
841 834 905 900 quia
919 850 974 884 non
989 843 1053 884 sunt
1065 833 1190 884 imitandi

658 906 685 957 in
700 907 788 968 malis,
804 908 850 958 sed
869 918 974 958 tantum
989 907 1018 958 in
1032 908 1121 959 bonis.
1137 907 1190 960 Ubi

660 981 870 1048 chrysostomus
885 998 892 1032 :
909 1000 922 1029 r<
937 982 964 1031 Si
980 982 1048 1032 bene
1063 981 1189 1040 vixerint,

658 1065 752 1100 eorum
766 1061 808 1102 est
828 1053 950 1116 lucrum3
968 1052 991 1102 si
1007 1052 1075 1102 bene
1089 1053 1190 1101 docue-

659 1121 721 1182 rint,
736 1132 865 1173 vestrum.
892 1122 1011 1189 Accipite
1034 1138 1097 1188 ergo
1118 1121 1191 1188 quod

657 1203 778 1244 vestrum
802 1205 858 1256 est,
889 1205 916 1245 et
946 1194 1030 1245 nolite
1060 1194 1192 1244 discutere

659 1265 731 1331 quod
752 1265 871 1316 alienum
887 1277 928 1317 est
950 1282 957 1316 :
980 1284 993 1313 n
1016 1265 1073 1316 haec
1098 1265 1192 1330 Chry-

658 1343 801 1387 sostomus.
818 1337 920 1387 Dicunt
939 1337 1015 1400 enim,
1032 1341 1058 1386 et
1078 1349 1129 1386 non
1138 1334 1192 1399 sa-

659 1407 741 1469 ciant,
757 1408 821 1474 quia
835 1408 891 1458 vita
903 1408 1035 1458 doctrinae
1048 1422 1104 1466 non
1124 1421 1193 1456 con-

659 1479 759 1530 cordat.
774 1480 909 1529 Docebant
922 1479 996 1529 enim
1013 1480 1083 1528 bene
1095 1477 1193 1531 vivere,

659 1549 809 1600 secundum
832 1549 912 1616 Legis
935 1558 1074 1615 praecepta,
1095 1557 1121 1598 et
1142 1544 1194 1612 ipsi

660 1635 707 1686 per
736 1620 981 1685 prevaricationem
1016 1619 1096 1684 Legis
1124 1617 1194 1667 maie

659 1691 793 1741 vivebant.
811 1691 910 1741 Contra
925 1705 995 1757 quos
1015 1689 1080 1740 dicit
1093 1690 1193 1753 Augu-

659 1764 769 1814 stinus:
784 1781 799 1810 a
810 1763 882 1812 Bene
895 1762 1002 1823 docere,
1017 1771 1044 1811 et
1066 1760 1135 1810 male
1148 1759 1193 1810 vi-

658 1849 728 1895 vere,
752 1849 807 1884 non
831 1843 871 1883 est
895 1833 968 1883 aliud
991 1846 1074 1897 quarn
1094 1845 1123 1880 se
1143 1845 1192 1880 sua

658 1908 751 1974 lingua
769 1908 910 1970 damnare3
935 1907 969 1958 de
992 1905 1092 1956 talibus
1116 1903 1193 1954 enim

657 1981 706 2048 qui
729 1981 823 2030 dicunt
844 1989 871 2030 et
900 1995 955 2029 non
973 1978 1085 2037 faciunt,
1104 1984 1193 2042 potest

657 2053 710 2104 dici
737 2053 805 2103 iilud
828 2052 966 2103 Genesis:
987 2051 1050 2101 Vox
1077 2048 1191 2115 quidem,

657 2141 714 2177 uox
737 2125 823 2176 Jacob
844 2130 890 2186 est,
908 2137 1004 2174 monus
1025 2128 1113 2172 autem
1131 2134 1194 2170 mo-

657 2211 708 2248 nus
724 2197 811 2248 Esau.
829 2216 843 2244 r>
858 2194 910 2246 Ubi
924 2203 951 2246 et
961 2195 1173 2260 chrysostomus
1188 2208 1195 2242 .-

659 2267 807 2318 «Maxime
830 2265 997 2317 accusatione
1020 2264 1119 2330 dignus
1145 2271 1193 2321 est,

658 2338 705 2405 qui
722 2337 852 2388 doctrinae
874 2336 1060 2387 auctoritatem
1081 2333 1191 2389 habens.

659 2411 759 2476 Legem
775 2407 970 2472 transgreditur
989 2422 997 2455 ι
1016 2405 1105 2470 primo
1131 2402 1196 2468 qui·

658 2481 730 2540 dem,
752 2478 818 2544 quia
842 2477 1039 2542 praevaricatur,
1058 2474 1106 2540 qui
1126 2472 1193 2522 aiios

658 2550 789 2615 corrigere
811 2548 904 2609 debet;
930 2545 1034 2604 deinde,
1057 2542 1122 2609 quia
1134 2557 1195 2608 pec-

658 2639 723 2674 cans
739 2621 834 2687 majori
850 2635 928 2686 poena
948 2618 1049 2685 dignus
1063 2624 1113 2675 est,
1127 2630 1193 2680 pro-

658 2704 716 2760 pter
730 2694 875 2754 honorem;
890 2690 978 2750 tertio,
992 2686 1125 2755 quiaplus
1140 2700 1195 2735 cor·

657 2765 779 2830 rumpit,
800 2763 873 2814 velut
898 2761 928 2810 in
952 2759 1048 2811 ordine
1073 2754 1191 2806 doctoris

658 2851 809 2903 peccans.»

690 2907 704 2957 3
720 2908 864 2957 Ancurrun
877 2916 1041 2953 cnunmrrns
1054 2914 1089 2949 ιτ
1102 2913 1193 2949 nsunt·

658 2993 753 3030 cauria
769 2978 967 3027 Pannrsmonuu
988 2989 1075 3023 ouant
1096 2985 1192 3020 natvm

658 3064 736 3110 mus,
750 3063 870 3107 uoueret,
880 3059 1070 3095 turonensium
1083 3071 1114 3082 —
1127 3041 1195 3093 Atti-

658 3126 728 3186 gant
743 3124 831 3168 autem
851 3131 942 3180 onera,
965 3116 1068 3165 scilicet
1081 3127 1192 3164 suarum

658 3189 834 3240 traditionum
848 3198 874 3238 et
888 3188 989 3253 legum,
1004 3194 1034 3235 ut
1047 3184 1103 3234 sint
1113 3181 1192 3248 quasi

658 3263 735 3314 fascis
755 3261 952 3328 importabilis,
978 3258 1079 3326 gravia
1103 3254 1190 3312 enirn,

658 3342 790 3400 quantum
814 3334 848 3383 ad
864 3332 999 3390 affectum,
1020 3334 1047 3379 et
1060 3327 1193 3392 importa-

658 3404 733 3468 trita,
747 3414 881 3470 quantum
895 3403 929 3452 ad
943 3401 1066 3451 effectum
1074 3413 1081 3460 ;
1097 3401 1124 3446 et
1137 3396 1191 3445 im-

654 3480 758 3540 ponunt
780 3474 807 3525 in
830 3473 954 3524 humeros
973 3468 1115 3529 hominum,
1131 3482 1188 3515 non

658 3545 688 3596 in
710 3561 784 3605 suos,
798 3560 846 3610 per
861 3543 1025 3594 coactionem
1039 3539 1186 3587 observan-

658 3616 702 3666 tiae
721 3625 922 3682 praeceptorum,
937 3611 1001 3678 quia
1016 3623 1097 3674 supra
1111 3606 1191 3672 Legis

660 3698 788 3754 praecepta
807 3686 1003 3736 constituerunt
1016 3696 1049 3731 ex
1067 3678 1124 3730 suis
1142 3689 1194 3728 tra·

659 3758 808 3809 ditionibus
822 3759 907 3807 muita
922 3770 982 3821 quae
1002 3761 1078 3803 erant
1095 3749 1192 3800 subdi-

659 3829 694 3879 tis
710 3830 809 3894 grauio
833 3834 858 3877 et
879 3823 1062 3892 importabilia
1068 3840 1078 3885 ;
1102 3821 1190 3888 digito

659 3907 747 3953 autem
773 3916 831 3963 suo,
856 3900 883 3950 id
911 3909 951 3949 est
973 3897 1025 3948 levi
1051 3904 1126 3946 motu
1148 3894 1189 3944 vel
