2632 4320
105 245 153 295 DE
168 244 227 295 DIE
242 244 329 295 DOM.
343 245 456 296 JUXTA
466 244 597 298 EXEMP.
613 246 688 298 NOE
703 248 748 298 ET
760 248 859 299 LOTH
875 248 986 299 SUBIT.
1000 248 1108 298 VENT.
1127 247 1181 299 335

58 366 164 418 diluvio
194 363 313 429 absorpti
333 373 404 421 sunt,
425 370 452 414 et
472 363 593 429 repenti-

59 455 111 491 nus
125 437 250 488 interitus
264 436 327 486 tulit
340 452 436 486 omnes
454 436 482 486 in
493 451 594 501 magna

57 509 200 562 securitate
226 507 386 567 existentes,
416 516 443 557 et
468 505 537 556 nihil
561 506 593 556 ti-

57 591 172 632 mentes.
192 579 237 629 Sic
254 578 373 629 Domino
386 577 534 628 fabricante
552 591 593 627 ar·

56 667 117 703 eam
140 651 278 709 Ecclesiae,
294 661 367 700 extra
385 665 467 717 quam
482 664 538 698 non
551 657 592 698 est

56 722 141 785 salus,
161 721 322 787 praedicatur
336 721 466 770 adventus
479 718 589 769 Domini

56 794 90 845 ad
103 793 235 858 judicium
251 791 416 857 inopinatus.
432 790 511 841 Multi
523 805 589 855 quo-

56 879 111 932 que
119 863 174 913 hoc
183 872 303 927 tempore
313 862 500 927 poenitentiam
512 875 590 926 agen·

56 945 112 995 tes,
135 943 163 984 et
187 934 308 998 exempla
338 931 503 997 poenitentia*
529 930 590 982 aliis

55 1007 248 1063 ostendentes,
269 1005 319 1054 etsi
344 1014 432 1055 tacent
457 1019 532 1064 voce,
554 1012 591 1053 ta-

56 1093 121 1129 men
146 1093 209 1129 curn
233 1078 291 1128 Noe
316 1078 468 1143 loquuntur
489 1090 588 1142 opere,

56 1149 178 1199 dicentes
202 1165 210 1198 t
235 1148 262 1197 Si
287 1148 366 1198 nobis
394 1163 448 1198 non
471 1145 589 1205 creditis,

55 1220 99 1270 vel
123 1219 251 1285 operibus
278 1219 387 1269 credite.
405 1218 456 1268 Sed
479 1216 590 1283 reprobi

55 1298 258 1340 contemnentes
282 1288 431 1348 lasciviunt,
449 1298 476 1338 et
497 1287 527 1337 in
547 1287 591 1337 die

55 1374 112 1427 qua
134 1375 189 1409 non
212 1368 307 1425 putant
331 1359 421 1409 veniet
445 1357 589 1418 Dominus,

55 1441 83 1483 et
107 1433 201 1498 perdet
223 1447 277 1482 eos.
299 1433 333 1482 Et
354 1447 415 1481 cum
432 1430 521 1480 dicent
539 1446 590 1496 pax

55 1514 83 1556 et
95 1506 234 1568 securitas,
246 1506 323 1572 quasi
336 1505 423 1555 securi
435 1504 588 1567 existentes,

55 1585 83 1627 et
109 1577 143 1626 de
167 1577 243 1625 nullo
266 1576 413 1635 timentes,
437 1574 590 1640 repentinus

55 1647 226 1713 superveniet
250 1646 288 1697 eis
323 1647 458 1708 interitus,
483 1655 589 1696 ernon

56 1716 187 1784 effugient
212 1717 416 1767 tribulationem
441 1716 590 1767 imminen-

55 1797 121 1839 tem.
145 1788 199 1840 Ubi
222 1789 298 1839 Beda
313 1806 321 1838 t
337 1807 351 1835 u
364 1788 475 1854 Mystice
489 1799 590 1850 autern,

55 1859 115 1911 Noe
126 1874 219 1909 arcam
235 1858 356 1922 aedificat,
376 1875 437 1909 cunt
456 1859 590 1909 Dominus

56 1931 205 1983 Ecclesiam
226 1933 259 1982 de
273 1932 340 1982 viris
362 1931 496 1992 fidelibus,
512 1931 589 1998 quasi

56 2001 141 2069 lignis
154 2002 277 2067 levigatis
288 2002 431 2052 adunando
443 2000 588 2066 construit;

55 2088 139 2140 quem
163 2073 280 2138 perfecte
306 2083 520 2123 consummatam
544 2072 590 2122 in-

55 2146 186 2214 greditur,
202 2163 264 2196 cum
282 2147 352 2197 hanc
375 2148 403 2196 in
431 2147 475 2196 die
497 2145 589 2211 indicii

55 2217 200 2283 praesentia
213 2233 268 2268 suae
281 2217 396 2267 visionis
409 2227 526 2267 aternus
540 2216 590 2266 ha-

56 2286 154 2353 bitator
167 2287 292 2338 illustrat.
307 2288 357 2338 Sed
372 2303 433 2338 cunt
448 2302 510 2336 arca
524 2286 590 2336 aedi-

56 2357 168 2418 ficatur,
192 2358 280 2424 iniqui
309 2359 496 2421 luxuriantum
527 2373 589 2407 cunt

56 2444 119 2481 vern
139 2430 260 2482 intratur
281 2431 427 2491 intereunt,
452 2431 517 2496 quia
542 2429 590 2497 qui

56 2504 162 2556 Sanctis
189 2504 234 2555 hic
252 2503 423 2554 ‘certantibus
451 2505 589 2562 insultant.

58 2573 96 2624 eis
120 2574 179 2626 illic
204 2576 341 2625 coronatis
356 2585 453 2625 aeterna
478 2574 590 2624 damna-

57 2645 132 2698 tione
150 2648 326 2714 plectentur:
342 2667 355 2695 a
371 2648 430 2698 haec
443 2647 529 2698 Beda.
547 2646 591 2696 Sic

58 2720 136 2770 multi
157 2720 191 2770 de
206 2731 293 2770 morte
315 2736 363 2770 sua
385 2736 440 2771 non
463 2720 591 2785 cogitant,

57 2791 183 2858 quamvis
197 2792 420 2842 certitudinaliter
435 2791 491 2842 sint
505 2790 591 2840 mori-

55 2863 128 2928 turi;
159 2875 186 2914 et
217 2864 371 2930 frequenter
396 2865 469 2915 venit
503 2878 591 2923 mors,

55 2934 166 3001 quando
183 2937 290 2985 nullum
304 2935 416 2985 timetur
432 2933 591 2999 periculum,

55 3007 164 3058 mbitus
175 3008 250 3057 enim
264 3007 315 3057 erit
329 3007 458 3057 adventus
470 3005 534 3056 Filii
547 3005 594 3055 ho-

57 3081 141 3132 minis
169 3081 203 3130 ad
231 3080 363 3147 judicium
394 3079 526 3145 generale,
549 3079 592 3130 vel

10 3156 12 3161 '
56 3151 218 3219 particulare
237 3151 382 3203 venientis,
409 3152 485 3202 Unde
499 3151 608 3218 Chry-¹

55 3231 191 3276 ennomus
214 3242 223 3276 .·
246 3242 260 3271 a
290 3224 326 3274 Et
350 3224 416 3290 quid
441 3223 542 3273 mirum
567 3222 590 3272 si

55 3294 208 3359 periturum
239 3294 374 3344 mundum
402 3295 532 3354 audiunt,
565 3302 592 3343 et

56 3378 112 3415 non
137 3365 270 3415 credunt?
298 3365 363 3415 Ecce
388 3364 535 3415 morituros
562 3379 591 3414 se

55 3446 115 3484 esse
148 3434 274 3500 quotidie
305 3435 418 3484 audiunt
446 3434 590 3493 homines,

55 3503 165 3571 quoties
187 3515 312 3555 mortuos
339 3505 406 3555 alios
429 3505 539 3564 vident,
566 3513 592 3554 et

55 3584 147 3626 tamen
168 3590 222 3625 non
249 3576 364 3625 credunt
381 3591 410 3625 se
434 3575 590 3626 morituros.

54 3644 85 3697 Si
113 3646 192 3696 enim
219 3647 358 3696 crederent
384 3662 413 3696 se
435 3645 591 3709 morituros,

53 3732 112 3770 non
125 3718 246 3770 facerent
260 3735 290 3769 ea
305 3736 353 3784 pro
365 3718 466 3786 quibus
475 3718 593 3768 moriun-

51 3799 99 3841 tur
115 3800 205 3843 morte
215 3790 306 3857 digna.
321 3793 349 3843 Si
364 3808 426 3858 ergo
440 3791 507 3840 illud
518 3790 592 3856 quod

54 3862 181 3930 quotidie
192 3862 254 3914 fieri
275 3864 370 3916 vident
387 3865 416 3913 in
432 3863 502 3927 aliis,
520 3863 548 3912 in
564 3877 592 3912 sc

646 362 769 414 futurum
794 380 853 415 esse
880 379 935 414 non
961 364 1082 424 credunt,
1107 380 1180 431 quo-

646 435 728 485 modo
750 435 817 485 illud
831 435 940 485 credent
953 435 1087 497 futurum,
1105 437 1181 502 quod

645 509 734 558 adhuc
750 523 888 575 nunquam
901 509 1002 559 factum
1016 510 1077 559 est?
1090 527 1105 556 n
1122 510 1179 562 haec

647 579 868 644 chrysostomus.

675 665 691 698 2
703 651 861 701 Sruttrruno
876 667 909 700 ns
919 667 1087 703 rattronrsus
1100 653 1176 704 Lorn

644 735 755 770 sumn.
770 749 801 759 -
816 722 873 770 Hoc
896 721 967 771 idem
983 722 1063 774 etiam
1077 734 1176 774 osten-

643 793 684 843 dit
700 809 732 844 ex
746 793 926 844 similitudine
943 793 1004 844 facti
1027 794 1056 844 in
1080 794 1178 847 diebus

644 863 723 914 Loth.
737 864 869 914 Similiter
884 864 956 914 enim
972 865 1042 915 sicut
1058 875 1121 915 tunc
1134 866 1175 917 fa-

643 943 717 986 ctum
734 947 783 997 est,
808 936 909 987 scilicet
928 938 1001 1003 quod
1017 936 1095 1003 impii
1113 938 1177 1005 igne

643 1016 669 1056 et
680 1007 811 1072 sulphure
825 1007 975 1072 perierunt3
994 1008 1033 1058 sic
1047 1009 1125 1072 impii
1144 1010 1174 1059 in

643 1076 688 1128 die
699 1078 827 1128 adventus
843 1078 944 1129 Christi
957 1077 1092 1144 peribunt.
1107 1079 1179 1139 Quia

644 1148 771 1200 homines
790 1148 866 1199 illius
886 1149 1016 1233 temporis
1029 1150 1141 1200 edebant
1152 1156 1177 1202 et

644 1221 772 1284 bibebant,
788 1237 847 1272 ecce
864 1232 1000 1287 peccatum
1015 1223 1176 1288 voluptatis;

643 1291 762 1341 emebant
775 1297 803 1340 et
815 1291 971 1353 vendebant,
994 1307 1053 1342 ecce
1079 1306 1177 1357 pecca·

643 1369 702 1410 tum
714 1361 882 1427 cupiditatis3
894 1362 1055 1426 plantabunt
1066 1368 1093 1413 et
1105 1362 1178 1412 aedt'-

636 1430 769 1497 ficabunt,
790 1447 849 1481 ecce
870 1443 1010 1496 peccatum
1025 1432 1118 1483 nimiae
1133 1447 1178 1482 se-

643 1503 782 1563 curitatis,
815 1513 841 1553 et
873 1503 902 1553 in
933 1504 1075 1554 securitate
1102 1513 1179 1554 erem

644 1590 732 1641 usque
763 1575 793 1625 in
821 1575 895 1624 diem
924 1576 998 1624 illam
1026 1589 1079 1640 qua
1108 1576 1180 1626 exiit

644 1647 714 1697 Loth
731 1660 749 1696 a
772 1646 908 1707 Sodomis,
924 1655 951 1695 et
964 1645 1097 1696 Dominus
1106 1646 1179 1711 pluit

643 1718 742 1784 ignens,
757 1727 849 1767 contra
869 1716 1077 1766 immoderatum
1094 1717 1177 1766 ardo-

644 1803 711 1849 rem,
732 1794 758 1838 et
779 1788 906 1854 sulphur,
922 1796 1015 1837 contra
1035 1786 1176 1848 foetorem,

643 1861 677 1912 de
689 1861 766 1924 coeto,
779 1860 883 1910 scilicet
904 1875 990 1919 aereo,
1014 1865 1040 1909 et
1054 1859 1178 1925 perdidit

643 1948 734 1984 omnes
747 1934 818 1993 illos,
835 1944 862 1984 et
876 1934 1027 1998 adjacentes
1047 1932 1178 1982 civitates.

643 2005 696 2057 Ubi
720 2007 796 2056 Beda
814 2023 851 2056 :a
874 2005 1057 2056 Pmtermisso
1079 2005 1178 2056 Domi-

643 2091 695 2126 nus
706 2077 755 2126 illo
769 2076 898 2137 maximo,
912 2087 939 2127 et
960 2075 1071 2126 infando
1086 2077 1177 2126 Sodo-

643 2164 752 2200 morum
777 2150 888 2211 scelere,
912 2150 968 2200 sola
991 2165 1021 2200 ea
1046 2164 1108 2214 quae
1132 2150 1174 2199 uel

643 2220 720 2280 levia,
736 2221 776 2270 vel
794 2222 870 2270 nulla
889 2221 978 2286 putari
991 2230 1116 2286 poterant
1129 2221 1178 2269 de·

642 2291 705 2341 licta
737 2302 947 2355 commemorat;
978 2302 1009 2341 ut
1042 2291 1177 2356 intelligas

612 2415 613 2419 ,
642 2362 803 2429 illicitaque
817 2379 896 2428 poena
908 2363 1048 2422 feriantur,
1065 2364 1087 2414 si
1104 2363 1177 2413 licita

642 2441 669 2483 et
691 2448 722 2483 ea
744 2433 803 2482 sine
836 2434 938 2498 quibus
962 2434 1019 2482 haec
1041 2432 1096 2482 vita
1121 2448 1177 2482 non

642 2505 766 2566 ducitur,
793 2505 997 2555 immoderatius
1022 2515 1087 2563 acta,
1114 2505 1178 2570 igne

643 2585 670 2626 et
701 2576 833 2642 sulphure
865 2575 1017 2640 puniuntur
1044 2591 1051 2623 :
1078 2593 1091 2620 n
1116 2574 1177 2624 'hoc

644 2648 729 2698 Beda.
755 2647 798 2697 Sic
818 2647 925 2712 quando
951 2646 1042 2696 Filius
1063 2645 1179 2696 hominis

644 2719 815 2781 revelabitur,
839 2718 885 2784 qui
907 2718 988 2768 modo
1011 2717 1179 2775 occultatur,

644 2790 746 2840 scilicet
758 2790 786 2839 in
798 2790 913 2840 adventu
923 2805 973 2839 suo
984 2789 1085 2850 futur0,
1099 2797 1179 2838 ernnt

644 2860 771 2911 homines
794 2861 822 2910 in
841 2860 1005 2919 securitate,
1036 2858 1107 2908 nihil
1138 2858 1179 2908 ri-

644 2942 750 2982 mentes
778 2930 926 2981 defuturo
949 2930 1066 2995 judicio,
1092 2944 1180 2996 usque

645 3005 677 3053 ad
693 3008 800 3068 tem'pus
821 3003 898 3062 illud,
918 3018 978 3068 quo
1000 3002 1126 3053 Christus
1148 3001 1181 3052 irn

645 3076 812 3126 humanitate
833 3074 952 3140 gloriosa
975 3075 1111 3125 videbitur
1130 3090 1180 3125 ve-

644 3147 723 3197 niens
751 3147 784 3196 ad
815 3146 960 3212 judicium3
986 3146 1077 3197 veniet
1105 3145 1179 3196 enim

644 3219 754 3286 quando
767 3218 895 3269 homines
911 3235 965 3269 non
985 3219 1125 3269 advertent
1136 3233 1183 3282 pe·

642 3290 769 3342 ticulum.
782 3290 934 3339 Secundum
946 3289 1179 3357 chrysostomum,

645 3362 697 3412 hoc
719 3370 808 3410 totum
829 3360 907 3419 dixit,
923 3359 1068 3409 ostendens
1089 3357 1180 3424 quali-

645 3441 685 3483 ter
707 3441 817 3498 repente
839 3431 926 3481 veniet
942 3441 968 3480 et
985 3429 1132 3493 inopinate,
1154 3437 1181 3479 et

645 3503 770 3569 pluribus
785 3501 997 3562 lascivientibus,
1011 3509 1037 3548 et
1050 3499 1110 3548 sine
1122 3498 1180 3548 sol-

645 3574 784 3625 licitudine
799 3571 986 3624 existentibus.
1002 3571 1056 3622 Ubi
1078 3570 1179 3621 Beda:

646 3663 660 3692 a
681 3645 794 3696 Pulchre
819 3643 894 3704 dicit,
919 3641 1090 3704 revelabitur,
1117 3639 1182 3706 quia

638 3717 694 3783 ·qui
716 3716 824 3766 interim
852 3730 907 3764 non
933 3727 1064 3778 apparens
1086 3712 1181 3762 omnia

645 3789 727 3849 videt,
748 3799 813 3838 tunc
826 3801 957 3852 apparens
970 3785 1063 3835 omnia
1075 3784 1181 3850 iudiea-

646 3860 708 3923 bit,
735 3858 873 3924 apparebit
898 3866 989 3906 autem
1014 3855 1183 3922 judicaturus
