2632 4320
636 198 647 222 P

150 288 203 342 326

150 409 179 459 ln
195 407 272 458 omni
293 417 382 458 autent
397 406 546 457 tenta-tione
563 404 681 457 mulmm

149 481 220 530 valet
241 481 315 530 illam
338 480 411 530 diem
430 478 521 543 judicii
547 487 573 528 et
589 490 680 526 resur-

149 546 287 612 rectionis,
301 561 327 602 et
345 551 423 601 nobis
438 560 465 600 et
478 550 541 600 aliis
557 548 591 598 ad
602 561 680 597 men-

149 631 205 672 tem
234 637 374 681 revocare,
401 621 467 687 quie
495 620 549 670 hoe
579 617 681 685 praeci-

151 709 205 759 pue
215 694 353 744 consuevit
362 693 481 743 enimam
493 706 593 742 curare.
605 690 682 741 Unde

150 765 223 814 idem
235 765 448 832 cerysostomus
462 781 470 814 .·
486 781 500 809 a
512 762 540 812 si
552 760 624 812 avari
636 775 681 810 es-

150 834 363 896 sevoluerimus,
374 844 400 884 et
415 834 437 884 si
450 847 552 899 repere,
562 830 621 882 etsi
635 831 681 880 in-

150 905 312 955 conveniens
335 905 402 970 quid
426 919 520 969 agere,
541 901 681 953 confestim

150 978 222 1028 diem
244 978 318 1028 illam
341 978 370 1027 in
393 987 511 1027 mentem
531 976 680 1034 mittamus,

150 1058 176 1098 et
192 1047 322 1113 judicium
338 1047 547 1106 subscribamus,
566 1056 592 1097 et
606 1046 680 1096 omni

151 1117 226 1168 freno
238 1117 426 1169 vehementius
438 1116 570 1167 detinebit
584 1116 682 1166 incon-

150 1190 301 1240 venientem
318 1189 451 1254 impetum
474 1187 534 1237 haec
545 1185 680 1252 cogitatio.

150 1259 186 1309 Et
202 1260 322 1309 dicemus
338 1260 370 1307 ad
386 1258 511 1322 nosipsos
527 1273 535 1308 ε
552 1258 682 1308 Resurre-

150 1329 205 1379 ctio
218 1338 267 1391 est‚
288 1337 314 1378 et
331 1327 462 1392 judicium
485 1343 535 1377 nos
551 1334 683 1392 exspectet

151 1398 278 1449 terribile.
297 1397 370 1447 Etsi
396 1398 544 1447 viderimus
563 1397 681 1462 aliquem

150 1469 259 1528 elatum,
272 1477 298 1517 et
312 1466 342 1516 in
353 1468 533 1532 praesentibus
541 1466 623 1517 bonis
636 1467 682 1517 in-

150 1537 330 1598 flammatum,
342 1537 414 1587 idem
430 1554 536 1603 semper
551 1538 680 1602 dicamus,

150 1609 321 1660 ostendentes
329 1609 456 1676 quoniam
466 1610 560 1660 omnia
568 1609 612 1660 hic
621 1625 681 1669 ma-

151 1689 224 1729 nent.
241 1680 274 1730 Et
288 1680 311 1729 si
330 1680 413 1729 alium
430 1680 567 1730 dolentem
581 1679 682 1730 videri-

151 1767 212 1802 mus
230 1761 255 1803 et
274 1753 484 1813 contristantem,
505 1763 531 1803 et
554 1753 588 1802 ad
604 1752 681 1804 illum

151 1823 225 1874 idem
246 1826 401 1891 loquamur,
420 1826 591 1874 ostendentes
611 1840 681 1891 quo-

151 1895 225 1946 niam
245 1896 328 1946 finem
343 1897 481 1947 habebunt
498 1897 596 1947 tristia.
611 1898 644 1948 Et
657 1898 680 1948 si

150 1968 323 2034 pigritantem
349 1980 376 2020 et
395 1970 567 2030 dissolutum,
587 1986 681 2021 rursus

150 2038 222 2089 idem
240 2041 500 2105 superincantemus,
512 2042 681 2092 ostendentes

150 2109 174 2158 ei
188 2111 320 2175 quoniam
332 2127 440 2161 necesse
449 2122 489 2162 est
501 2112 618 2177 pigritiae
628 2128 680 2162 no-

149 2196 196 2231 xas
207 2183 279 2232 dare.
292 2182 434 2233 Sufficiens
449 2193 489 2233 est
501 2184 553 2234 hoc
566 2185 679 2235 verbum

149 2253 225 2302 omni
248 2251 423 2316 ferramento,
448 2256 534 2319 magis
559 2264 679 2306 nostram
722 2310 725 2317 ,

1047 128 1054 151 Ι

439 278 615 341 SECUNDAE
631 281 757 335 PARTIS
776 282 894 334 CAPUT
907 281 999 331 XLlll.

731 415 824 451 curere
836 398 965 450 animam.
987 395 1096 448 Etenim
1110 404 1154 446 est
1172 409 1262 445 resur·

731 473 826 533 rectio,
839 487 893 537 pre
908 470 986 521 ostiis
999 486 1053 520 non
1066 469 1160 535 longe,
1178 482 1263 534 neque

731 543 837 608 procul;
854 543 942 593 adhuc
958 551 1050 591 autem
1064 554 1161 605 parum
1174 553 1262 604 quan·

731 616 936 680 tulumcunque,
954 613 1002 679 qui
1026 612 1109 672 venit,
1131 611 1220 662 veniet
1240 616 1263 660 et

732 702 783 738 non
800 687 935 749 tardabit3
952 696 997 736 et:
1015 685 1112 734 Omnes
1132 695 1183 734 nor
1203 695 1262 732 m·

731 759 860 811 infestari
870 763 975 823 oportet
983 763 1046 806 ante
1057 754 1179 806 tribunal
1189 753 1263 805 Ciri-

732 830 776 892 sti,
787 840 814 880 et
826 829 912 879 bonos
924 837 951 878 et
962 829 1051 877 malos
1061 842 1069 876 t
1079 826 1132 876 hos
1144 824 1263 892 quidem,

731 913 762 952 ut
784 911 847 952 ante
860 915 956 950 omnes
971 899 1199 960 verecundenmr;
1221 911 1264 945 eos

731 987 805 1031 vero,
820 981 852 1021 ut
865 981 929 1021 ante
945 985 1041 1020 omnes
1060 967 1189 1019 clariores
1208 965 1264 1017 effi·

730 1045 843 1095 cientur.
851 1044 913 1094 Haec
923 1043 1005 1110 igitur
1015 1041 1166 1092 secundum
1173 1055 1263 1090 unam·

731 1129 869 1181 quamque
878 1113 1079 1164 subscribamus
1089 1110 1262 1173 nobiediem3

732 1186 756 1236 si
779 1184 837 1235 haec'
858 1200 964 1250 semper
988 1182 1172 1242 revolvimus,
1194 1181 1264 1231 nulla

732 1256 884 1307 sollicitudo
895 1254 1068 1321 praesentium
1080 1269 1132 1303 nos
1143 1253 1264 1303 mordere

732 1328 838 1394 poterit,
856 1342 947 1377 rerum
967 1326 1070 1376 etenim
1085 1339 1148 1391 quae
1167 1323 1263 1374 viden·

732 1410 777 1450 tur
796 1410 981 1464 temporanea;
999 1413 1029 1448 ea
1046 1413 1109 1448 vero
1131 1412 1196 1462 quae
1213 1410 1262 1446 nnn

731 1471 857 1520 videntur
867 1485 923 1519 non
932 1479 1105 1534 temporanea
1114 1477 1191 1519 sunt.
1199 1467 1263 1518 Con·

732 1542 808 1592 tinne
821 1541 905 1606 igitur
923 1542 996 1591 etad
1014 1539 1089 1604 ipsos
1110 1540 1262 1606 loquamur,

732 1612 812 1662 etad
831 1611 947 1662 invicem
967 1628 975 1662 t
997 1609 1159 1661 resurrectio
1178 1619 1264 1661 estet

732 1682 878 1748 judicium
895 1692 921 1732 et
938 1697 1016 1732 noxae
1030 1696 1128 1731 eorum
1142 1696 1206 1747 quae
1220 1696 1263 1748 ge·

731 1763 772 1805 ste
781 1764 854 1804 sunt.
865 1753 901 1803 Et
912 1769 946 1804 ne
960 1753 1101 1804 irritemus
1112 1754 1211 1816 Deum,
1221 1753 1263 1803 sed

731 1824 872 1874 audiamus
893 1840 955 1874 eum
977 1824 1111 1874 dicentem
1134 1839 1141 1873 ε
1166 1823 1265 1875 Timete

731 1913 799 1960 eum,
811 1898 857 1963 qui
864 1903 954 1963 potest
963 1903 990 1948 et
1001 1912 1100 1963 corpus
1111 1904 1138 1948 et
1148 1897 1264 1947 mrem

728 1969 845 2035 perdere
856 1969 884 2018 in
896 1969 1052 2034 geliennam,
1065 1979 1096 2019 ut
1107 1978 1218 2035 propter
1229 1965 1263 2017 ti·

732 2056 835 2091 morem
851 2039 914 2089 facti
930 2039 1079 2101 molliores,
1099 2049 1127 2090 et
1142 2055 1160 2090 a
1174 2036 1263 2105 perdi-

732 2111 806 2162 tione
820 2111 870 2161 hac
882 2110 950 2161 eruti
963 2109 1041 2176 digni
1057 2108 1209 2161 efficiamur
1221 2123 1264 2159 re-

731 2198 785 2250 gno
795 2183 924 2233 coelorum
935 2199 942 2232 ι
954 2181 1032 2232 nhaec
1043 2181 1262 2249 Chrysostomes.

639 2504 776 2555 ORATIO

177 2679 297 2730 Domine
311 2681 373 2730 Jesu
392 2680 513 2741 Christe,
537 2681 586 2747 qui
605 2681 638 2732 ad
654 2681 828 2745 judicandum
847 2696 907 2733 cum
922 2685 1057 2747 potestate
1076 2685 1103 2730 et
1123 2679 1264 2747 majestate

147 2765 294 2816 magenes
315 2762 455 2812 venturus,
475 2753 586 2818 Angelis
606 2751 716 2817 signum
736 2753 860 2818 gloriosae
876 2751 962 2802 crucis
984 2761 1116 2816 tanquam
1136 2749 1263 2802 vexillum

146 2821 314 2887 triumphale
327 2823 542 2888 praeferentibus,
566 2834 595 2874 tu
618 2824 738 2874 animam
762 2839 850 2874 meam
874 2824 957 2890 huius
977 2822 1159 2874 sanctissime
1182 2821 1264 2873 crucis

147 2891 325 2957 impressione
337 2893 477 2958 consigna,
490 2903 520 2944 tu
537 2909 581 2944 me
595 2893 676 2958 hujus
697 2894 795 2944 virtute
810 2894 935 2959 purifica;
954 2904 981 2944 et
1002 2908 1048 2959 per
1065 2892 1139 2944 hanc
1161 2908 1207 2945 me
1221 2902 1263 2943 to·

147 2972 207 3012 tum
221 2963 260 3012 sic
274 2964 380 3014 vindica
402 2965 462 3024 tibi,
474 2976 506 3016 ut
518 2965 589 3016 nihil
602 2966 748 3017 adversarii
762 2967 867 3016 valeant
880 2966 909 3016 in
926 2981 970 3016 me
982 2965 1116 3031 reperire3
1133 2974 1264 3032 quotenus

148 3041 175 3082 te
189 3033 222 3082 ad
238 3033 367 3097 judicium
381 3036 515 3096 veniente,
524 3051 576 3102 ege
589 3036 641 3086 hoc
654 3036 799 3087 venerabili
812 3037 933 3087 inveniar
946 3036 1070 3102 signatus
1087 3035 1227 3104 stigmate,
1236 3043 1264 3084 ut

148 3103 206 3224 {ibi
215 3104 342 3224 crulcilixo
350 3106 536 3226 ponfiguratus
551 3109 580 3158 in
593 3123 680 3174 poena,
695 3123 809 3160 consors
821 3107 879 3159 fieri
895 3123 999 3159 merear
1017 3115 1044 3158 et
1063 3107 1104 3159 tui
1119 3121 1262 3173 resurgen-

160 3189 186 3224 ιε
200 3191 228 3224 m
242 3191 336 3240 gorra.
375 3192 447 3228 men.
