2632 4320
223 289 271 341 DE
285 290 553 342 VENTlLATIONE
568 288 673 341 AREAE
690 292 725 342 IN
742 292 917 348 EXTREMO
932 298 1076 349 JUDlCIO.

96 405 167 456 nihil
180 405 225 457 his
242 423 303 474 quae
316 405 395 466 fiunt,
407 407 443 457 ita
458 406 626 472 praescientia

96 477 251 528 futurorum
279 479 348 529 nihil
375 479 419 529 his
446 492 507 546 quae
537 479 626 529 futura

96 558 161 600 sunt
178 551 344 601 necessitatis
364 550 499 616 importat,
524 550 626 600 Eodem

96 623 178 672 modo
195 623 218 672 si
238 623 304 689 quid
324 623 493 689 providentia
508 632 626 688 praesens

94 693 178 757 videt,
192 692 220 742 id
242 709 300 743 esse
321 709 427 743 necesse
449 703 497 753 est,
522 692 626 743 tametsi

96 763 200 813 nullam
229 774 330 814 naturae
356 764 451 814 habeat
484 765 628 815 necessita·

96 845 151 883 tem
168 849 175 882 :
192 853 206 882 »
229 833 286 884 haec
301 834 422 885 Boetius.
446 836 478 884 Et
493 834 553 885 ideo
568 834 626 884 haec

96 904 196 968 duplex
213 913 262 954 est.
283 906 311 954 St
331 905 403 954 Deus
420 904 548 970 praevidet
563 905 626 969 hoc,

97 976 248 1026 necessario
258 976 364 1026 evenire
374 987 486 1042 oportet,
494 978 558 1044 quia
567 993 628 1028 con-

96 1046 210 1109 junctim
225 1061 296 1106 vera,
313 1046 421 1097 divisim
435 1057 476 1098 est
498 1048 577 1111 falsa3
602 1058 628 1098 et

96 1126 137 1166 est
154 1116 193 1166 ibi
216 1117 359 1167 necessitas
379 1119 586 1184 consequentiae,
602 1129 628 1168 et

97 1205 152 1238 non
176 1190 372 1256 consequentis.
396 1191 556 1257 Exemplum
584 1191 629 1241 ha·

97 1261 193 1311 bemus
226 1261 341 1311 Bortii:
364 1261 392 1310 Si
415 1261 513 1327 aliquis
540 1261 629 1312 videat

95 1331 215 1398 aliquem
241 1331 382 1382 facientem
405 1342 499 1393 rotam,
522 1348 628 1383 necesse

96 1415 136 1456 est
157 1406 231 1471 quod
251 1406 297 1456 ille
313 1405 391 1456 faciat
412 1417 508 1466 rotam,
525 1423 572 1457 nec
587 1417 628 1458 ta-

96 1493 156 1527 men
170 1477 246 1528 visus
261 1479 317 1543 ejus
336 1494 414 1529 causa
434 1489 474 1530 est
490 1479 563 1529 illius
586 1480 628 1530 fa-

96 1553 211 1615 ctionis3
241 1552 279 1602 sic
306 1553 378 1603 Deus
404 1553 532 1619 praevidet
559 1555 629 1604 mala

97 1621 175 1672 istius
199 1637 288 1687 opcra,
311 1639 358 1673 nec
381 1635 470 1674 tamen
489 1639 568 1674 causa
588 1635 629 1675 est

97 1707 179 1758 quare
204 1694 254 1743 iste
274 1694 343 1744 male
366 1705 510 1760 operetur:
525 1711 629 1746 verum-

96 1774 186 1815 tamen
196 1765 251 1826 fiet,
264 1765 286 1815 si
299 1767 441 1831 praevisum
452 1778 499 1817 est.
514 1768 628 1827 Quando

96 1845 187 1886 autern
200 1837 273 1886 Deus
286 1837 348 1887 facit
361 1837 479 1903 aliquam
490 1855 556 1900 rem,
573 1857 628 1890 non

96 1906 125 1956 tit
145 1905 172 1955 in
191 1907 248 1972 ipso
263 1907 319 1957 Deo
334 1908 462 1973 mutati03
485 1910 530 1958 sed
553 1910 579 1958 in
600 1926 628 1961 re

98 1989 168 2029 certa
180 1995 262 2046 quam
278 1991 412 2047 operatur,
427 1982 504 2032 Unde
519 1984 628 2048 quando

97 2049 160 2101 fecit
177 2051 314 2117 praedicari
331 2051 533 2103 subversionem
548 2053 628 2102 Nini-

96 2138 147 2181 vae,
173 2134 200 2173 et
225 2124 332 2188 praedici
358 2135 472 2174 mortem
494 2125 627 2186 Ezechiae,

97 2208 215 2258 quorum
231 2203 357 2243 neutrum
369 2194 472 2254 accidit,
487 2195 514 2244 in
530 2196 628 2246 talibus

98 2279 153 2313 non
168 2263 282 2313 mutavit
296 2264 367 2314 Deus
389 2265 545 2315 consilium·
556 2268 628 2332 quod

96 2335 131 2384 ab
144 2343 244 2384 aeterno
257 2349 349 2383 secum
364 2334 431 2399 fuit;
452 2336 497 2384 sed
519 2348 628 2387 senten-

97 2405 162 2455 tiam
178 2420 238 2470 quae
252 2417 401 2471 respectum
416 2406 447 2456 ad
468 2407 524 2472 ipsa
543 2423 628 2473 nego-

95 2476 134 2526 tia
144 2474 249 2538 habuit,
265 2466 330 2542 quia
341 2477 362 2525 N
367 2476 437 2526 iniva
452 2477 629 2528 subvertenda

96 2555 152 2596 erat
171 2546 321 2596 secundum
343 2545 447 2606 merita,
462 2557 488 2596 et
503 2547 628 2598 Ezechias

96 2619 246 2669 moriturus
260 2629 316 2669 erat
327 2620 474 2669 secundum
486 2635 578 2670 causas
587 2620 629 2670 in-

96 2688 218 2750 feriores,
233 2690 275 2739 vel
297 2689 377 2739 etiam
398 2690 547 2740 secundum
569 2707 628 2741 me-

96 2759 165 2823 rita;
194 2759 241 2809 sed
269 2759 326 2808 haec
355 2775 410 2809 non
439 2760 629 2826 imposuerunt

96 2832 282 2882 necessitatem
304 2831 400 2881 divinae
412 2833 547 2898 potentiae.
561 2834 630 2883 Prae-

95 2900 242 2952 destinatio
262 2901 353 2967 igitur,
373 2902 433 2953 licet
447 2914 517 2953 certa
534 2905 576 2966 sit,
592 2904 629 2953 li-

96 2975 227 3024 bertatem
243 2982 332 3022 tamen
355 2974 457 3023 arbitrii
473 2990 525 3023 non
539 2975 627 3037 tollit;

95 3045 170 3095 unde
185 3044 320 3093 bonorum
344 3044 454 3094 salvatio
475 3055 516 3094 est
537 3060 628 3095 neces-

97 3117 167 3168 saria
196 3117 351 3167 necessitate
372 3118 566 3184 consequentiae
588 3119 630 3168 vel

96 3186 290 3246 conditionata,
308 3203 361 3236 non
372 3187 527 3237 necessitate
541 3203 631 3238 conse·

96 3259 207 3326 quentis
219 3259 261 3309 vel
274 3259 404 3309 absoluta.
418 3260 470 3308 lsta
484 3259 557 3309 enim
573 3275 631 3324 pro·

96 3331 197 3397 positio
212 3348 218 3380 :
235 3331 440 3389 Praedestinatus
452 3341 537 3396 potest
552 3333 630 3380 dam-

96 3401 164 3462 nari,
178 3401 245 3452 falsa
259 3410 300 3451 est
316 3401 344 3451 in
367 3417 447 3452 sensu
470 3401 629 3466 composito,

96 3484 137 3527 est
150 3485 242 3526 tamen
255 3489 316 3525 vera
334 3474 362 3524 in
378 3490 458 3524 sensu
475 3473 572 3525 diviso.
587 3475 630 3525 Sic

95 3561 160 3613 ergo
182 3545 321 3595 exclusum
344 3555 384 3595 est
402 3544 541 3610 sophisma
556 3547 629 3611 quod

96 3618 200 3667 multos
215 3614 242 3666 in
261 3632 378 3666 errorem
393 3617 479 3675 duxlt,
494 3626 524 3666 ut
539 3617 630 3668 omnia

95 3703 128 3737 ex
143 3687 301 3738 necessitate
314 3685 371 3737 fieri
385 3696 514 3752 putarent.
525 3687 552 3737 Si
565 3703 629 3753 ergo

95 3755 166 3807 dicis
185 3754 252 3822 quid
278 3756 365 3806 adhuc
390 3755 543 3807 faciendum
571 3757 628 3808 est?

96 3824 268 3893 Respondeo,
283 3826 411 3892 quiahoc
426 3828 514 3876 solum
534 3843 629 3893 super-

95 3908 137 3949 est
150 3896 305 3958 consilium,
322 3908 351 3949 ut
365 3915 512 3961 curramus,
526 3911 552 3950 et
566 3915 628 3949 con·

1159 301 1211 368 373

680 409 819 460 tendamus
834 411 937 476 placere
954 413 978 463 ei
1005 413 1052 480 qui
1070 431 1121 465 nos
1132 432 1214 468 voca-

679 478 727 530 vit.
750 479 820 530 Dicit
842 481 916 532 enim
939 485 1109 549 Augustinus
1123 501 1132 536 .·
1144 503 1157 532 ι(
1169 487 1213 538 Sic

681 551 856 615 praeordinata
870 561 910 601 est
927 553 1019 604 divina
1038 555 1212 620 praedestina·

682 621 727 681 tio,
741 630 770 670 ut
780 622 811 671 ad
824 637 882 672 eam
896 638 942 688 per
953 625 1086 676 bonorum
1098 641 1211 691 operum

680 692 903 756 perseverantiam
914 695 1131 759 perveniamus.»
1142 696 1212 748 Hinc
1257 698 1259 702 '

680 763 838 812 Bernartius
861 781 870 814 .·
892 782 905 810 ι(
930 765 988 830 lpsa
1003 767 1119 817 coelestis
1134 767 1210 833 regni

680 835 878 900 praedestinatio
903 837 939 886 lta
973 838 1007 888 ab
1031 839 1209 904 omnipotenti

680 905 735 955 Deo
764 905 942 971 praeordinata
972 918 1021 968 est,
1045 919 1075 958 ut
1104 910 1138 959 ad
1160 910 1211 960 hoc

680 978 754 1028 electi
776 994 807 1029 ex
827 980 917 1030 labore
932 982 1095 1045 perveniant,
1116 992 1211 1048 quate-

680 1064 731 1099 nus
759 1060 912 1100 mereantur
939 1051 1062 1116 precibus
1089 1053 1212 1102 obtinere

680 1121 754 1186 quod
775 1120 833 1186 ipse
860 1121 1033 1186 omnipotens
1053 1122 1125 1173 Deus
1150 1134 1212 1173 ante

680 1202 788 1259 tempus
802 1193 936 1259 disposuit
952 1195 1060 1246 donare.
1074 1215 1087 1242 n

716 1263 747 1313 16
765 1265 910 1314 Exauruun
931 1281 1061 1316 nrnrorosr
1087 1282 1212 1317 pausem

681 1350 715 1384 rer
736 1346 855 1384 sauvarr.
873 1336 964 1386 —Ubi
983 1346 1045 1386 nota
1058 1339 1211 1403 exemplum

681 1403 756 1467 utile,
771 1414 797 1454 et
811 1414 902 1469 aptum
918 1406 950 1455 ad
961 1407 1138 1471 propositum.
1149 1407 1213 1457 Fuit

682 1477 710 1527 in
724 1478 842 1544 quodam
862 1481 1026 1530 monasterio
1050 1481 1130 1531 frater
1147 1481 1212 1547 qui·

681 1550 743 1600 darn
753 1550 894 1615 religiosus
909 1561 934 1601 et
948 1553 1069 1613 devotus,
1085 1554 1127 1604 cui
1141 1569 1211 1620 saepe

680 1621 854 1671 revelationes
867 1620 966 1672 fiebant
977 1623 1121 1687 divinitus;
1138 1624 1211 1690 quod

681 1689 790 1756 quidem
816 1693 881 1740 alter
909 1692 1027 1756 ejusdem
1055 1693 1210 1744 monasterii

680 1761 760 1811 trater
772 1761 873 1820 sciens,
888 1760 986 1813 institit
998 1765 1068 1828 apud
1083 1763 1210 1813 eumdem

681 1840 710 1880 ut
724 1830 811 1880 Deum
826 1841 920 1890 oraret,
937 1843 1071 1897 quatenus
1093 1832 1145 1882 sibi
1166 1832 1210 1882 di-

681 1913 806 1969 gnaretur
826 1905 964 1954 ostendere
979 1903 1001 1954 si
1020 1905 1077 1970 ipse
1102 1906 1134 1954 de
1158 1921 1211 1954 nu-

666 1989 755 2044 'mero
783 1974 970 2024 salvandorum
994 1985 1072 2025 esset.
1096 1977 1129 2025 Et
1149 1991 1211 2025 cum

682 2044 726 2093 ille
739 2044 784 2094 vix
798 2045 922 2110 precibus
935 2044 1020 2096 victus
1035 2046 1149 2096 orationi
1165 2046 1211 2095 in-

681 2116 775 2164 stando
791 2115 841 2164 hoc
848 2131 868 2180 ,a
882 2116 938 2165 Deo
953 2118 1108 2182 postularet,
1123 2126 1212 2167 osten-

681 2203 743 2237 sum
767 2197 806 2238 est
833 2187 884 2238 sibi
910 2191 982 2255 quod
1010 2189 1054 2240 ille
1080 2191 1160 2239 frater
1179 2190 1212 2239 de

682 2274 794 2309 numero
816 2260 1030 2311 damnandorum
1050 2272 1127 2320 esset,
1143 2260 1214 2310 unde

681 2334 781 2384 timens
799 2334 908 2384 fratrem
929 2337 1012 2386 alium
1030 2338 1144 2395 turbare,
1166 2351 1213 2401 per

681 2406 783 2471 aliquot
805 2406 862 2455 dies
885 2407 937 2456 hoc
958 2408 1010 2457 sibi
1030 2407 1140 2470 celavit3
1166 2407 1212 2457 sed

682 2478 789 2528 tandem
805 2476 892 2525 eidem
907 2477 1065 2542 requirenti,
1085 2477 1145 2525 licet
1167 2476 1212 2525 in-

681 2548 761 2608 vitus,
776 2547 888 2612 aperuit.
913 2548 961 2598 Ille
984 2558 1072 2597 autem
1095 2546 1147 2596 hoc
1163 2562 1213 2596 au·
1246 2598 1250 2605 ,

681 2619 776 2678 diens,
804 2628 830 2667 et
860 2617 1008 2682 Scripturas
1042 2616 1212 2682 intelligens,
1294 2618 1297 2626 '

681 2689 771 2740 statim
785 2689 924 2755 respondit
938 2705 945 2737 ι
959 2688 1119 2738 Benedictus
1132 2689 1211 2751 Deus,

682 2779 730 2814 nec
745 2772 834 2812 tamen
855 2762 893 2812 sic
915 2761 1070 2826 desperabo,
1090 2760 1135 2810 sed
1153 2776 1212 2826 poe-

683 2832 825 2883 nitentium
841 2847 922 2897 quam
937 2847 984 2895 per
1001 2830 1152 2896 ingressum
1169 2846 1213 2881 re-

682 2903 792 2970 ligionis
806 2903 950 2968 assumpsi,
971 2903 1003 2951 de
1018 2912 1104 2952 cetero
1119 2901 1212 2968 dupli-

682 2976 756 3034 cabo,
781 2984 807 3024 et
828 2973 979 3039 triplicabo,
994 2975 1079 3024 donec
1099 2974 1212 3040 gratiam

683 3057 708 3097 et
722 3045 932 3096 misericordiam
954 3047 1024 3111 apud
1039 3046 1126 3097 Deum
1142 3045 1214 3096 altis·

683 3116 793 3177 simum,
808 3116 856 3182 qui
871 3116 932 3182 pius
947 3127 997 3177 est,
1017 3117 1163 3167 inveniam.
1179 3117 1212 3165 Et

682 3197 742 3253 post
758 3188 857 3237 multos
873 3187 931 3237 dies
941 3188 1040 3237 iterum
1054 3186 1128 3236 fratri
1143 3201 1213 3251 prae-

683 3260 753 3309 dicto
767 3259 897 3310 divinitus
915 3271 955 3310 est
970 3262 1125 3318 revelatum,
1140 3258 1213 3324 quod

683 3329 727 3379 ille
748 3329 828 3381 frater
849 3332 882 3381 de
897 3346 1010 3381 numero
1025 3328 1213 3379 salvandorum

683 3410 766 3464 esset3
782 3402 855 3467 quod
872 3417 933 3451 cum
947 3401 1033 3450 eidem
1050 3399 1123 3449 fratri
1136 3408 1211 3449 retu-

683 3471 766 3531 lisset,
784 3471 829 3521 ille
842 3472 919 3521 laetus
938 3469 1045 3520 effectus
1058 3469 1091 3519 de
1111 3469 1217 3519 revela-

683 3543 764 3603 tione,
783 3543 876 3593 fortior
888 3543 972 3593 factus
986 3551 1025 3592 est
1040 3541 1068 3591 in
1078 3557 1166 3606 opere,
1182 3556 1212 3592 ac

660 3659 664 3670 ,
683 3615 794 3665 viriliter
807 3630 895 3680 agens,
911 3624 936 3664 et
951 3615 983 3663 de
996 3613 1095 3665 virtute
1109 3614 1136 3663 in
1156 3612 1214 3663 vir-

682 3697 767 3737 tutem
790 3686 910 3752 quotidie
932 3685 1072 3752 proficiens
1089 3701 1215 3751 perseve-

682 3759 750 3807 ravit
763 3758 791 3806 in
812 3757 883 3806 bono
898 3757 957 3806 sine
977 3757 1132 3807 cessatione.
1148 3757 1211 3808 Uti-

682 3844 744 3878 nam
772 3827 850 3877 multi
875 3826 985 3877 animati
1011 3828 1062 3878 hoc
1088 3828 1210 3894 exemplo

683 3915 793 3950 manum
808 3914 883 3949 suam
896 3899 929 3949 ad
941 3898 1020 3950 fortia
1029 3899 1174 3959 mitterent,
1187 3908 1214 3950 et
