2632 4320
10 524 16 539 Γ

10 598 13 609 Ι
68 549 197 608 aggravat.
209 538 329 598 Quidam
342 551 407 586 vero
424 536 518 585 dicunt
529 537 602 602 quod

67 621 168 679 peccata
182 610 298 660 redeunt
307 608 336 660 in
351 616 469 673 quatuor
482 607 600 667 casibus,

147 351 196 401 DE
213 349 311 400 REGE
324 348 386 407 QUl
404 347 538 398 VOLUIT
556 346 637 398 RAT.
655 344 800 396 PONERE
812 345 893 410 ¹CUM
907 347 1006 398 SERV.
1021 347 1103 398 SUlS.
1154 347 1186 414 75

67 466 196 538 gratitudo
236 475 374 531 peccatum
405 461 605 514 recidivationis
659 462 733 512 niam
746 477 801 511 non
815 461 877 512 aliis
890 477 985 513 sumus
997 463 1126 524 crudeles,
1141 464 1188 514 sed

65 682 185 732 scilicet:
202 689 313 746 propter
326 678 422 728 odium
440 676 599 739 fraternum,

64 763 170 818 propter
191 749 355 816 apostasiam
376 747 469 808 afide,
491 758 601 814 propter

62 831 249 887 contemptum
259 818 449 878 confessionis,
457 829 484 869 et
491 830 600 884 propter

61 894 182 943 dolorem
224 892 260 942 de
296 889 456 956 poenitentia
486 889 598 952 habita;

62 964 210 1014 undesunt
223 976 343 1012 versus:

61 1107 161 1158 Frater
178 1105 247 1167 odit,
272 1109 400 1169 apostata
415 1104 463 1170 fit,
479 1103 599 1170 spernit-

432 1175 492 1240 [que
499 1173 598 1240 fateri,

59 1249 227 1302 Poettitmsse
246 1249 349 1314 piget.-
372 1248 493 1313 pristino
508 1247 599 1386 [gg‘ligp

90 1483 108 1530 7
126 1466 222 1515 Lucan
230 1479 448 1514 counoamoms.
463 1461 601 1512 -Facili-

61 1549 102 1589 ter
123 1548 237 1604 ergoet
261 1537 358 1588 merito
381 1537 410 1586 in
434 1547 460 1586 te
480 1535 598 1602 peccanti

60 1609 193 1670 dimittes,
215 1607 239 1659 si
261 1620 394 1675 quantum
420 1607 469 1658 tibi
497 1605 599 1656 dimitti

59 1680 197 1731 desideras
221 1681 350 1731 veraciter
367 1679 496 1730 attendas.
518 1676 598 1736 Quia,

59 1751 211 1800 secundum
230 1751 462 1818 chrysostomum,
484 1748 532 1799 etsi
553 1763 599 1796 se-

60 1823 186 1888 ptuagies
226 1823 325 1888 septies
359 1822 511 1882 dimiseris,
544 1821 597 1871 etsi

61 1894 156 1944 omnia
175 1893 339 1959 simpliciter
359 1903 464 1960 peccata
485 1907 597 1942 conces-

60 1964 131 2016 seris
155 1965 281 2016 continue
305 1965 437 2031 proximo,
463 1975 599 2030 quantum

59 2045 136 2103 gutta
156 2035 287 2102 aquaead
313 2037 423 2102 pelagus
447 2033 596 2092 inlinitum,

58 2116 135 2158 terito
151 2106 240 2174 magis
266 2117 294 2157 et
312 2108 400 2157 multo
425 2107 487 2173 plus
507 2105 598 2156 delicit

58 2189 125 2230 titus
140 2194 219 2229 amor
240 2179 274 2229 ad
296 2178 431 2230 infinitam
448 2178 596 2229 bonitatem

60 2250 122 2312 Dei,
134 2251 214 2316 cuius
234 2250 263 2300 in
285 2251 441 2302 necessitate
460 2249 597 2300 constitu-

59 2332 107 2373 tos
132 2338 171 2382 es,
190 2337 251 2372 cum
271 2321 432 2387 judicaberis
461 2331 487 2372 et
513 2336 596 2372 noxas

58 2392 199 2444 tribueris.
222 2392 257 2443 llt
277 2392 338 2445 ideo
353 2393 422 2443 bene
442 2403 548 2458 peccata
568 2391 596 2440 in

60 2464 149 2515 Deum
174 2465 263 2514 decem
285 2463 403 2514 millibus
426 2465 543 2527 talentis,
570 2474 596 2513 et

59 2545 168 2601 peccata
186 2534 215 2585 in
240 2536 396 2601 proximum
416 2543 519 2586 centum
544 2536 594 2586 de-

60 2609 150 2658 nariis
163 2608 343 2673 comparavit;
363 2608 429 2674 quia
447 2608 528 2659 etiam
548 2623 594 2658 ea-

59 2678 122 2728 dem
139 2690 247 2744 peccata
265 2680 351 2729 multo
374 2679 496 2745 graviora
517 2694 594 2728 corn-

59 2748 144 2799 missa
173 2759 239 2799 sunt
267 2749 296 2799 in
324 2751 421 2810 Deum,
448 2765 529 2816 quam
566 2749 594 2799 in

60 2821 226 2886 proximum.
245 2822 380 2872 Docemur
398 2838 461 2888 ergo
482 2821 534 2872 hoc
551 2822 594 2871 lo·-

13 2902 19 2909 '
61 2909 103 2954 co,
117 2905 148 2945 ut
165 2895 236 2945 sicut
251 2895 385 2946 Dominus
402 2895 482 2946 nobis
497 2894 594 2946 dimit-

62 2965 96 3014 tit
114 2967 215 3031 majora
235 2977 348 3032 peccata,
373 2967 412 3018 sic
432 2983 480 3018 nos
498 2966 594 3017 dimit-

64 3045 151 3086 tamus
179 3038 317 3088 conservis
354 3039 456 3089 nostris
488 3039 595 3088 minora

64 3104 91 3152 in
112 3121 162 3155 nos
183 3121 343 3171 commissa3
367 3108 489 3174 alioquin
507 3124 523 3158 a
544 3125 595 3158 no-

67 3175 107 3225 bis
132 3177 221 3243 exiget
243 3178 333 3229 debita
363 3180 497 3230 rmiversa.
519 3181 596 3231 Unde

67 3248 256 3314 Augustinus:
271 3268 284 3295 a
297 3250 396 3301 Omnis
415 3251 499 3301 homo
516 3252 595 3302 debi-

68 3327 109 3368 tor
130 3331 170 3370 est
197 3321 268 3384 θεὶς
298 3333 323 3372 et
342 3323 491 3374 debitorem
515 3325 596 3375 habet

67 3387 170 3440 mecm
196 3407 286 3442 suum.
312 3394 374 3444 ldeo
404 3395 475 3445 Deus
506 3397 594 3460 justus

69 3461 203 3511 constiutit
224 3462 274 3512 tibi
289 3466 410 3530 regulam
432 3465 461 3515 in
475 3467 595 3518 debitore

69 3539 120 3592 tuo,
134 3549 217 3598 quam
230 3533 306 3584 faciet
319 3545 344 3585 et
358 3535 417 3601 ipse
431 3553 492 3586 cum
506 3554 565 3588 suo.
581 3559 594 3584 n

69 3602 139 3653 Unde
153 3615 179 3654 et
192 3605 423 3674 Chrysostomus:
441 3626 455 3655 a
471 3609 534 3659 llaec
548 3609 596 3674 igi-

69 3685 109 3726 tur
138 3679 231 3728 omnia
259 3679 452 3746 intelligentes,
485 3692 510 3732 et
537 3682 595 3732 haec

68 3747 153 3798 decem
176 3750 264 3800 millia
287 3753 474 3818 excogitantes,
499 3755 594 3804 saltem

70 3817 130 3870 hinc
154 3821 314 3872 festinemus
341 3824 374 3872 ad
402 3824 595 3875 dimittendum

70 3891 196 3954 proximis
212 3909 293 3958 parra
311 3903 336 3944 et
350 3894 422 3945 vilia.
444 3896 595 3947 Audiamus

70 3963 291 4016 immisericordes
313 3976 339 4016 et
364 3968 498 4027 crudeles,
524 3985 595 4034 quo-

659 531 871 597 nobismetipsis.
888 532 958 582 Cum
975 532 1118 583 memorari
1135 549 1189 583 ma-

656 606 746 654 lorum
770 603 821 664 vis,
846 605 965 670 excogita
992 605 1121 670 quoniam
1149 606 1188 656 ti-

656 673 737 739 biipsi
757 674 891 724 malorum
910 676 1108 736 rememoraris,
1131 693 1187 726 non

654 745 718 808 alii;
748 744 877 810 quoniam
904 755 951 795 tua
975 746 1042 812 ligas
1071 757 1185 812 peccata,

654 832 709 866 non
722 816 848 880 proximi.
858 816 919 866 Duo
933 817 1024 883 itaque
1036 817 1101 867 hinc
1113 833 1185 883 qum

653 887 712 938 rit:
734 898 762 938 et
784 903 944 954 cognoscere
965 890 1106 940 adversum
1131 906 1187 956 pec-

653 968 709 1008 cata
732 969 832 1023 nostra,
856 968 882 1008 et
905 959 968 1009 aliis
988 959 1133 1020 dimittere,
1161 970 1186 1010 et

652 1029 720 1080 illud
743 1040 852 1096 propter
878 1030 938 1090 hoc,
959 1040 990 1080 ut
1005 1030 1111 1081 facilius
1133 1032 1185 1081 hoc

652 1099 713 1163 tiat3
729 1101 776 1167 qui
797 1100 872 1150 enim
891 1115 939 1150 sua
958 1100 1095 1166 intelligit,
1117 1101 1185 1152 faci·

653 1171 706 1222 lius
725 1171 842 1237 ignoscit
855 1186 993 1230 conservo,
1014 1180 1040 1220 et
1052 1186 1106 1220 non
1123 1173 1186 1221 sim·

653 1246 758 1312 pliciter
778 1247 812 1296 ab
827 1261 873 1296 ore
895 1247 1040 1306 dimittere,
1062 1247 1108 1296 sed
1123 1258 1149 1296 et
1171 1263 1187 1297 a

653 1316 741 1366 corde.
770 1317 810 1366 Ne
844 1316 928 1382 igitur
953 1316 1025 1366 dicas
1053 1316 1184 1381 quoniam

653 1389 814 1441 convitiatus
824 1399 872 1449 est,
884 1400 910 1439 et
924 1390 1046 1450 detraxit,
1058 1399 1084 1439 et
1093 1389 1185 1440 decem

654 1463 740 1513 millia
766 1472 890 1528 operatus
921 1473 963 1513 est
996 1463 1065 1512 mihi
1105 1464 1183 1514 mala.

654 1535 762 1593 Quanto
783 1533 857 1583 enim
880 1533 989 1593 dixeris,
1006 1544 1081 1584 tanto
1099 1534 1186 1599 magis

653 1619 788 1659 monstras
801 1623 864 1658 eum
882 1607 1088 1668 benefactorem,
1112 1607 1186 1658 dedit

653 1679 725 1729 enim
742 1677 914 1728 occasionem
935 1679 1061 1728 abluendi
1082 1679 1187 1744 peccata

654 1758 707 1798 tua.
730 1748 818 1807 Quare
838 1756 938 1813 quanto
962 1748 1063 1811 majora
1085 1748 1187 1812 injusta

651 1822 702 1871 tibi
723 1820 794 1880 fecit,
819 1830 895 1870 tanto
913 1821 1046 1884 majorum
1061 1832 1186 1885 peccato-

652 1910 713 1945 rum
740 1892 911 1944 dimissionis
938 1907 1017 1943 causa
1041 1892 1090 1942 tibi
1117 1908 1185 1941 con-

650 1967 731 2018 sistit.
753 1967 781 2016 Si
802 1965 874 2016 enim
894 1964 1070 2024 voluerimus,
1092 1964 1185 2013 nullus

651 2038 750 2104 injusta
763 2036 843 2086 nobis
855 2036 941 2087 facere
962 2036 1077 2103 poterit;
1093 2036 1139 2085 sed
1155 2045 1184 2084 et

650 2109 756 2160 inimici
779 2109 896 2158 maxime
920 2109 1067 2174 proderunt
1093 2106 1183 2157 nobis.

650 2183 718 2234 Vide
729 2198 792 2249 ergo
807 2192 906 2248 quanta
916 2181 1029 2233 lucraris
1043 2190 1182 2231 mansuete

651 2253 825 2304 inimicorum
849 2253 938 2303 ferens
963 2252 1181 2318 imprudentias:

650 2324 771 2390 primum
798 2323 933 2390 quidem,
962 2334 989 2373 et
1022 2323 1183 2383 maximum,

650 2405 817 2460 peecatorum
840 2394 1046 2455 remissionem3
1081 2409 1181 2444 secun-

648 2465 732 2525 dum,
764 2465 922 2530 patientiam
949 2474 976 2513 et
1006 2479 1181 2529 persevera-n-

647 2537 730 2598 tiam;
755 2535 876 2594 tertium,
900 2533 1137 2584 mansuetudinem
1156 2543 1183 2583 et

647 2621 767 2656 amorem
792 2604 952 2666 hominum
980 2614 1116 2669 quartum,
1148 2604 1182 2653 ab

648 2679 687 2728 ira
701 2677 828 2727 continue
842 2691 902 2726 esse
915 2676 1031 2726 liberum
1050 2685 1076 2725 et
1096 2691 1112 2724 a
1128 2675 1182 2725 tri-

648 2748 722 2798 stitia
740 2761 804 2813 quae
829 2747 893 2797 hinc
915 2756 964 2796 est.
986 2746 1057 2796 Cum
1087 2746 1131 2796 his
1157 2755 1184 2796 et

647 2817 809 2870 venerabilis
831 2817 884 2867 eris
912 2827 938 2867 et
965 2817 1024 2883 ipse
1050 2817 1180 2876 inimicis,

648 2889 698 2940 etsi
709 2889 848 2939 daemones
860 2887 975 2951 fuerint,
991 2888 1078 2954 magis
1090 2899 1181 2937 autem

649 2974 736 3024 neque
758 2958 871 3008 habebis
898 2958 952 3023 jam
974 2957 1119 3007 inimicum
1142 2956 1180 3006 ita

648 3031 805 3097 dispositus.
826 3031 907 3090 Quod
927 3041 1016 3080 autem
1030 3041 1071 3080 est
1095 3031 1181 3094 maius

649 3113 676 3153 et
688 3102 816 3167 primum,
832 3101 880 3151 Dei
897 3102 1025 3164 amicitia,
1040 3112 1067 3152 et
1084 3102 1107 3152 si
1124 3117 1181 3166 pec-

649 3172 757 3232 caveris,
779 3172 856 3222 venia
882 3172 1003 3238 potieris.
1029 3193 1042 3220 n
1071 3174 1108 3223 Et
1128 3173 1181 3221 ite-

650 3259 710 3294 rum
733 3260 740 3292 z
765 3260 780 3288 a
811 3244 872 3293 Non
902 3245 1061 3295 memoriam
1093 3243 1180 3292 malo-

649 3338 711 3372 rum
725 3321 873 3372 habeamus
893 3322 920 3372 in
936 3339 982 3372 eos
993 3323 1042 3389 qui
1058 3322 1178 3381 laedunt;
1222 3309 1227 3328 '

650 3409 713 3443 nam
742 3394 821 3444 nobis
842 3406 957 3460 prosunt
976 3394 1101 3451 maxime,
1127 3392 1180 3441 nisi

649 3464 775 3529 nosipsos
809 3465 1045 3517 vindicaverimus.
1081 3463 1181 3527 Rapuit

650 3537 714 3589 ille:
731 3537 830 3604 gratias
852 3539 928 3604 egisti
945 3549 983 3598 tu,
1007 3552 1054 3602 pm
1070 3536 1180 3601 injusti-

649 3611 695 3671 tia,
722 3621 747 3660 et
772 3611 925 3676 glorificasti
943 3613 1046 3673 Deum3
1063 3608 1182 3661 infinitas

649 3682 813 3733 fructificasti
826 3684 970 3734 mercedes.
984 3682 1012 3731 Si
1025 3691 1114 3732 autem
1126 3697 1182 3733 ora-

649 3757 719 3806 veris
734 3773 782 3823 pro
798 3771 838 3816 eo,
854 3757 910 3806 Deo
924 3757 1009 3806 factus
1031 3771 1059 3805 es
1074 3755 1182 3806 similis.

650 3828 731 3878 Vides
746 3828 860 3894 qualiter
874 3827 991 3877 maxime
1004 3827 1138 3878 lucramur
1150 3828 1185 3878 ab

649 3901 764 3951 aliorum
806 3901 997 3966 persecutione.
1033 3902 1108 3951 Nihil
1148 3902 1184 3950 ita

649 3971 735 4020 Deum
764 3970 888 4032 laetificat,
919 3980 950 4021 ut
987 3987 1043 4020 non
1074 3971 1186 4021 reddere
