2632 4320
128 260 178 312 262
397 261 572 312 SECUNDAE
588 260 711 310 PARTlS
730 261 847 311 CAPUT
861 262 980 312 XXXIV.

159 376 175 426 6
193 377 325 427 Terrenis
342 393 505 427 narratores
519 392 662 428 raucrras-

129 463 184 504 Qus
193 462 360 496 maerorum
371 475 402 484 -
411 448 449 496 At
460 448 506 496 ille
515 447 660 497 obmutuit:

128 528 236 583 propter
251 517 376 567 timorem
397 517 582 577 accusationis,
597 533 663 582 pro·

128 601 186 655 pter
197 590 408 641 erubescentiam
423 590 587 656 iniquitatis,
603 606 663 655 pro·

126 676 185 730 pter
201 665 382 731 ignorantiam
402 664 592 725 excusationis,
607 679 662 729 prae

127 735 286 786 confusione
315 752 371 786 non
395 737 496 787 habens
518 735 584 801 quid
617 750 662 784 re-

127 806 285 871 sponderet;
301 807 366 873 quia
378 809 434 858 Deo
444 808 536 858 nullus
550 820 662 872 respon·

126 881 189 929 dere
206 890 303 945 potest,
328 881 373 930 sed
398 879 508 946 propria
531 889 662 944 arguente

127 950 298 1010 conscientia,
322 951 494 1001 convincitur
517 958 543 1001 et
567 959 662 1000 mutus

127 1020 250 1072 efficitur.
263 1022 312 1071 Per
321 1021 373 1071 hoc
384 1021 457 1088 quod
469 1021 514 1071 ille
524 1020 660 1080 obmutuit,

128 1101 293 1142 monstratur
320 1093 394 1158 quod
426 1092 456 1142 in
486 1091 532 1141 illo
563 1091 661 1140 ultimo

126 1163 250 1213 examine
265 1179 347 1213 omne
381 1178 467 1228 genus
481 1161 663 1213 excusationis

127 1232 249 1283 cessabit.
267 1234 343 1283 Tunc
358 1233 432 1282 dixit
452 1247 505 1283 rex
519 1232 661 1294 ministris,

127 1303 154 1351 id
165 1313 204 1353 est
213 1303 324 1368 Angelis
333 1301 431 1352 dirinae
440 1302 549 1367 justitiae
560 1317 664 1352 exsecu-

127 1375 242 1436 toribus,
263 1378 305 1426 vel
324 1376 368 1426 isti
384 1376 502 1426 ministri
517 1385 581 1426 sunt
603 1390 663 1425 ma-

128 1448 195 1514 ligni
225 1448 348 1513 spiritus,
379 1447 426 1513 qui
452 1448 570 1513 deputati
599 1456 664 1497 sunt

128 1519 161 1567 ad
182 1533 288 1582 poenam
308 1519 510 1578 damnatorum,
525 1518 597 1585 quia,
618 1532 663 1567 se-

129 1589 247 1638 cundum
280 1589 434 1655 Origenem,
474 1591 571 1641 merito
600 1598 663 1639 sunt

129 1674 214 1724 poenae
235 1670 364 1722 auctores,
388 1661 435 1726 qui
450 1660 560 1711 fuerunt
580 1660 664 1725 culpae

129 1742 297 1797 suggestores
319 1749 326 1782 ι
351 1733 462 1799 Ligatis
488 1733 612 1783 manibus
639 1737 664 1782 et

125 1805 248 1869 pedibus,
262 1804 290 1854 id
304 1815 345 1855 est
359 1806 445 1856 ablata
455 1815 584 1870 potestate
592 1805 664 1864 ,bene

129 1877 266 1941 operandi,
287 1887 313 1926 et
336 1877 369 1926 ad
390 1879 505 1927 salutem
529 1886 664 1927 reverten-

130 1948 167 2007 di,
196 1964 225 1998 ac
253 1949 369 2014 gratiam
395 1948 569 2014 recuperandi
576 1965 584 2011 ;
613 1948 664 2008 vel,

130 2021 212 2086 pedes
235 2031 300 2072 sunt
322 2021 436 2072 facultas
451 2022 530 2073 liberi
551 2021 664 2082 arbitrii,

129 2109 226 2144 manus
251 2110 316 2144 vero
341 2106 405 2145 sunt
430 2095 551 2160 potentia
565 2094 664 2161 operis,

130 2173 156 2213 et
172 2175 318 2230 utrumque
344 2174 383 2215 est
406 2166 520 2231 ligatum
538 2165 567 2214 in
586 2166 665 2215 dam-

130 2234 215 2297 natis;
234 2235 330 2285 mittite
351 2244 377 2284 et
396 2235 516 2301 projicite
539 2251 601 2285 eum
627 2235 666 2285 sic

128 2305 251 2370 ligatum,
281 2305 309 2355 in
330 2308 454 2356 tenebras
474 2307 665 2368 exteriores,a

130 2376 236 2426 visione
267 2377 326 2436 Dei,
356 2388 382 2426 et
408 2376 472 2443 quia
498 2387 564 2426 sunt
592 2388 666 2428 extra

131 2463 241 2498 omnem
251 2448 333 2510 diem,
346 2458 372 2498 et
392 2459 466 2499 extra
479 2448 613 2498 ambitum
629 2449 667 2500 di-

129 2519 200 2571 vinae
214 2519 421 2583 misericordiae,
437 2520 489 2578 vel,
505 2519 665 2584 exteriores,

132 2591 159 2640 id
177 2600 218 2641 est
234 2593 393 2658 corporales,
419 2601 445 2640 et
459 2590 578 2641 localiter
594 2601 667 2640 extra

131 2661 222 2727 ipsum
250 2663 361 2727 positas,
392 2662 457 2727 quia
482 2661 612 2711 habuerat
637 2661 664 2711 in

131 2733 228 2797 seipso,
245 2733 310 2782 dum
333 2733 377 2783 hic
391 2732 499 2792 viveret,
514 2732 667 2795 interiores,

132 2803 159 2851 id
190 2811 230 2852 est
265 2804 405 2852 mentales.
442 2802 572 2852 Tenebrae
593 2803 667 2852 enim

51 2937 54 2940 ῃ
132 2873 292 2938 ignorantiae
305 2874 407 2923 ducunt
422 2873 455 2922 ad
477 2873 601 2922 tenebras
615 2873 668 2923 cul·

132 2962 187 3012 pae3
203 2957 229 2996 et
240 2947 282 2998 hre
295 2949 328 2997 ad
337 2947 461 2997 tenebras
471 2961 565 3012 poenae.
581 2947 667 3005 Unde,

132 3019 279 3067 secundum
316 3018 490 3084 Gregorinm,
525 3017 667 3068 interiores

131 3089 254 3139 tenebras
271 3088 392 3138 dicimus
415 3089 563 3138 caecitatem
587 3103 667 3138 men-

132 3159 182 3223 tis;
198 3158 343 3210 exteriores
357 3173 420 3208 vero
436 3159 570 3217 tenebras,
587 3168 667 3208 aeter-

135 3245 199 3281 nam
225 3239 332 3280 noctem
349 3228 539 3278 damnationis.
554 3227 609 3288 Qui
625 3243 667 3278 er-

134 3319 167 3369 go
188 3318 260 3354 nunc
281 3302 310 3352 in
332 3302 399 3352 vitio
422 3301 539 3366 ligantur
561 3310 666 3366 sponte,

133 3387 196 3425 tunc
206 3375 235 3424 in
249 3372 383 3439 supplicio
400 3371 556 3436 ligabuntur
567 3371 650 3421 invite
657 3386 665 3432 ;

133 3455 159 3494 et
171 3444 264 3511 ligabit
276 3443 314 3493 ibi
326 3457 411 3508 poena,
426 3457 495 3508 quos
507 3441 576 3490 hica
588 3441 668 3491 bonis

133 3521 262 3585 operibus
277 3517 370 3584 ligavit
386 3518 472 3582 culpa.
492 3514 527 3564 Et
544 3515 611 3581 quid
627 3514 665 3564 ibi

134 3595 287 3656 sustinebit,
302 3593 349 3660 qui
364 3592 408 3643 hic
423 3592 491 3641 bene
502 3589 593 3641 virere
607 3605 667 3641 con·

134 3665 253 3732 tempsit,
268 3664 417 3731 subjungit,
430 3663 522 3712 dicens
537 3677 544 3710 :
560 3661 602 3711 lbi
615 3660 668 3711 erit

130 3737 225 3803 fletus,
241 3736 343 3787 scilicet
358 3735 509 3793 oculorum,
523 3747 571 3797 per
584 3731 667 3782 illici-

138 3818 180 3858 tas
200 3806 432 3872 concupiscentias
453 3804 530 3853 etin
551 3802 667 3852 vanitate

136 3877 231 3928 mundi
255 3877 300 3927 hic
320 3876 493 3942 vagantium
518 3879 545 3924 et
564 3873 668 3923 stridor

716 376 841 440 dentium,
856 376 885 426 in
897 376 1025 426 edacitate
1037 376 1119 425 modo
1131 376 1248 440 gauden-

716 449 794 510 tium,
820 459 953 516 quatenus
984 449 1092 515 singula
1124 448 1248 499 membra
1273 470 1276 478 ·

715 519 848 584 supplicio
861 520 1020 585 subjaceant,
1033 518 1080 586 qui
1096 517 1141 569 hic
1152 517 1250 584 singu-

715 588 749 639 lis
771 589 845 639 vitiis
863 591 980 654 subiecta
1002 589 1162 640 serviebant.
1188 589 1249 645 Vel.

709 659 793 725 fletus
810 667 837 710 et
849 661 961 725 stridor,
980 661 1006 711 id
1024 670 1065 711 est
1078 660 1157 710 dolor
1168 675 1251 711 meu·

715 731 752 780 tis
772 741 798 782 et
819 733 948 798 corporis,
977 733 1011 782 ad
1027 747 1089 798 quae
1111 730 1251 783 reducitur

715 803 806 854 omnis
817 820 895 870 poena
905 803 1042 854 infernalis
1057 820 1064 853 ε
1072 803 1159 870 fletus
1173 803 1252 855 enim

714 890 730 926 e
742 875 850 926 tristitia
859 875 1019 940 originatur,
1030 881 1056 926 et
1066 875 1170 926 stridor
1181 875 1251 926 den-

716 946 780 995 tium
804 955 927 995 causatur
949 961 965 996 a
987 945 1126 995 contrariis
1149 944 1251 1004 causis,

715 1017 816 1067 scilicet
836 1033 869 1067 ex
886 1017 981 1068 ardore
1001 1015 1082 1082 ignis,
1102 1026 1130 1067 et
1148 1016 1252 1084 frigore

716 1086 849 1147 infernali,
865 1088 937 1136 unde
952 1087 1052 1137 dicitur
1066 1086 1095 1136 in
1112 1087 1187 1138 Job:
1204 1088 1252 1138 Art

716 1159 825 1210 nimium
837 1160 955 1211 calorem
970 1159 1105 1223 transibit,
1120 1160 1155 1209 ab
1167 1161 1251 1227 aquis

716 1229 824 1280 nivium.
847 1231 876 1279 ln
892 1228 957 1279 fletu
979 1230 1061 1280 etiam
1081 1239 1108 1280 et
1123 1229 1253 1289 stridore,

716 1301 874 1369 magnitudo
888 1311 1096 1364 tormentorum,
1106 1311 1134 1352 et
1148 1302 1256 1353 doloris

716 1373 884 1424 immensitas
903 1373 1077 1439 significatur.
1099 1373 1150 1424 Vel
1170 1383 1252 1434 certe,

717 1447 820 1497 stridor
842 1446 958 1496 dentium
975 1446 1065 1512 prodit
1082 1445 1255 1512 indignantis

716 1517 851 1578 affectum,
867 1518 980 1583 eoquod
993 1533 1052 1568 sero
1062 1533 1253 1584 unumquem-

717 1603 771 1654 que
784 1588 918 1653 poeniteat,
934 1604 993 1638 sero
1007 1588 1177 1654 ingemiscat,
1192 1603 1255 1639 sero

717 1660 771 1711 sibi
787 1660 923 1720 irascatur,
941 1661 1014 1726 quod
1035 1670 1091 1710 tam
1117 1661 1253 1725 pervicaci

717 1732 890 1800 improbitate
911 1732 1063 1798 deliquerit.
1085 1733 1120 1783 Et
1142 1732 1209 1798 quia
1227 1732 1255 1782 in

717 1804 842 1856 convivio
857 1804 970 1869 nuptiali
991 1821 1047 1855 non
1062 1804 1186 1866 initium,
1208 1805 1255 1856 sed

717 1875 780 1926 finis
790 1875 929 1943 quaeritur,-
940 1885 1136 1942 consequenter
1144 1876 1256 1942 repulso

717 1964 783 2008 uno,
800 1947 895 2015 inquo
909 1963 991 1998 omne
1005 1949 1140 1998 malorum
1156 1963 1256 2015 corpus

718 2017 895 2084 imprimitur,
920 2018 1052 2083 generalis
1070 2018 1215 2079 sententia,
1229 2029 1256 2069 et

718 2089 851 2156 parabolae
862 2088 1000 2139 conclusio
1013 2087 1129 2138 infertur
1143 2103 1151 2136 ε
1168 2087 1256 2139 Multi

718 2168 806 2212 autem
820 2167 883 2211 sunt
895 2161 991 2221 vocati,
1009 2162 1041 2210 ad
1054 2159 1136 2211 fidem
1156 2160 1255 2211 carbo«

718 2235 798 2286 licam
810 2250 818 2299 ;
835 2235 920 2300 pauci
942 2248 1006 2285 vero
1025 2234 1112 2297 electi,
1134 2234 1170 2284 ad
1194 2235 1254 2300 glo·

718 2307 796 2367 riam,
812 2307 913 2356 scilicet
925 2305 1115 2371 comparative,
1130 2316 1253 2372 respectu

719 2377 828 2428 illorum
849 2377 898 2443 qui
918 2377 1004 2427 vocati
1021 2386 1086 2427 sunt
1107 2376 1141 2427 ed
1163 2375 1254 2434 fidem,

718 2451 782 2517 quia
804 2450 875 2500 inter
889 2451 988 2500 multos
1008 2448 1100 2500 fideles
1124 2448 1255 2500 habentes

718 2521 809 2581 tidem,
822 2521 899 2586 pauci
917 2530 981 2571 sunt
994 2518 1069 2569 electi
1087 2519 1137 2586 qui
1155 2519 1255 2571 liabent

719 2593 800 2644 fidem
827 2594 979 2644 formatam.
1009 2593 1123 2656 Rursus,
1158 2606 1252 2643 omues

720 2667 844 2717 homines
866 2676 995 2716 vocantur
1016 2666 1050 2715 ad
1078 2661 1181 2728 fidem}
1207 2665 1251 2716 sad

717 2737 801 2803 pauci
823 2747 886 2786 sunt
908 2735 994 2798 electi,
1014 2736 1079 2802 quia
1096 2737 1176 2801 pauci
1191 2746 1252 2788 sunt

720 2808 812 2859 fideles
826 2818 947 2873 respectu
959 2806 1122 2857 infidelium.
1133 2808 1202 2859 Tale
1213 2816 1253 2858 est

721 2878 793 2944 quod
818 2877 883 2927 dicit
916 2893 922 2926 :
954 2877 1015 2927 Non
1049 2891 1120 2927 unus
1145 2887 1252 2928 tantum

721 2949 753 2998 de
774 2948 875 2998 vocatis
899 2948 998 3013 ejectus
1020 2955 1060 2997 est
1083 2948 1117 2997 de
1142 2946 1254 3013 nuptiis,

721 3019 767 3069 sed
791 3017 997 3083 intelligendum
1025 3026 1065 3067 est
1091 3018 1126 3067 de
1151 3016 1254 3075 multis,

721 3089 785 3154 quia
810 3088 954 3154 perillum
976 3102 1065 3138 unum
1093 3086 1254 3154 intelligitur

721 3158 881 3210 universitas
909 3160 1053 3218 malorum,
1078 3157 1127 3224 qui
1155 3157 1256 3208 habnt

720 3230 801 3282 fidem
817 3232 875 3282 sine
888 3231 1017 3296 operibus
1032 3229 1162 3280 caritatis.
1176 3229 1255 3287 Nam,

720 3303 868 3353 secundum
884 3303 1078 3367 augustinian,
1102 3300 1190 3351 homo
1210 3299 1256 3351 ille

720 3374 768 3439 qui
788 3374 852 3424 inde
876 3375 1011 3439 proiectus
1031 3381 1081 3430 est,
1096 3388 1155 3423 non
1168 3385 1256 3422 unum

721 3443 861 3494 hominem
890 3438 1033 3509 significat,
1059 3442 1106 3493 sed
1142 3443 1258 3504 multos,

720 3516 784 3582 quia
822 3517 868 3567 ille
894 3532 967 3566 unus
997 3530 1096 3580 corpus
1120 3516 1258 3566 malorum

721 3597 769 3637 est.
779 3587 856 3637 Unde
867 3587 932 3637 alibi
946 3586 1044 3636 dicitur
1054 3585 1145 3636 :Lata
1157 3591 1201 3637 est
1213 3586 1260 3638 nia

719 3672 780 3722 qnoe
793 3659 867 3708 ducit
886 3657 1118 3723 adpertirtonen,
1134 3663 1161 3707 et
1180 3655 1260 3708 main

720 3735 782 3778 sunt
798 3728 844 3793 qni
865 3727 1056 3793 ingrediuntur
1073 3739 1127 3791 per
1139 3740 1220 3790 canu
1231 3732 1259 3777 et

720 3805 800 3850 arcta
813 3805 854 3849 ert
874 3801 920 3848 via
938 3810 999 3863 qnoe
1012 3796 1087 3847 ducit
1107 3796 1148 3846 ad
1160 3796 1257 3857 vitm,

719 3877 746 3920 et
759 3870 841 3935 pauci
853 3875 915 3920 runt
928 3869 973 3934 qui
988 3866 1124 3919 inveniunt
1137 3881 1211 3919 aaut.
1227 3868 1260 3919 Et
