2632 4320
276 301 323 351 DE
339 301 557 354 ELECTORUM
574 302 862 365 CONSOLATIONE,
878 305 957 356 ETC.

60 429 125 466 rnen
145 415 247 466 destrui
263 425 288 466 et
307 417 452 468 annihilari
473 420 508 468 ob
533 434 593 469 me-

60 488 177 538 moriam
202 489 340 552 Crueifiri3
367 490 420 543 vel.
442 491 593 557 generatio-

59 573 125 608 nem
135 557 350 609 Christianorum
361 559 426 610 dicit
437 561 591 625 Ecclesiam,

58 631 156 682 volens
171 630 317 697 discipulos
331 633 472 694 consolari,
485 649 518 684 ue
533 648 593 683 cre-

59 702 155 752 derent
172 702 244 768 quod
260 703 289 752 in
310 703 364 754 illis
378 705 546 770 temporibus
559 704 592 754 fi-

58 773 107 823 des
119 772 256 836 deficeret;
273 774 354 826 donec
364 775 452 826 omnia
466 790 527 841 quae
536 775 592 825 cir·

57 861 89 898 ea
105 846 208 897 Christi
222 848 364 898 adventum
383 849 509 914 praedicta
529 859 593 899 sunt

50 917 128 984 fiant
150 928 176 968 et
196 916 296 969 fuerint
316 931 510 972 consummata.
532 921 591 981 Vel,

57 990 209 1040 secundum
237 991 475 1059 chrysostomum,
508 993 592 1043 donec

57 1061 203 1126 impleatur
230 1077 312 1112 omne
332 1064 489 1130 mysterium
513 1079 592 1114 voca-

57 1131 142 1181 tionis
162 1133 329 1197 Sanctorum,
355 1134 418 1200 quia
441 1144 591 1200 quantum-

57 1218 166 1270 cunque
175 1204 266 1254 fideles
275 1207 462 1272 opprimantur
472 1218 591 1272 ternpore

56 1276 227 1340 Antichristi,
243 1288 331 1327 tamen
352 1279 435 1345 aliqui
449 1294 591 1346 permane-

55 1347 127 1397 bunt
140 1347 232 1398 infide
246 1349 355 1399 stabiles
367 1365 453 1417 usque
464 1351 496 1400 ad
509 1348 591 1400 tinem

56 1417 164 1468 mundi.
179 1419 231 1470 Ubi
246 1420 279 1469 de
294 1421 418 1484 praedicta
432 1420 476 1472 die
490 1422 591 1472 adven-

55 1497 101 1539 tus
119 1489 228 1538 Domini
251 1506 301 1540 nos
322 1491 398 1556 quasi
418 1507 590 1557 praemonen-

54 1559 100 1622 do,
113 1559 152 1609 sic
163 1559 228 1610 dicit
240 1561 393 1627 Gregorius
406 1580 414 1612 .·
427 1580 440 1607 (ι
456 1562 535 1612 illum
549 1577 591 1612 er·

55 1645 90 1695 go
112 1629 204 1694 diem,
231 1629 325 1681 fratres
350 1632 501 1692 carissimi,
528 1640 590 1682 ante

56 1701 150 1752 oculos
170 1703 278 1768 ponite,
304 1713 331 1753 et
351 1703 484 1770 quidquid
509 1704 590 1754 modo

54 1787 135 1838 grave
148 1774 266 1824 creditur
280 1773 307 1822 in
323 1775 380 1838 eius
392 1774 590 1840 comparatione

55 1842 196 1909 levigatur.
220 1845 300 1894 Illum
323 1845 395 1894 diem
417 1855 473 1895 tota
498 1844 590 1895 inten-

54 1916 129 1967 tione
145 1916 273 1983 cogitate3
291 1918 374 1968 vitam
387 1918 521 1983 corrigite,
535 1932 589 1967 mo

55 2002 98 2038 res
128 1996 249 2050 mutate,
278 1989 348 2038 mala
374 1988 506 2037 tentantia
537 2002 589 2037 re-

54 2058 177 2108 sistendo
197 2057 305 2121 vincite,
327 2067 475 2124 perpetrata
500 2067 589 2107 autem

54 2126 165 2178 fletibus
189 2129 292 2193 punite.
324 2129 475 2178 Adventum
503 2143 589 2178 nam-

55 2213 109 2265 que
124 2197 219 2248 aeterni
235 2198 336 2249 Judicis
355 2208 428 2249 tanto
442 2198 589 2248 securiores

54 2270 220 2337 quandoque
235 2271 377 2334 videbitis3
398 2281 498 2336 quanto
514 2286 588 2320 nunc

54 2339 253 2390 districtionem
274 2340 348 2391 illius
372 2340 493 2391 timendo
516 2355 589 2406 prae-

53 2413 172 2465 venitis:
187 2432 202 2461 r>
217 2414 275 2463 haec
289 2413 450 2479 Gregorius.

84 2502 103 2552 4
128 2487 267 2538 encoma
291 2502 435 2537 rnausrrus
459 2502 486 2535 ru
509 2500 588 2536 seusu

55 2573 199 2608 tirrenum
220 2573 254 2607 ar
275 2572 383 2608 uorum.
407 2585 437 2595 -
462 2557 496 2606 Et
518 2556 589 2607 addit

55 2631 202 2697 quamdam
220 2630 439 2696 protestationem
455 2630 487 2679 ad
499 2644 588 2679 asser-

54 2700 157 2752 tionem
168 2699 378 2767 praemissorum,
396 2699 486 2750 dicens
501 2715 508 2750 z
525 2699 589 2750 Coe-

56 2771 115 2837 lum,
138 2771 241 2823 scilicet
262 2787 317 2820 non
339 2772 495 2831 aethereum,
516 2770 589 2821 side-

55 2857 141 2903 reum,
157 2843 204 2894 sed
227 2857 345 2900 aereum,
366 2857 381 2891 a
404 2857 458 2908 quo
481 2852 507 2892 et
527 2857 589 2892 aves

57 2913 114 2963 coeli
128 2922 156 2964 et
171 2912 266 2962 nubila
280 2911 338 2962 coeli
354 2911 587 2978 cognominantur,

1127 305 1179 373 3²9

646 433 751 485 semper
768 421 916 472 manebunt
935 421 1094 471 immobilia.
1118 423 1178 474 Ver-

647 491 680 540 ba
698 498 785 542 autem
806 507 864 543 mea
880 493 1086 543 fundamentum
1107 504 1179 544 aeter-

647 577 687 612 nae
702 563 820 614 veritatis
840 564 975 625 babentia,
991 565 1042 615 hoc
1059 575 1100 616 est
1115 582 1178 616 ver·

646 633 743 684 borum
767 637 916 696 sententiae,
941 651 992 687 non
1018 636 1177 701 transibunt,

645 703 705 754 sine
723 706 817 755 effectu
835 705 1016 771 impletionis;
1042 707 1087 758 sed
1108 706 1179 758 sicut

645 775 779 837 dicuntur,
797 776 835 825 sic
850 777 909 826 sine
923 778 980 827 ulla
994 777 1178 829 diminutione
1217 790 1220 803 ·

646 846 840 912 implebuntur.
858 850 895 898 Ac
917 848 939 898 si
957 849 1056 899 diceret
1080 865 1087 899 ι
1112 849 1178 900 Ecce

645 928 744 984 quanta
759 929 800 970 est
810 919 939 970 stabilitas
950 920 1093 970 verborum
1107 935 1179 971 meo-

645 1004 716 1053 rum,
741 990 805 1055 quia
826 988 930 1040 facilius
952 1001 991 1041 est
1015 1005 1045 1040 ea
1058 1005 1119 1055 quae
1133 989 1178 1040 vi-

644 1060 742 1110 dentur
764 1076 823 1111 esse
842 1060 926 1121 valda‚
954 1060 1060 1110 stabilia
1074 1070 1099 1110 et
1123 1059 1177 1111 du-

644 1131 740 1182 rabilia
766 1132 889 1192 destrui,
923 1147 1005 1198 quam
1032 1131 1176 1181 verborum

644 1220 767 1256 meorum
788 1221 849 1272 quae
869 1205 994 1255 videntur
1014 1219 1061 1270 per
1086 1204 1177 1268 prola-

644 1274 746 1326 tionem
768 1275 891 1336 transire,
914 1274 1023 1341 aliquod
1046 1273 1176 1323 decidere.

644 1346 759 1398 Facilius
776 1359 815 1398 est
834 1347 907 1414 quod
929 1356 986 1397 tota
1001 1356 1095 1396 natura
1108 1345 1175 1395 subr

643 1429 777 1480 vertatur,
806 1436 888 1486 quam
916 1420 989 1487 quod
1025 1420 1177 1469 intellectus

643 1489 786 1539 verborum
826 1504 949 1540 meorum
991 1490 1085 1539 effectu
1121 1503 1176 1537 non

643 1556 818 1626 compleatur.
848 1563 911 1612 Plus
943 1561 1016 1611 enim
1046 1567 1177 1626 repugnat

644 1632 742 1682 divinae
757 1633 861 1684 veritati
883 1648 898 1683 a
911 1632 1021 1683 veritate
1032 1633 1112 1682 verba
1128 1644 1177 1681 sua

642 1701 764 1764 delicere,
790 1719 872 1770 quam
899 1703 1080 1769 quodcunque
1101 1715 1176 1750 crea-

643 1781 701 1824 tum
717 1774 746 1824 in
761 1775 880 1825 nihilum
894 1773 989 1839 redigi.
1004 1771 1176 1836 Augustinus

642 1845 786 1911 distinguit
805 1845 903 1910 triplex
920 1845 1017 1894 coelum
1033 1858 1040 1890 ε
1056 1840 1176 1906 primum

642 1931 759 1976 aereum,
782 1915 811 1966 in
829 1931 884 1981 quo
903 1930 964 1964 aves
977 1913 1104 1973 volitant;
1131 1925 1175 1960 se-

642 1990 761 2039 cundum
782 1987 938 2045 aethereum,
962 1987 1064 2050 inquo
1089 1982 1177 2032 sidera

642 2069 726 2122 stant;
751 2059 861 2108 tertium
884 2072 1051 2123 empyreum,
1071 2053 1099 2103 in
1121 2068 1176 2119 quo

642 2130 714 2181 Deus
734 2140 760 2180 et
782 2129 871 2179 Sancti
893 2128 1024 2178 habitant.
1052 2125 1176 2174 Primum

641 2201 782 2261 transibit,
808 2216 862 2250 non
889 2200 999 2266 quidem
1028 2195 1176 2246 secundum

642 2273 831 2332 substantiam,
853 2273 899 2322 sed
920 2271 1066 2322 secundum
1088 2267 1177 2333 quali-

641 2355 736 2409 tatem,
755 2346 819 2413 quia
841 2343 1014 2394 innovabitur
1028 2350 1054 2391 et
1068 2341 1177 2405 depura-

642 2417 716 2469 bitur
727 2434 786 2484 ,per
807 2419 909 2484 ignem.
924 2415 1076 2466 Secundum
1094 2411 1175 2461 etiam

642 2491 776 2551 transibit,
797 2490 844 2555 qui
867 2505 882 2539 a
906 2497 982 2537 motu
1007 2483 1128 2542 cessabit,
1150 2492 1177 2532 et

642 2561 752 2611 habebit
768 2560 914 2610 claritatem
930 2571 1011 2623 quam
1025 2553 1111 2602 'habet
1124 2553 1174 2612 sol,

642 2641 669 2681 et
684 2631 735 2681 soli
751 2631 859 2680 dabitur
870 2628 921 2679 alia
935 2625 1049 2684 claritas,
1062 2631 1087 2673 et
1102 2623 1188 2673 lunae¹

643 2701 779 2752 similiter.
798 2699 920 2749 Cessabit
935 2696 998 2762 ergo
1014 2702 1105 2743 motus
1114 2691 1174 2742 coeli
1220 2750 1224 2755 ι

641 2783 667 2824 et
690 2770 876 2822 transmutatio
897 2769 926 2819 in
946 2765 1095 2824 elementis,
1111 2763 1175 2830 quia

642 2847 692 2897 ista
706 2846 739 2896 ad
754 2844 945 2910 complendum
961 2854 1105 2891 numerum
1117 2837 1173 2888 ele-

642 2927 749 2968 ctorum
766 2927 828 2968 sunt
842 2916 977 2976 ordinata3
995 2921 1021 2962 et
1043 2911 1103 2961 ideo
1123 2910 1175 2961 isto

57 2983 106 3034 hoc
120 2983 264 3034 estinania
276 2982 333 3032 haec
346 2983 588 3041 etnubilosaven-
613 2970 618 3050 Ι
641 2991 775 3056 completo
791 2989 820 3039 in
837 2987 947 3054 Judicio,
963 2984 1114 3042 cessabunt,
1125 2982 1176 3033 sic-

56 3055 105 3105 tosi
126 3054 199 3106 aeris
223 3052 325 3119 spatia,
351 3059 377 3103 et
399 3059 473 3104 terra
497 3061 588 3104 trans-

57 3126 138 3189 ibunt,
153 3125 181 3174 id
193 3134 234 3175 est
245 3140 295 3174 suo
308 3125 389 3174 modo
402 3125 588 3186 mutabuntur,

56 3197 157 3248 scilicet
181 3195 271 3263 quoad
295 3195 471 3245 mutationem
502 3196 589 3261 quali-

55 3273 131 3333 tatis,
160 3281 187 3322 et
211 3271 270 3334 ejus
292 3286 373 3336 quam
396 3286 467 3322 nunc
489 3271 589 3322 habent

56 3340 198 3410 imaginis;
226 3356 282 3390 non
310 3342 398 3406 quoad
427 3341 589 3392 destructio·

56 3431 116 3467 nem
142 3415 309 3475 substantiae,
331 3415 480 3465 secundum
506 3431 588 3481 quam

57 3487 203 3539 subsistent
228 3487 287 3536 sine
311 3484 380 3546 tine,
408 3487 472 3553 quia
499 3489 587 3554 quoad

56 3558 212 3625 qualitatem
227 3558 255 3606 in
270 3557 368 3608 melius
385 3559 588 3609 commutabun-

56 3638 105 3694 tur,
118 3639 146 3680 et
162 3628 249 3679 forma
265 3627 347 3692 priori
362 3628 482 3694 deposita
504 3628 588 3679 inno-

55 3702 208 3760 vabuntur,
232 3708 263 3748 ut
286 3698 389 3748 dicatur
411 3700 508 3749 coelum
535 3716 588 3750 no-

54 3785 137 3833 vum,
169 3779 198 3820 et
229 3780 299 3819 terra
340 3784 426 3831 nova,
463 3771 588 3835 proeterit

55 3845 121 3896 euim
158 3842 239 3910 hujus
274 3841 365 3892 mundi
393 3843 511 3908 figura;
540 3843 587 3893 sed

55 3915 144 3983 quoad
174 3913 353 3964 substantiam
385 3922 412 3964 et
442 3914 584 3966 essentiam

643 3072 673 3112 ut
700 3077 729 3111 ea
750 3069 894 3126 quaesunt
916 3059 949 3108 ad
970 3056 1062 3116 linem,
1082 3053 1175 3105 habito

641 3132 702 3193 fine,
727 3146 828 3181 cessare
851 3130 958 3189 debent.
987 3157 1017 3166 -
1039 3126 1174 3176 Moraliter

641 3219 712 3255 circa
725 3204 778 3254 hoc
796 3214 867 3266 nota,
887 3201 960 3268 quod
974 3200 1038 3267 quia
1055 3197 1174 3248 mundus

642 3274 692 3324 iste
723 3283 855 3340 quantum
887 3273 919 3323 ad
948 3286 1027 3321 omne
1052 3267 1092 3318 sui
1124 3281 1175 3330 ap-

642 3344 752 3410 petibile
777 3344 892 3404 transit,
925 3341 1072 3393 secundum
1100 3337 1173 3387 enim

640 3416 780 3475 loannem,
805 3416 919 3466 muudus
944 3411 1042 3463 transit
1061 3415 1087 3459 et
1107 3420 1174 3458 con-

641 3487 807 3553 cupiscentia
834 3489 909 3554 ejus;
938 3486 1003 3535 hinc
1030 3490 1071 3532 est
1098 3479 1171 3546 quod

641 3558 797 3625 quicunque
817 3558 861 3609 his
880 3554 1026 3606 mundanis
1046 3552 1173 3610 adhaeret,

641 3631 687 3680 ille
711 3641 750 3682 est
772 3632 800 3681 in
821 3631 950 3681 continuo
974 3625 1086 3676 transitu
1111 3639 1173 3675 cum

641 3701 702 3766 ipso
716 3702 828 3751 mundo.
846 3701 879 3750 Et
890 3697 1024 3765 praecipue
1037 3694 1172 3760 triplicem

640 3770 704 3821 facit
724 3771 866 3821 transitum
892 3767 1096 3819 miserabilem:
1114 3763 1173 3831 pri-

642 3858 697 3904 m0,
721 3843 830 3906 aculpa
852 3841 880 3890 in
902 3840 1020 3904 culpam3
1046 3837 1173 3895 secundo,

641 3916 674 3967 de
687 3916 765 3980 eulpa
778 3915 807 3965 in
819 3928 940 3980 poenam;
955 3911 1044 3972 tertio,
1052 3912 1084 3961 de
1095 3925 1178 3978 poena.
