2632 4320
141 275 174 326 62
410 276 585 327 SECUNDAE
607 276 732 326 putetis
758 278 875 328 CAPUT
896 280 955 329 vlt.

141 409 251 460 quoque
268 393 384 444 occurrit
399 402 425 444 et
438 393 542 456 obviat;
563 403 590 442 et
603 401 676 442 totus

141 477 210 516 totos
223 469 386 532 amplectens
402 468 511 529 salutat;
531 477 562 516 et
574 466 602 515 in
620 467 676 517 hu-

141 555 230 589 meros
253 539 344 599 tollit,
371 554 440 604 quos
461 538 506 588 vix
528 539 562 588 ab
586 553 675 588 errore

140 609 288 673 convertit;
313 624 362 658 nec
387 609 420 657 de
446 608 582 674 prioribus
612 608 674 658 illos

140 692 254 741 accusat,
275 682 321 731 sed
346 681 419 730 diem
439 681 539 731 festum
559 681 624 747 agit,
648 692 673 731 et

140 756 244 805 amicos
262 764 398 815 convocat,
414 764 439 805 et
459 765 490 805 ut
503 754 532 804 fit
547 755 672 805 omnium

141 827 288 877 laetantium
312 826 451 885 habitudo,
471 825 588 891 optimos
601 843 673 893 quo·-

140 912 195 963 que
205 896 322 961 Angelos
334 896 362 945 in
374 895 495 947 laetitiam
512 897 623 947 suscitet
636 915 644 946 2
659 919 673 945 n

140 968 199 1018 haec
223 967 386 1034 Dionysius.
401 968 529 1027 Quotidie
547 969 620 1018 Deus
631 968 673 1018 'li-

140 1040 210 1090 lium
251 1040 346 1105 recipit
375 1051 573 1101 revertentem,-
607 1043 672 1091 dum

141 1111 292 1177 quemlibet
310 1121 472 1176 peccatorem
488 1113 584 1178 recipit
592 1114 674 1179 poeni·

141 1196 258 1250 tentem3
288 1195 314 1235 et
342 1185 393 1234 alia
422 1187 572 1251 supradicta
605 1189 673 1238 circa

141 1271 204 1306 cum
224 1255 297 1315 facit,
320 1256 388 1304 dum
407 1256 520 1321 gratiam
539 1273 620 1322 quam
645 1260 674 1308 in

142 1328 280 1395 baptismo
295 1339 449 1392 receperat.
457 1339 483 1378 et
500 1344 549 1394 per
567 1331 673 1397 culpam

142 1401 303 1466 perdiderat,
323 1399 420 1448 iterum
435 1401 475 1451 illi
488 1403 614 1453 reddidit.
627 1404 678 1469 lgi-

141 1485 186 1524 tur
208 1488 265 1522 non
285 1473 414 1523 debemus
428 1473 537 1525 fratrem
551 1485 676 1525 nostrum

143 1553 306 1609 peccatorem
332 1553 513 1604 contemnere,
528 1547 571 1596 vel
596 1548 676 1597 dere-

142 1613 284 1679 linquere;
299 1615 348 1662 sed
361 1626 537 1666 revertentem
561 1618 676 1668 dulciter

142 1684 278 1749 recipere,
300 1699 330 1733 ac
354 1685 492 1735 caritatem
514 1687 585 1738 circa
611 1705 673 1739 eum

141 1758 292 1817 ostendere,
311 1767 338 1808 et
360 1759 479 1824 benigne
490 1770 602 1812 tractare
617 1779 626 1811 t
641 1779 676 1812 ne

142 1828 263 1878 Salvator
281 1839 372 1878 noster
388 1829 474 1880 iratus
489 1846 541 1880 nos
554 1842 675 1896 peccato-

143 1913 188 1949 res
205 1899 302 1948 merito
323 1910 491 1960 contemnat,
510 1910 537 1950 et
557 1902 627 1965 juste
641 1904 675 1952 de

141 1972 289 2037 relinquat„
300 1971 446 2022 Considera
458 1988 530 2022 nunc
543 1985 674 2039 quantum

141 2055 267 2109 operetur
286 2044 443 2108 poenitenta,
474 2054 500 2095 et
519 2058 620 2112 quanta
641 2049 678 2098 sit

141 2116 210 2166 circa
232 2116 395 2181 penitentes.
413 2116 464 2166 Dei·
485 2118 675 2172 misericordia

142 2189 218 2240 Unde
240 2190 422 2239 Bernartius:
436 2208 449 2235 u
462 2190 490 2240 Ο·
504 2190 568 2241 felix
591 2194 678 2258 poeni-

140 2261 255 2312 tentium
286 2260 443 2311 humilitas!
467 2263 493 2312 Ο
516 2263 589 2315 huna
614 2281 676 2331 spen

139 2329 346 2380 confitentium!
374 2347 458 2396 quam
490 2332 568 2383 facile
588 2335 676 2386 vincis

139 2401 334 2464 invincibilem,
349 2402 497 2467 quamcito
516 2406 678 2456 trernebun-

138 2473 471 2525 dumludicemconvertis
480 2475 510 2524 in
519 2476 674 2541 piissimmn

142 2543 259 2592 Patrem!
275 2561 288 2589 n
305 2543 341 2593 Et
363 2543 463 2594 iterum
480 2561 487 2595 ς
506 2563 521 2591 a
535 2546 676 2612 Oqureet

139 2615 230 2678 qualis
252 2625 281 2664 et
300 2626 401 2680 quanta
424 2628 466 2666 est
493 2617 675 2670 misericordia

139 2687 206 2751 Dei,
230 2702 296 2752 qute-
321 2698 487 2752 peccatorem
514 2706 675 2742 conversum

139 2772 194 2806 non
215 2757 308 2806 minus
328 2757 428 2822 diligit,
443 2773 528 2823 quam
548 2776 611 2810 eum
626 2762 674 2827 qui

140 2827 243 2876 nullam
266 2826 367 2890 peccati
408 2828 539 2877 maculam
565 2839 674 2880 contra-

139 2899 195 2948 xit!
211 2917 225 2946 i
240 2899 296 2948 lraec
310 2900 482 2950 Beraatdue.

175 2986 207 3037 17
228 2973 398 3021 Rmrtmtrs
424 2989 458 3022 ar
481 2989 544 3024 inu
563 2991 680 3025 enricum·

139 3058 239 3093 uteru
256 3058 339 3092 eamn
361 3060 454 3094 uantur
470 3062 678 3098 intematum.

139 3113 249 3162 -Tres
277 3111 359 3177 igitur
382 3115 518 3179 parabole
546 3133 605 3168 uno
623 3116 675 3168 tine

140 3183 316 3241 clauduntur,
337 3184 374 3233 de.
395 3184 498 3249 quibus
516 3187 676 3238 Ambrosius

140 3257 181 3308 sic
200 3257 342 3324 loquitur:
357 3277 371 3304 α
385 3259 446 3308 Non
465 3260 677 3311 otiose-sauctus

141 3331 230 3381 Lucas
240 3345 275 3380 ex
293 3330 390 3380 ordine
401 3340 455 3381 tres
471 3333 609 3396 parabolas
623 3349 676 3398 po-

140 3405 194 3455 suit
208 3422 215 3454 ε
228 3405 287 3455 ovis
300 3420 360 3469 quta
375 3404 497 3470 perierat,
518 3416 545 3457 et
567 3406 676 3458 inventa

141 3485 196 3539 est;
213 3475 341 3526 drachma
360 3490 420 3540 quae
443 3475 566 3541 perierat,
581 3485 607 3526 et
631 3476 677 3528 in·-

141 3558 221 3597 venta
231 3558 287 3613 est;
296 3546 368 3597 iilius
379 3546 426 3612 qui
439 3556 640 3608 eratmortuus,
650 3559 679 3600 et

141 3619 239 3669 revixit
252 3638 259 3670 :
275 3631 305 3671 ut
322 3619 422 3686 triplici
435 3619 529 3670 medio
540 3622 675 3686 provocati

140 3690 251 3741 vulnera
273 3702 367 3742 nostra·
387 3706 524 3742 curemus,
550 3693 677 3757 Spatura

141 3763 217 3815 enim
230 3766 328 3831 triplex
343 3782 399 3816 non·
412 3775 608 3830 corrompetur.
621 3764 675 3824 Qui

141 3846 207 3888 sunt
212 3836 273 3888 isti?
282 3839 369 3901 Pater,
380 3848 479 3904 pastor,
490 3837 596 3888 nmlier.
605 3836 678 3886 Nom

141 3926 178 3962 ne
191 3911 274 3974 Deus,
290 3913 382 3965 Pater?
403 3912 546 3976 Christus,
558 3910 678 3964 Pastori

731 394 836 454 Mulier,
844 393 978 445 Ecclesia?
989 395 1115 445 Christus
1126 396 1191 446 rein
1207 413 1260 448 cor-

729 483 794 533 pore
807 483 860 517 uto
873 467 986 527 revehit,
1000 468 1048 533 qui
1060 477 1110 518 tua
1123 468 1151 517 in
1166 484 1197 519 se
1206 485 1261 536 pee-

729 550 786 589 cata
810 538 941 604 suscepit,¹
962 538 1059 604 quaerit
1080 540 1210 601 Ecclesia,
1224 556 1263 591 re·

729 612 795 677 cipit
819 612 914 676 Pater;
929 611 1005 677 quasi
1036 611 1130 662 Pastor
1148 613 1260 673 revehit,

729 682 806 749 quasi
829 682 928 733 mulier
946 683 1069 749 inquirit,
1084 685 1164 749 quasi
1186 685 1264 736 Pater

728 755 824 817 vestit;
840 755 927 819 prima
936 755 1129 814 misericordia,
1143 757 1262 806 secunda

728 825 895 892 suffragatio,
907 826 985 876 tertia
997 826 1191 878 reconciliatio.
1204 829 1261 878 Sin-

728 897 789 961 gula
806 896 923 961 singulis
937 897 1078 962 quadrant.
1098 897 1261 964 Redemptor

729 968 866 1028 subvenit,
880 969 960 1019 etiem
981 969 1152 1034 suffragetur,
1171 980 1263 1021 atteror

728 1041 923 1098 reconciliatur.
938 1043 1038 1093 Eadem
1058 1043 1158 1093 divinae
1173 1044 1267 1110 operis

729 1113 930 1172 misericordia,¹
943 1114 990 1164 sed
1003 1113 1109 1164 diversa
1119 1130 1168 1180 pro
1180 1114 1264 1165 meri-

728 1189 765 1238 tis
791 1187 890 1237 nostris
913 1187 1006 1251 gratia.
1032 1187 1136 1238 Oviaa
1158 1183 1266 1254 pastore

728 1263 799 1312 lassa
817 1271 965 1319 revocatur,
977 1261 1104 1311 drachma
1121 1277 1187 1326 qm*
1203 1276 1266 1326 per-

729 1335 795 1384 ierat
814 1331 959 1391 invenitur,
992 1333 1024 1381 ad
1058 1344 1162 1397 patrem
1192 1333 1265 1384 filius

730 1404 788 1454 suis
808 1402 934 1468 vestigiis
947 1402 1023 1462 redit,
1047 1413 1075 1452 et
1101 1403 1180 1468 plena
1196 1419 1264 1453 con-

730 1474 848 1525 demnati
859 1473 957 1523 erroris
969 1473 1122 1538 regreditur·
1130 1473 1265 1538 poeniten-

730 1547 778 1596 tia.
794 1546 868 1595 Oves
887 1559 996 1602 sumus,
1012 1559 1121 1592 oremus
1135 1553 1166 1593 ut
1183 1559 1264 1608 super

730 1633 827 1683 aquam
839 1614 1059 1665 reiectionis-nos
1069 1615 1203 1664 collocare
1217 1614 1263 1664 di·-

731 1697 848 1754 gnetur,
862 1700 937 1744 oves,
956 1685 1079 1750 inquam,
1092 1700 1198 1743 sumus,
1213 1699 1262 1750 pe-

731 1773 794 1809 scua
819 1766 955 1822 petamus3
990 1755 1117 1804 drachma
1146 1768 1265 1815 sumus,

731 1831 879 1880 habeamus
894 1826 1021 1892 pretium3
1042 1825 1092 1875 filii
1110 1841 1219 1885 sunnis,
1231 1826 1265 1876 ed

732 1903 838 1951 Patrem
862 1898 950 1949 redire
968 1896 1141 1957 festinemus-;
1158 1911 1210 1946 nec
1222 1910 1267 1946 ve·

731 1987 805 2023 reare
817 1986 852 2020 ne
866 1980 892 2019 te
906 1984 962 2018 non
983 1967 1101 2032 recipiat.
1113 1968 1174 2016 Non
1190 1967 1265 2017 enim

731 2046 875 2095 delectatur
884 2042 957 2090 Deus
970 2039 1118 2106 perditione
1130 2039 1264 2090 vivurtm.

730 2116 790 2166 Jam
814 2127 959 2163 ocurrrens
976 2110 1092 2160 venienti
1117 2109 1170 2160 tibi
1190 2110 1266 2160 earet

730 2201 810 2251 super
824 2184 925 2234 collum
937 2199 947 2231 ι
959 2181 1090 2232 Duabus
1109 2181 1198 2247 etigr!
1212 2181 1267 2232 eli·

730 2275 786 2311 ror.
813 2258 943 2308 Osculum
967 2254 1050 2317 dabit,
1065 2255 1140 2320 quod
1159 2265 1200 2304 est
1227 2254 1266 2320 pi·

731 2345 800 2397 gnus
828 2327 946 2389 amoris;
972 2326 1088 2383 stolam,
1112 2325 1265 2382 annulum,

730 2403 907 2452 calceamenta
939 2396 1051 2463 proferri
1084 2395 1197 2461 jubebit.
1220 2397 1266 2446 'l'n

730 2472 824 2522 adhue
834 2469 964 2534 injuriam
971 2466 1079 2525 metitis,
1092 2465 1137 2514 ille
1147 2465 1267 2516 restituit

730 2540 905 2610 dignitatem!
918 2541 960 2590 Tu
973 2537 1138 2604 supplicium
1152 2537 1265 2595 vereris,

730 2618 776 2668 ille
789 2615 913 2664 osculum
930 2609 1031 2660 deiertl
1053 2611 1096 2658 Tu
1114 2609 1266 2659 convitmn.

729 2690 825 2745 times,
864 2685 975 2734 adornat
1008 2681 1054 2731 ille
1089 2678 1267 2731 convivium!

729 2763 818 2813 Facile
830 2757 1025 2816 reconciliatur,
1042 2754 1152 2821 quando
1170 2754 1264 2804 inter.-

730 2849 758 2882 se
777 2839 906 2896 rogatur.
927 2827 993 2877 ldeo·
1013 2826 1168 2884 discamus,
1190 2822 1266 2891 qudi

731 2905 808 2953 Pater
829 2896 1012 2949 obsecratione
1034 2896 1071 2946 sit
1094 2895 1268 2945 ambiendus»

729 2975 828 3032 Pater,
855 2968 963 3034 inquit,
985 2982 1069 3032 quam
1091 2965 1267 3028 misericors,

729 3058 811 3109 quam
820 3040 894 3105 pius,
903 3039 952 3104 qui
959 3052 1008 3087 nec
1016 3036 1135 3086 offensus
1146 3036 1267 3101 patrium

730 3115 889 3179 dedignatur
913 3125 1014 3159 nomen
1039 3105 1149 3157 audire!
1169 3108 1267 3170 Pater,

730 3182 947 3252 inquitpeccavi
964 3181 994 3231 in
1015 3180 1110 3230 cetum
1130 3184 1156 3228 et
1172 3192 1265 3228 eoram

730 3265 765 3310 te.
790 3257 853 3307 Haec
873 3264 919 3305 est
932 3252 1019 3319 prima
1040 3249 1174 3301 confessio
1192 3248 1264 3314 apud

730 3339 868 3380 auctorem
886 3335 1002 3388 namrae3
1017 3323 1088 3388 apud
1115 3321 1202 3372 solem
1217 3319 1265 3368 mi-

731 3399 890 3458 sericordiae,
910 3395 1042 3446 arbitrum
1059 3393 1154 3457 culpre.
1172 3391 1268 3440 Sedet

731 3473 804 3522 Deus
827 3468 902 3519 novit
927 3465 1030 3524 omnia,
1056 3478 1150 3513 vocem
1174 3471 1268 3510 tamen

731 3553 785 3593 tuae
812 3537 988 3590 cwfessiouis
1029 3541 1187 3598 exspectat:
1210 3531 1266 3581 Ort

730 3613 800 3663 enim
813 3608 948 3674 consessio
955 3606 994 3672 fit
1008 3605 1046 3655 ad
1057 3604 1185 3654 salutem..
1195 3602 1266 3652 Con·

731 3682 805 3732 fitere
823 3678 916 3743 magis-
936 3687 967 3727 ut
993 3673 1152 3726 interveniat
1171 3687 1221 3737 pro
1238 3680 1266 3720 te

732 3750 867 3809 Christus,
876 3761 952 3814 quem
967 3747 1126 3797 avocatum
1138 3743 1269 3800 habeam

730 3823 805 3890 apud
821 3823 944 3882 Patren,
960 3829 1036 3885 roget
1057 3814 1189 3875 Ecclesia,
1204 3812 1266 3863 ilia·

731 3903 841 3962 crymet,
859 3892 990 3960 populum,
1018 3905 1070 3942 nec
1097 3901 1202 3941 vereare
1230 3898 1268 3935 ne
