2632 4320
98 323 134 373 44
400 307 573 359 SECUNDAE
591 306 716 357 PARTIS
731 307 848 358 CAPUT
865 307 909 357 VI.

99 424 165 490 quid
181 423 253 480 boni,
266 423 335 473 dixit
347 424 421 490 qnod
433 434 565 491 quantum
581 434 630 482 est,

98 513 131 549 ex
147 497 336 563 consequentia
349 513 442 548 eorum
459 515 520 565 quae
534 499 631 548 viden·

98 579 152 629 tur,
175 584 281 619 necesse
306 580 345 620 est
371 570 525 636 contingere
551 584 630 619 scan-

98 639 167 690 dala.
178 638 252 688 Sicut
267 638 289 688 si
303 638 424 690 medicus
435 639 529 690 videns
540 652 632 704 quem-

99 724 182 776 quam
210 711 279 761 male
304 710 382 761 diaeta
406 720 536 767 utentem,
561 708 631 757 dicat

98 797 206 832 necesse
219 792 260 832 est
274 782 346 832 hunc
365 792 499 849 aegrotare.
517 780 553 829 Et
571 779 631 830 ideo

99 853 235 902 inducenti
259 854 380 903 scandala
394 868 436 904 να»
450 852 524 911 dicit,
539 860 566 902 et
579 865 632 916 poe

100 938 163 973 nam
179 923 202 973 ei
217 923 407 974 comminatur.
423 944 436 971 n
453 923 505 974 Ubi
528 934 553 973 et
567 922 632 972 Hie·

98 1007 234 1060 rouymus
255 1011 264 1042 .·
287 1011 301 1038 u
324 994 393 1043 Cum
416 1008 523 1043 necesse
544 992 579 1042 sit
604 991 632 1040 in

98 1063 152 1115 isto
176 1064 278 1114 mundo
306 1063 364 1114 fieri
392 1064 523 1123 scandala,
544 1077 632 1112 unus-

98 1135 215 1202 quisque
236 1151 286 1186 suo
307 1133 373 1185 vitio
394 1133 523 1184 scandalis
544 1142 630 1198 patet;

86 1207 236 1273 simulque
246 1223 293 1273 per
307 1209 456 1273 generalem
469 1206 631 1256 sententiam

99 1279 246 1342 percutitur
276 1278 376 1336 iudas,
408 1275 456 1342 qui
484 1275 631 1340 proditioni

98 1349 222 1398 animum
238 1358 429 1414 praeparaverat
444 1363 451 1396 ς
465 1367 479 1393 n
494 1347 550 1397 haec
561 1347 631 1397 Hie-

100 1422 242 1486 ronymus.
263 1419 295 1468 Et
318 1417 341 1468 si
362 1417 508 1483 aliquando
530 1416 632 1466 utiliter

100 1491 255 1540 scandalum
283 1489 346 1555 quis
373 1487 469 1549 faciat,
501 1504 556 1537 non
584 1496 631 1537 ta-

101 1576 164 1611 men
182 1560 344 1625 judicabitur
365 1575 378 1609 a
401 1561 457 1609 Deo
481 1558 631 1609 secundum

100 1632 245 1682 utilitatem
266 1647 326 1699 quae
343 1631 407 1682 inde
430 1630 563 1697 provenit;
586 1631 632 1680 sed

100 1704 249 1754 secundum
277 1704 379 1755 exitum
406 1718 489 1769 quem
515 1702 633 1752 scanda-

100 1775 185 1826 lizans
219 1776 343 1827 intendit.
373 1776 448 1825 Bona
480 1774 531 1824 fuit
563 1789 632 1823 cru·

101 1845 191 1896 cifixio
221 1846 338 1906 Christi,
369 1861 424 1895 non
448 1855 535 1894 tamen
565 1843 633 1893 bene

99 1917 221 1969 fecerunt
255 1919 303 1983 qui
340 1933 403 1968 eum
433 1915 631 1966 crucifixerunt.

96 1990 208 2055 Semper
221 1991 319 2055 judicat
332 1992 405 2040 Deus
417 2004 486 2053 opus
497 2003 529 2038 ex
540 1988 633 2053 nequi-

95 2063 133 2114 tia
147 2063 323 2129 peccantium,
337 2079 392 2112 non
404 2077 436 2110 ex
450 2071 546 2110 eventu
562 2077 633 2110 com-

95 2138 240 2187 modorum
254 2137 317 2187 inde
334 2134 560 2200 provenientium,
572 2150 632 2199 quae

96 2207 155 2273 ipse
177 2209 251 2258 solus
284 2207 346 2257 facit
378 2215 404 2255 et
435 2204 539 2254 utiliter
568 2205 632 2254 dis-

95 2279 179 2345 ponit.
201 2279 236 2330 Ut
260 2288 349 2329 autem
370 2276 437 2326 dicit
462 2277 632 2345 Chrysosto-

95 2367 175 2402 mus.-
191 2369 204 2396 n
222 2352 270 2400 Per
287 2349 492 2400 scandalizantis
514 2365 631 2415 poenam,

97 2422 220 2472 bravium
256 2420 384 2472 salvantis
418 2421 533 2471 addisce.
573 2420 631 2470 Nisi

97 2493 169 2544 enim
192 2495 272 2544 unius
287 2493 386 2544 animae
408 2494 482 2544 salus
510 2493 562 2543 sibi
587 2493 633 2541 ni-

95 2565 182 2616 mium
198 2583 267 2619 curae
283 2578 360 2627 esset,
376 2584 430 2618 non
448 2568 631 2618 comminare-

94 2648 140 2688 tur
169 2640 411 2690 scandalizantibus
442 2650 545 2690 tantam
572 2656 631 2705 poe-

95 2725 167 2760 nam.
184 2729 198 2755 n
215 2711 246 2760 Et
256 2713 362 2772 merito,
380 2727 421 2762 vce
432 2713 482 2773 illi,
493 2728 542 2777 per
554 2727 630 2778 quem

95 2781 254 2830 scandalum
275 2783 353 2843 venit,
369 2782 434 2848 quia
448 2783 521 2832 viam
543 2783 575 2832 ad
590 2798 630 2832 vae

95 2851 156 2903 aliis
171 2853 315 2918 praestruit.
336 2854 410 2904 Sicut
425 2854 498 2904 enim
518 2853 565 2919 qui
585 2854 631 2903 in-

95 2923 224 2974 toxicaret
246 2923 359 2984 fontem,
379 2940 458 2975 causa
471 2934 541 2975 esset
555 2940 631 2974 mor-

95 2994 131 3044 tis
154 2994 277 3045 omnium
296 2996 449 3060 potantium
466 3006 491 3046 et
511 2995 632 3046 morien-

96 3064 166 3115 tium
182 3067 214 3116 de
234 3081 280 3129 e0;
298 3066 336 3116 sic
350 3076 390 3116 est
404 3077 430 3116 et
446 3067 479 3116 de
498 3066 631 3116 scandalo.

96 3137 305 3203 Dehujusmodi
320 3139 358 3189 sic
372 3139 437 3189 dicit
454 3139 607 3205 Gregorius
622 3156 631 3189 .·

97 3209 374 3274 «Quantumcunque
395 3211 549 3274 exemplum
570 3224 630 3259 ma-

97 3278 130 3328 1ae
147 3279 368 3342 conversationis,
387 3279 493 3329 etiamsi
509 3277 554 3328 -illi
576 3294 629 3328 non

97 3361 253 3415 sequantur,
275 3349 338 3415 quis
361 3349 514 3414 praebuerit,
532 3364 560 3398 se
582 3364 630 3414 pro

96 3422 180 3473 tantis
210 3422 340 3472 rationem
377 3421 481 3472 noverit
509 3419 630 3470 redditu-

96 3505 167 3544 rum.
185 3513 199 3540 n
214 3494 291 3545 Unde
305 3503 331 3543 et
349 3492 584 3558 Chrysostomus:
601 3490 628 3539 Si

95 3561 138 3611 vir
151 3574 197 3614 aut
211 3563 309 3614 mulier
322 3579 350 3614 se
364 3562 507 3619 ornaverit,
525 3572 551 3611 et
568 3562 629 3610 vul-

94 3642 139 3681 tus
155 3634 332 3698 spectantium
346 3634 379 3685 ad
394 3649 423 3684 se
438 3631 628 3699 provocaverit,

96 3704 146 3754 etsi
173 3707 278 3757 nullum
302 3707 364 3758 inde
388 3706 527 3772 proveniat
548 3706 628 3754 dam-

96 3791 173 3835 num,
194 3778 325 3840 judicium
351 3789 440 3828 tamen
463 3776 579 3842 patietur
600 3775 628 3824 in

96 3856 242 3910 aeternum3
267 3849 332 3914 quia
360 3863 495 3900 venenum
521 3846 628 3905 obtulit,

96 3917 145 3969 etsi
165 3933 219 3966 non
240 3917 293 3967 fuit
313 3919 361 3983 qui
381 3918 492 3978 biberet,
508 3916 629 3982 pulchri-

686 424 751 473 tudo
772 418 846 474 enim
864 438 998 473 venenum
1013 422 1156 473 animabus
1170 424 1217 472 in-

684 495 783 546 fundit.
801 498 934 562 Magnum
949 511 1011 562 ergo
1027 506 1163 561 peccatum
1177 506 1218 547 est

684 567 852 627 scandalum,
870 577 896 617 et
910 567 970 617 ideo
988 582 1161 632 summopere
1176 577 1218 618 est

683 636 837 687 cavendum.
852 637 929 687 Unde
938 637 1125 702 Augustinus:
1134 654 1147 682 a
1157 638 1217 688 Ma-

685 709 726 774 gis
741 719 847 773 peccant
867 709 915 775 qui
939 710 1042 760 animas
1055 711 1088 758 ad
1103 725 1218 775 peccan-

688 780 753 828 dum
775 779 952 840 inflammant,
974 790 1000 830 et
1029 780 1085 830 Deo
1110 780 1218 831 subtra-

687 851 765 912 hunt,
791 866 884 917 quam
901 851 948 918 qui
976 866 1084 902 carnem
1115 850 1241 903 Christi·

685 922 882 974 crucifixerunt.
897 943 911 972 n
927 925 1004 975 Unde
1024 935 1050 975 et
1069 925 1216 975 Isidorus:

688 1012 702 1039 (ι
717 995 866 1045 Deteriores
886 1005 948 1045 sunt
967 995 1015 1061 qui
1036 995 1093 1046 sive
1113 994 1218 1046 doctri·

686 1065 739 1124 nis,
758 1065 813 1115 sive
826 1066 964 1131 exemplis,
976 1066 1061 1117 vitam
1074 1081 1218 1133 moresque

684 1136 817 1186 bonorum
832 1148 1018 1203 corrumpunt,
1033 1138 1077 1187 his
1093 1137 1141 1203 qui
1157 1137 1219 1187 sub-

683 1208 796 1258 stantias
822 1208 938 1259 aliorum
966 1210 1119 1277 praediaque
1149 1207 1217 1259 diri-

684 1278 801 1345 pium.»

717 1350 730 1400 3
750 1352 909 1401 &anulum
930 1368 1056 1402 rass1vuu
1078 1367 1159 1402 aaran
1173 1367 1218 1402 vr-

686 1436 796 1471 ·rnnnuu
811 1438 867 1472 asr.
880 1422 1025 1472 -Deinde
1039 1422 1104 1488 quia
1114 1421 1170 1487 egit
1183 1422 1217 1472 de

686 1492 811 1543 scandalo
825 1492 910 1543 activo
926 1494 999 1558 quod
1015 1492 1139 1551 facimus,
1158 1507 1218 1558 pro-

685 1563 783 1614 hibens
793 1579 826 1614 ne
839 1563 1049 1614 scandalizemus
1064 1563 1215 1626 credentes;

685 1652 756 1686 nunc
769 1636 825 1702 agit
837 1637 871 1686 de
884 1636 1009 1687 scandalo
1024 1635 1129 1702 passivo
1142 1635 1217 1702 quod

684 1707 810 1772 patimur,
821 1722 935 1757 monens
948 1716 977 1756 ut
991 1721 1131 1756 caveamus
1145 1720 1219 1756 scan-

685 1777 838 1837 dalizantes,
859 1777 924 1842 quia
945 1793 1015 1844 saepe
1029 1777 1097 1827 nihil
1111 1777 1153 1827 vel
1168 1792 1218 1842 pa-

685 1867 746 1900 rum
769 1850 849 1901 distat
869 1851 896 1900 in
915 1850 981 1901 vitio
1002 1850 1179 1901 scandalizare
1192 1859 1219 1901 et

685 1921 785 1980 fallere,
799 1923 841 1972 vel
856 1921 1027 1972 scandalizari
1044 1930 1070 1971 et
1084 1920 1151 1971 falli.
1165 1920 1219 1972 Ca·

685 1993 802 2042 vendum
816 2002 858 2042 est
871 1992 962 2057 igitur,
977 2007 1010 2041 ne
1028 1991 1091 2057 quis
1105 1991 1219 2041 scanda-

687 2063 781 2114 lizetur
796 2064 829 2112 ab
844 2064 907 2124 alio,
927 2063 969 2113 vel
990 2078 1005 2113 a
1026 2063 1123 2128 seips0.
1139 2061 1219 2112 Alius

686 2147 775 2186 autem
806 2145 894 2201 potest
925 2134 1043 2200 praebere
1076 2133 1218 2184 materiam

685 2205 803 2255 scandali
818 2205 958 2272 tripliciter
973 2223 979 2255 ι
995 2215 1040 2255 aut
1054 2220 1100 2270 per
1116 2204 1219 2269 adjuto

684 2279 765 2342 rium,
780 2279 854 2345 quod
876 2277 998 2344 signatur
1020 2292 1217 2343 permanant,

685 2361 730 2401 aut
743 2366 793 2416 per
800 2349 949 2411 servitium,
962 2349 1035 2415 quod
1047 2363 1093 2413 per
1104 2348 1217 2414 pedem;

686 2433 731 2473 aut
749 2438 796 2488 per
812 2421 965 2481 consilium,
987 2421 1059 2487 quod
1086 2435 1132 2485 per
1155 2435 1220 2470 ocu-

684 2495 750 2544 lum.
771 2494 924 2544 Secundum
942 2508 1005 2542 vero
1024 2491 1096 2556 quod
1118 2490 1220 2558 aliquis

687 2565 787 2630 praebet
801 2562 852 2614 sibi
872 2562 1009 2613 materiam
1030 2561 1158 2620 scandali,
1175 2575 1221 2626 po

684 2647 736 2687 test
751 2652 808 2687 esse
827 2652 835 2686 c
855 2636 897 2685 vel
923 2649 969 2699 per
992 2632 1124 2684 actionem
1150 2648 1219 2698 pro·

687 2707 782 2772 priam,
804 2721 864 2771 quae
886 2721 933 2770 per
952 2720 1078 2766 manum;
1102 2703 1145 2753 vel
1171 2718 1219 2770 per

686 2780 820 2841 effectum,
841 2778 888 2844 qui
912 2793 959 2844 per
978 2778 1088 2843 pedem;
1106 2776 1150 2826 vel
1171 2790 1219 2842 per

684 2852 878 2918 cognitionem,
893 2867 953 2917 quae
966 2867 1012 2916 per
1025 2852 1135 2901 oculum
1149 2848 1216 2901 desi·

688 2933 795 2988 gnatur.
809 2923 850 2971 Ad
871 2921 1031 2988 fugiendum
1045 2936 1108 2987 ergo
1122 2935 1218 2987 pecca-

687 3004 746 3043 tum
767 2993 893 3053 scandali,
909 2993 1011 3043 inducit
1031 2991 1217 3057 metaphoram

686 3065 880 3124 membrorum,
897 3073 922 3114 et
936 3064 1023 3130 arguit
1038 3078 1044 3112 :
1061 3063 1089 3112 in
1109 3073 1217 3112 tantum

683 3152 762 3202 grave
772 3145 812 3185 est
822 3144 957 3200 peccatum
968 3133 1216 3193 scandalizantium,

684 3207 757 3272 quod
786 3206 808 3256 si
832 3205 910 3254 nobis
936 3214 999 3254 sunt
1021 3204 1158 3268 coniuncti
1186 3216 1217 3254 ut

682 3288 826 3344 praeoptata
841 3286 867 3326 et
880 3275 1016 3327 carissima
1026 3275 1148 3326 membra
1161 3291 1218 3326 cor·

682 3348 750 3414 pori,
773 3348 866 3413 sicque
895 3346 950 3396 sint
971 3347 1049 3395 nobis
1073 3346 1215 3396 necessarii

682 3430 713 3468 ut
736 3433 837 3468 manus
864 3427 889 3467 et
920 3432 966 3481 pes
991 3417 1032 3466 vel
1057 3425 1087 3466 ut
1108 3417 1215 3478 oculus,

682 3492 754 3556 quod
781 3488 837 3555 ipsi
859 3489 905 3554 qui
926 3487 964 3538 sic
984 3487 1167 3537 scandalizant
1189 3496 1216 3538 et

681 3561 872 3611 offendiculum
887 3560 948 3611 vitae
967 3569 1080 3625 ponunt,
1100 3559 1214 3609 omnino

682 3633 762 3683 nobis
775 3631 945 3698 relinquendi
960 3642 986 3681 ct
1003 3629 1123 3696 fugiendi
1139 3639 1214 3680 sunt.

681 3703 752 3753 Dicit
771 3717 856 3768 ergo:
876 3702 911 3753 Si
930 3708 1018 3752 aulem
1039 3716 1135 3751 manus
1157 3708 1212 3763 tua,

682 3774 708 3822 id
724 3782 765 3823 est
781 3773 959 3836 adjutortuus
971 3783 1217 3840 quantumcunque

681 3844 730 3894 tibi
746 3843 831 3903 utilis,
845 3844 892 3910 qui
907 3844 956 3894 tibi
973 3859 1084 3910 operose
1104 3853 1135 3893 ut
1154 3858 1216 3894 ma·

683 3931 735 3966 nus
747 3915 891 3977 ministrat,
903 3931 933 3966 ac
948 3931 996 3981 pro
1009 3926 1035 3966 te
1048 3924 1174 3981 operatur
1188 3927 1217 3966 et
