2632 4320
205 255 252 308 DE
268 255 416 309 ORANDO
433 255 480 306 ET
493 246 749 304 EXSPECTANDO
766 245 973 306 ADVENTUM,
989 245 1067 298 ETC.
1141 244 1193 313 317

72 375 153 426 Verte
167 373 264 439 impios
278 378 304 424 et
324 386 376 423 non
394 375 479 434 erunt,
499 367 600 419 scilicet

64 443 164 509 impii;
185 445 236 504 vel,
259 443 332 509 quod
355 441 453 492 amissa
470 446 600 506 potestate

61 529 146 581 quam
159 529 236 564 nunc
252 514 361 571 habent,
377 512 501 564 desinant
515 511 600 576 justos

64 584 191 651 persequi
201 601 210 650 3
224 585 276 644 vel,
287 585 350 650 quia
372 584 405 634 ad
418 582 504 632 bonos
515 579 600 647 perti·

63 666 110 707 net
129 655 201 706 bona
221 655 371 721 spiritualia
388 663 414 704 et
432 663 530 705 aeterne
543 651 599 702 suis

64 725 283 792 persecutoribus
298 735 397 791 optare,
413 735 439 775 et
454 725 505 775 hoc
518 722 599 772 modo

64 797 171 863 pro=eis
185 811 270 848 orare.
285 797 338 846 Sed
354 796 419 864 quia
433 809 519 862 poenae
529 802 600 843 tem-

61 867 169 933 porales
187 875 251 917 sunt
268 867 391 932 quaedam
407 865 554 923 medicinae,
572 870 598 913 et

62 937 153 987 valent
175 937 208 987 ad
236 936 453 986 emendationem
478 935 550 994 vitae,
574 943 600 983 et

64 1007 97 1056 ad
127 1007 334 1057 declarationem
360 1006 459 1056 divinae
481 1007 598 1068 justitiae,

64 1079 126 1130 ideo
135 1080 168 1130 ad
182 1081 293 1130 Sanctos
310 1080 377 1130 bene
396 1080 510 1146 pertinet
524 1092 599 1145 pete-

64 1167 93 1203 re
110 1167 127 1204 a
143 1153 200 1204 Deo
218 1153 268 1202 hoc
286 1153 367 1203 modo
390 1153 538 1204 vindictam
566 1155 598 1204 de

64 1223 122 1274 suis
139 1224 365 1290 persecutoribus,
389 1241 444 1275 non
463 1239 496 1275 ex
521 1234 598 1275 motu

64 1295 122 1356 irae,
150 1295 197 1346 sed
224 1311 257 1346 ex
281 1295 338 1345 zelo
359 1296 485 1360 justitiae;
509 1306 535 1347 et
557 1295 596 1346 sic

63 1383 120 1419 non
141 1377 181 1419 est
193 1377 287 1419 contra
302 1368 368 1418 illud
384 1368 457 1434 quod
476 1367 593 1419 dicitur:

64 1438 150 1489 Orate
160 1453 214 1504 pro
229 1439 454 1504 persequentibus
468 1453 525 1500 vos,
547 1448 595 1488 etc.

94 1507 288 1560 3Nacnss1rns
308 1525 380 1559 Fmet
401 1525 435 1558 nn
458 1524 594 1559 ontuuurt.

63 1607 93 1618 -
104 1579 209 1631 Deinde
228 1589 288 1645 post
306 1580 467 1640 orationem,
482 1580 596 1645 subjun-

64 1651 103 1717 git
138 1648 273 1700 Dominus
300 1650 334 1701 de
361 1650 414 1701 fide
444 1650 595 1716 interroga-

60 1721 174 1784 tionem,
192 1719 306 1770 diceus:
328 1722 512 1772 Verumtamen
536 1735 595 1771 cum

60 1790 259 1842 veneritFt'lius
272 1791 396 1855 hominis
406 1791 507 1842 scilicet
521 1788 598 1841 Chri·

60 1871 128 1922 stus,
142 1860 329 1926 adjudicium,
343 1868 424 1928 putas
438 1861 553 1913 inveniet
561 1861 597 1928 fi-

60 1933 118 1984 dem
140 1933 168 1984 in
189 1932 291 1982 terra?
308 1933 391 1992 Quasi
417 1933 456 1984 eis
475 1933 595 1986 diceret:

61 2003 159 2054 Parum
168 2001 295 2063 inveniet,
307 2004 453 2069 respective
462 2004 596 2071 loquendo

59 2073 155 2125 deiide
167 2073 281 2123 formata
295 2074 411 2125 caritate.
423 2075 463 2125 De
474 2073 526 2125 fide
536 2086 597 2141 post

61 2146 214 2198 orationem
235 2145 392 2212 interrogat,
410 2146 475 2212 quia
495 2147 518 2198 si
530 2148 596 2199 fides

58 2215 156 2278 deficit,
172 2217 260 2271 oratio
272 2217 351 2283 perit.
370 2218 509 2278 Quomodo
521 2219 595 2270 enim

62 2289 231 2352 invocabunt,
256 2289 283 2340 in
305 2305 382 2356 quem
404 2305 456 2341 non
472 2292 596 2342 credide-

59 2359 147 2410 runt?
164 2361 235 2426 Ergo
244 2369 280 2410 .ut
301 2376 419 2421 oremus,
440 2361 593 2424 credamus3

58 2441 83 2482 et
102 2441 135 2482 ut
160 2431 219 2497 ipsa
243 2431 309 2483 fides
331 2449 384 2499 qua
407 2449 517 2484 oramus
538 2450 594 2484 non

57 2501 174 2562 deficiat,
184 2518 303 2554 oremus.
322 2504 400 2563 Quod
413 2511 502 2554 autern
518 2519 594 2569 quae·

60 2572 97 2623 rit
112 2573 250 2625 Dominus
263 2590 298 2624 an
315 2575 344 2623 in
359 2574 475 2624 adventu
490 2588 539 2623 suo
556 2573 596 2623 in·

58 2642 151 2694 veniat
169 2643 261 2701 fidem,
282 2660 337 2694 non
357 2642 420 2694 facit
434 2643 593 2704 dubitando,

57 2712 124 2780 quia
142 2714 236 2765 omnia
256 2714 345 2778 novit;
362 2715 409 2764 sed
430 2713 529 2781 quaerit
549 2730 594 2764 ar-

57 2800 146 2851 guens
157 2795 184 2837 et
201 2786 343 2852 increpans
356 2785 508 2838 infidelium
520 2787 594 2837 mul-

58 2855 218 2919 titudinem,
250 2858 315 2924 quia
341 2858 389 2909 in·
408 2861 523 2910 adventu
544 2875 594 2911 suo

57 2928 162 2978 multos
177 2928 211 2978 ab
227 2927 396 2980 Antichristo
409 2930 534 2980 seductos
549 2945 594 2980 re-

57 2997 145 3065 periet
173 3012 189 3049 a
215 2999 268 3049 fide
297 3000 441 3060 corruisse,
473 3010 594 3064 respectu

55 3082 178 3190 guarum
208 3084 307 3135 paucos
333 3070 451 3121 inveniet
480 3070 510 3120 in
533 3086 594 3121 vera

74 3139 121 3190 dei
145 3139 316 3191 consessione
336 3141 493 3207 perstitisse.
514 3142 593 3191 Tunc

55 3207 142 3270 euim,
159 3209 309 3259 secundum
326 3210 437 3273 Bedam,
457 3219 529 3261 tanta
543 3210 595 3261 erit

58 3280 157 3331 raritas
174 3281 331 3342 electorum,
357 3292 462 3332 utnon
483 3292 538 3334 tam
559 3283 594 3333 ob

56 3350 206 3402 clamorem
218 3351 378 3414 infidelium,
390 3368 471 3419 quam
488 3355 523 3404 ob
535 3360 594 3404 tor-

55 3439 153 3491 porem
176 3425 292 3475 aliorum
315 3425 400 3481 totius
422 3426 475 3491 jam
497 3427 593 3478 mundi

56 3494 92 3545 sit
128 3494 299 3546 acceleranda
332 3495 410 3546 ruina
432 3513 438 3546 :
461 3497 593 3558 Quoniam

57 3564 134 3616 enim
154 3565 301 3617 abundabit
318 3567 456 3633 iniquitas,
471 3567 594 3634 refrige-

58 3642 116 3687 scet
130 3644 156 3686 et
169 3634 274 3687 deficiet
287 3638 390 3688 caritas
404 3638 555 3690 multorum.

86 3722 107 3773 4
118 3707 242 3758 Turrrax
250 3708 349 3760 Dounu
358 3725 504 3762 novamus.
520 3713 594 3762 -Et

54 3778 122 3844 quia
144 3779 321 3845 premunivit
348 3781 481 3833 Dominus
502 3781 594 3834 fideles

39 3861 151 3905 ¹contra
164 3852 309 3906 adventum
322 3855 480 3909 Antichristi
495 3867 521 3910 et
535 3873 594 3908 suo-

654 379 716 414 rum
735 361 1052 428 pseudoprophetarum,
1066 375 1096 410 ac
1114 362 1195 413 insu·

654 452 702 496 per
725 435 833 486 monuit
857 450 905 486 eos
934 450 1014 485 orare
1035 449 1142 500 semper
1159 434 1193 486 in

653 509 734 561 tantis
754 508 843 570 malis,
865 509 898 558 ad
919 508 1131 574 exspectandum
1149 508 1192 559 ad-

651 592 763 634 ventum
781 597 871 640 suum,
888 597 960 632 nunc
975 583 1129 631 consolatur
1140 596 1187 632 eos

653 669 701 719 per
725 669 804 704 suum
829 652 1015 718 propinquum
1036 653 1190 703 adventum.

654 725 706 776 Ubi
734 724 886 781 sciendum,
911 728 984 790 quod
1010 740 1072 774 cum
1093 723 1191 789 triplex

652 796 687 846 sit
709 796 839 847 adventus
862 794 911 845 Dei
927 795 1072 845 Salvatoris
1094 792 1190 855 nostri,

652 865 797 917 videlicet:
814 866 841 916 in
875 880 992 925 carnem,
1018 864 1047 913 in
1072 873 1191 914 mentem

652 946 678 987 et
702 937 732 987 in
754 936 904 1002 judicium3
931 935 1012 1001 primi
1046 934 1101 984 duo
1126 944 1191 985 sunt

652 1006 763 1067 amoris,
778 1005 876 1057 tertius
887 1016 927 1056 est
938 1004 1046 1055 timoris
1056 1020 1063 1069 3
1079 1004 1190 1054 tertium

652 1078 820 1128 celebramus
855 1087 964 1143 propter
998 1076 1128 1142 primum,
1164 1085 1191 1125 et

652 1149 771 1216 primum
793 1161 901 1217 propter
925 1149 1055 1199 medium.
1077 1149 1116 1198 De
1139 1148 1189 1198 ad-

649 1230 732 1270 ventu
743 1219 820 1270 'enim
840 1221 873 1272 ad
888 1219 1018 1285 judicium
1039 1218 1144 1269 mentio
1158 1217 1189 1268 fit

650 1292 703 1342 isto
727 1301 849 1358 tempore
874 1293 902 1343 in
917 1290 1015 1351 officio,
1037 1301 1067 1340 ut
1090 1290 1188 1341 timore

651 1361 732 1414 nobis
749 1363 873 1413 immisso
892 1362 924 1412 ad
942 1361 1126 1412 venerandam
1141 1360 1186 1410 fu-

649 1443 739 1484 turam
760 1433 931 1484 festivitatem
955 1431 1057 1482 Natalis
1073 1430 1184 1481 Domini

648 1504 677 1556 in
692 1521 800 1556 carnem
822 1521 873 1556 nos
887 1505 1031 1556 sollicitius
1050 1518 1188 1570 praepare-

649 1594 719 1629 mus.
741 1579 780 1628 De
802 1579 917 1629 adventu
941 1577 968 1627 in
991 1593 1100 1626 carnem
1124 1577 1186 1627 ideo

647 1649 714 1700 festa
741 1649 897 1710 recolimus,
926 1658 1059 1714 quatenus
1080 1662 1128 1712 per
1155 1661 1186 1697 ea

647 1722 767 1772 Verbum
792 1731 923 1771 aeternum
943 1719 1095 1770 mentaliter
1116 1734 1185 1768 con-

648 1793 737 1854 cipere
752 1807 913 1855 mereamur,
928 1793 994 1843 dum
1009 1793 1067 1858 ipsa
1085 1800 1185 1842 menta·

647 1865 682 1914 lis
693 1864 832 1930 conceptio
847 1874 888 1914 est
898 1865 1016 1913 maxima
1026 1861 1110 1928 gratia
1122 1877 1186 1910 om-

648 1935 725 1987 nium
748 1935 885 1987 donorum
907 1951 967 2001 quae
990 1934 1017 1983 in
1041 1933 1091 1983 hac
1120 1933 1184 1993 vita,

649 2007 798 2057 secundum
819 2008 906 2073 legem
922 2020 1105 2065 communem,
1121 2003 1184 2054 ani-

649 2093 700 2129 mae
717 2078 818 2129 derotae
838 2077 1017 2144 pergratiam
1039 2075 1185 2127 conserun-

648 2158 701 2200 tur.
725 2149 803 2200 Unde
823 2149 888 2199 dicit
907 2147 1087 2215 Augustinus,
1110 2147 1184 2211 quod

648 2219 752 2270 beatior
761 2219 814 2270 fuit
824 2219 908 2270 Maria
918 2217 1094 2284 concipiendo
1105 2215 1184 2268 Chri·

648 2303 721 2345 stum
744 2304 843 2352 mente,
859 2308 940 2360 quam
958 2307 1046 2342 carne.
1061 2292 1097 2341 Et
1117 2288 1182 2356 quia

647 2364 712 2415 dicit
727 2365 798 2415 idem
813 2365 993 2426 Augustinus,
1009 2365 1081 2429 quod
1094 2362 1180 2412 timo-

646 2437 684 2488 ris
710 2449 750 2488 est
770 2452 917 2504 praeparare
940 2439 1040 2495 locum,
1061 2445 1086 2486 et
1108 2435 1181 2500 quod

646 2507 792 2558 introducit
812 2507 947 2557 caritatem
969 2506 1039 2556 sicut
1061 2505 1124 2555 foeta
1144 2505 1180 2554 fi-

646 2577 724 2636 lium,
746 2577 806 2626 ideo
832 2575 950 2626 Ecclesia
975 2576 1111 2625 celebrans
1130 2575 1180 2625 ad-

646 2656 757 2698 ventum
769 2645 880 2696 Domini
901 2645 930 2696 in
948 2661 1064 2704 carnem,
1082 2645 1181 2711 pariter

647 2717 717 2767 etin
734 2727 863 2776 mentem,
890 2716 938 2782 qui
962 2727 1025 2766 sunt
1049 2717 1179 2765 adventus

647 2789 756 2850 amoris,
779 2787 861 2839 simul
883 2788 1048 2838 mentionem
1067 2786 1129 2837 facit
1150 2786 1178 2837 in

647 2858 736 2910 officio
751 2859 784 2908 de
796 2859 912 2909 adventu
923 2858 979 2923 ejus
990 2858 1024 2908 ad
1039 2857 1179 2923 iudicium,

646 2933 694 2998 qui
711 2942 751 2983 est
769 2932 900 2983 adventus
916 2931 1034 2991 timoris,
1057 2942 1087 2981 ut
1103 2931 1181 2982 vide-

646 3005 710 3054 licet
724 3019 772 3069 per
794 3003 920 3053 timorem
942 3002 1136 3064 introducatur,
1151 3017 1181 3053 ac

647 3093 695 3143 per
719 3077 771 3127 hoc
787 3091 838 3127 nos
854 3092 1011 3127 moveamur
1024 3077 1057 3126 ad
1072 3091 1180 3127 amoro-

647 3163 704 3198 sam
720 3146 805 3198 nostri
823 3146 935 3212 hospitii
948 3147 1179 3214 praeparationem,

647 3229 780 3284 quatenus
798 3218 888 3268 Verbo
909 3226 1009 3268 aeterno
1027 3215 1179 3267 mentaliter

646 3289 675 3339 in
700 3287 780 3339 nobis
811 3297 946 3354 concept0,
970 3287 1091 3338 dicamus
1117 3299 1178 3334 cum

648 3361 800 3428 Propheta:
816 3362 840 3411 Α
861 3361 958 3410 timore
978 3370 1034 3419 tuo,
1052 3357 1178 3418 Domine,

646 3431 821 3497 concepimus
841 3431 968 3496 spiritum
983 3428 1085 3480 salutis.
1103 3427 1180 3478 Con-

647 3503 749 3553 solatur
765 3518 828 3567 ergo
849 3516 895 3551 eos
915 3499 1049 3551 Dominus
1070 3498 1103 3548 de
1129 3511 1179 3547 suo

646 3574 761 3623 adventu
800 3570 962 3636 propinquo,
993 3567 1057 3634 quia
1085 3567 1178 3617 statim

646 3659 703 3693 non
718 3640 882 3698 immediate,
902 3638 948 3689 sed
963 3653 1044 3704 parvo
1058 3646 1180 3702 tempore

645 3713 736 3779 elapso
766 3720 827 3778 post
861 3708 1062 3758 tribulationem
1097 3706 1179 3757 Anti·

646 3783 742 3835 christi
757 3792 783 3833 et
796 3780 1102 3848 pseudoprophetarum,
1117 3791 1179 3845 quae

645 3856 751 3909 durabit
764 3870 811 3920 per
825 3863 879 3905 tres
892 3868 977 3904 annos
990 3867 1052 3903 cum
1064 3849 1179 3902 dlmidio
