2632 4320
150 268 201 320 192

180 371 283 420 Panem
295 367 451 430 succiditur,
467 366 607 431 vinumque
620 363 686 414 toni-
702 392 705 399 ·

487 435 571 500 [truta
586 440 705 507 vesum}

185 512 289 573 linea,
314 510 480 577 pauperibus
503 509 552 559 sed
579 509 704 576 confeitg

414 579 519 646 [musca
534 579 683 630 scutellam.
700 580 705 611 ·“

446 248 624 299 SECUNDAE
640 238 905 298 PARTIS'CAPUT
918 250 1001 301 XXV.

737 362 839 414 debant
853 367 927 431 quod
948 344 1011 419 dare
1024 368 1190 437 pauperibus
1202 381 1273 423 esset

735 433 825 499 magis
847 435 961 488 bonum.
984 439 1067 491 ludas
1094 454 1159 491 vero
1182 452 1272 493 monis

736 507 892 572 cupiditate,
908 521 1019 577 propter
1025 513 1103 564 lucra
1111 528 1169 574 sua,
1180 529 1273 581 quam

735 577 778 628 vis
790 577 871 629 etiam
886 582 1090 648 sub-praetcxtu,
1104 584 1132 634 id
1146 586 1272 637 estvela-

701 674 704 691 =
735 660 830 700 mento
843 665 891 701 sen
907 653 995 719 specie
1014 653 1123 719 pietatis
1140 655 1271 723 indigna-

150 731 266 781 Poterat
279 727 348 778 enim
366 731 530 792 unguentum
549 723 623 774 istud
634 737 684 774 ve·
701 712 704 723 '

149 799 278 852 turmdari
294 798 438 863 plusquam
460 795 587 846 amenus
600 795 684 844 detto·

145 871 211 922 riis.
226 871 255 920 ln
269 871 322 920 hoc
334 869 488 919 insinuatur
497 867 603 917 occasio
615 881 685 916 ven-

150 943 265 994 ditionis
287 940 390 992 Christi
413 940 447 989 ab
468 939 528 1004 ipso
551 939 620 989 luda
634 944 705 1005 pro*

149 1014 261 1081 triginta
282 1011 398 1063 denariis
413 1010 528 1073 venditi,
551 1027 625 1071 narn,
642 1026 687 1061 se-

151 1088 272 1139 cundum
282 1085 423 1152 quosdam,
431 1085 599 1134 consuetudo
609 1084 686 1135 Chri·

150 1159 185 1210 sti
199 1169 256 1208 erat
272 1156 344 1223 quod
365 1154 497 1204 decimam
514 1163 618 1220 partem
638 1170 685 1204 eo-

149 1245 222 1293 rum,
233 1242 294 1294 quae
306 1226 359 1276 sibi
369 1225 511 1283 dabantur,
521 1225 685 1290 pauperibus

149 1300 285 1366 erogabat.
302 1297 362 1359 Vel,
382 1311 445 1346 cum
459 1295 542 1346 iudas
555 1311 685 1361 procura-

150 1383 193 1423 tor
215 1368 326 1421 Domini
348 1377 427 1427 esset,
446 1366 570 1416 credebat
584 1381 685 1416 secun-

147 1443 216 1492 dum
228 1437 454 1490 consuetudinem
471 1451 548 1487 suam
565 1436 685 1502 accipere

145 1512 202 1564 sibi
218 1509 350 1561 decimam
369 1519 472 1574 partem
488 1508 613 1558 datorum
627 1508 684 1558 Do-

151 1585 245 1649 min03
272 1592 298 1633 et
323 1582 384 1631 ideo
405 1580 492 1631 voluit
509 1580 592 1630 vendi
611 1580 684 1630 istud

150 1664 330 1721 unguentum,
346 1662 377 1702 ut
393 1652 503 1701 haberet
517 1650 629 1716 triginta
642 1651 685 1700 de·

151 1726 242 1777 narios
253 1725 302 1792 qui
314 1732 378 1775 sunt
390 1723 495 1772 decima
505 1736 567 1787 pars
576 1732 684 1772 trecen-

150 1810 250 1859 torum,
268 1808 378 1865 propter
403 1796 475 1861 quod
497 1796 572 1846 Judae
592 1795 684 1846 visum

150 1880 200 1932 est,
217 1871 292 1937 quod
306 1869 335 1919 in
346 1876 486 1934 unguento
504 1882 586 1933 super
600 1866 683 1917 Chri-

148 1953 224 1995 stum
245 1942 329 1992 effuso
347 1940 457 2005 triginta
480 1939 604 1989 denarios
621 1954 684 2004 per-

151 2017 235 2075 deret,
257 2015 328 2065 unde
346 2012 379 2062 ab
402 2011 448 2061 illa
466 2011 533 2061 hora
548 2011 682 2076 cogitavit,

150 2096 181 2137 ut
197 2085 338 2136 Christum
356 2081 467 2146 triginta
483 2081 601 2131 denariis
609 2096 684 2132 ‘ven-

149 2160 234 2218 deret
252 2167 279 2207 et
292 2157 331 2206 sic
345 2154 464 2220 praedam
479 2169 557 2203 suam
568 2169 684 2219 recupe-

146 2237 228 2279 raret.
241 2228 301 2286 Vel,
318 2225 469 2275 secundum
486 2224 564 2284 alios,
581 2224 619 2273 ibi
630 2224 683 2274 tri-

149 2292 683 2363 gintaargentei,proquibusDominum

146 2367 285 2427 vendidit,
299 2366 424 2416 valebant
447 2372 580 2414 trecentos
596 2365 683 2415 dena-

147 2438 204 2489 rios
222 2438 340 2498 usuales,
354 2447 382 2487 et
396 2436 435 2486 sic
457 2434 623 2500 recuperavit
638 2446 683 2486 to-

150 2522 209 2561 tum
237 2509 356 2575 pretium
381 2506 523 2573 unguenti.
553 2508 682 2569 Poterat,

146 2580 266 2646 subiicit,
295 2586 321 2631 et
339 2579 403 2629 dari
421 2578 601 2645 pauperibus5
624 2593 687 2630 ecce·

146 2652 199 2702 sub
227 2659 357 2717 praetextu
386 2649 501 2714 pietatis,
524 2649 592 2698 zelat
615 2649 683 2700 affe-

147 2733 221 2774 ctum
239 2739 292 2773 non
314 2721 432 2787 pietatis,
448 2720 495 2769 sed
517 2720 681 2785 cupiditatis

148 2797 207 2846 Hoc
219 2795 293 2845 enim
308 2793 376 2843 dixit
392 2793 526 2842 simulans
545 2793 681 2857 pietatem,

147 2869 182 2919 ad
202 2868 376 2934 operiendam
396 2881 474 2916 suam
498 2865 682 2931 cupiditatem.

148 2943 200 2992 Per
225 2941 297 2991 hunc
321 2939 497 3004 designantur
523 2940 683 2990 detractores

147 3011 284 3061 bonorum
305 3025 429 3075 operum,
451 3008 502 3059 sub
520 3009 607 3075 specie
622 3011 683 3076 pie·

149 3082 213 3133 tatis
228 3081 408 3147 denigrantes.

181 3151 197 3202 6
216 3154 349 3203 Avanrrra
367 3168 400 3201 rr
420 3167 683 3206 rusticorsunruoo

150 3224 234 3275 luna.
256 3251 287 3262 ·-
306 3221 428 3282 Quidam
444 3221 525 3271 etiam
539 3223 586 3274 alii
601 3225 683 3275 disci-

149 3294 207 3360 puli
231 3292 343 3358 indigne
364 3290 493 3355 ferebant,
514 3302 541 3342 et
559 3294 636 3359 quasi
651 3296 684 3345 de

150 3363 254 3430 perdito
285 3372 426 3429 unguento
462 3365 704 3429 murmurabant3·

148 3435 194 3486 isti
224 3434 335 3501 quidem
363 3431 430 3482 moti
455 3433 552 3499 pietate
575 3447 704 3502 propter·

148 3523 280 3575 pauperes
292 3507 513 3573 indignabantur,
524 3523 580 3557 non
592 3510 683 3560 inten-
700 3550 703 3555 .

147 3580 244 3630 dentes
270 3594 329 3630 esse
351 3576 491 3644 perditum
511 3577 682 3645 ¹simpliciter,

148 3650 197 3701 sed
213 3649 243 3701 in
261 3648 463 3716 comparatione
474 3649 509 3699 ad
520 3649 684 3702 sublevatio-
701 3658 705 3715 j

150 3737 214 3770 nem
233 3735 396 3787 pauperum
420 3719 559 3771 audierant
580 3722 653 3772 enim
668 3720 703 3774 n¹

149 3790 269 3840 Domino
294 3809 300 3840 z
324 3791 543 3842 Misericordiam
566 3793 635 3855 uolo,
658 3802 705 3846 et.

150 3878 203 3914 non
220 3864 396 3929 sacrificium,
413 3874 439 3914 et
460 3863 520 3915 ideo
540 3864 608 3918 forte
623 3881 682 3919 cre-

736 723 824 773 batur.
845 724 929 775 Dixit
942 732 1031 776 autem
1047 726 1106 791 troc,
1135 742 1188 779 nou
1210 729 1271 795 qaia

737 795 770 845 de
781 795 875 863 egenis
887 796 1039 862 pertinebat
1054 799 1174 862 adeum,
1189 798 1219 849 id
1233 808 1272 850 est

737 885 793 919 non
809 868 872 936 quia
886 879 1082 935 compateretur
1095 872 1271 939 pauperibus,

730 941 779 990 vel
792 950 897 990 curaret
909 941 942 990 de
955 940 1010 1005 εἰς’,
1026 942 1074 991 sed
1089 941 1154 1008 quia
1165 942 1273 993 dolebat

737 1012 811 1078 quod
831 1022 1001 1076 unguentum
1025 1029 1081 1063 non
1104 1012 1193 1064 fuerat
1220 1014 1273 1065 sib'i

736 1082 876 1141 traditum,
893 1093 924 1133 ut
942 1083 999 1148 eins
1012 1082 1132 1148 pretium
1153 1084 1270 1135 furando

737 1153 791 1204 sibi
814 1153 950 1204 retineret.
970 1154 1045 1205 Unde
1077 1154 1272 1220 Theophilus:

737 1245 752 1275 n
764 1226 895 1293 Discipuli
910 1228 1001 1293 plures
1015 1228 1158 1278 mulierem
1173 1243 1271 1296 argue-

736 1308 810 1358 runt,
829 1313 861 1347 eo
884 1298 957 1364 quod
972 1313 1043 1364 saepe
1062 1298 1206 1349 Christum
1222 1313 1272 1350 au-

737 1369 841 1420 dierant
867 1369 900 1418 de
920 1368 1100 1436 eleemosynis
1118 1369 1271 1432 dicentem

736 1441 818 1491 ludas
835 1456 901 1491 vero
926 1456 983 1490 non
1009 1441 1103 1491 eadem
1121 1440 1273 1491 intentione

736 1511 849 1578 indigne
864 1511 937 1576 tulit,
951 1512 999 1562 sed
1025 1520 1134 1578 propter
1152 1526 1273 1562 amorem

737 1584 858 1650 pecuniae
880 1594 906 1634 et
924 1593 1003 1649 turpe
1018 1585 1136 1633 lucrum.
1151 1583 1233 1634 Unde
1246 1594 1272 1634 et

736 1656 854 1705 loannes
865 1653 957 1719 ipsum
967 1654 1055 1703 solum
1066 1663 1271 1716 commemorat,

734 1735 866 1791 tanquam
912 1723 1084 1775 fraudulenta
1122 1723 1273 1775 intentione

733 1795 877 1846 mulierem
899 1805 1066 1860 arguentem,
1086 1795 1163 1860 cujus
1177 1794 1274 1846 exhac

737 1869 886 1927 occasione,
910 1867 1018 1918 furandi
1048 1867 1273 1918 consuetudinem

737 1942 850 1993 credidit
866 1941 1062 1993 intimandam:
1079 1960 1093 1989 n
1108 1941 1169 1992 haec
1183 1940 1274 1993 Πιθο-

733 2013 836 2080 philus.
868 2013 946 2063 Licet
980 2012 1054 2063 enim
1084 2011 1210 2077 portabat
1234 2026 1278 2070 ea,

737 2099 799 2152 quae
813 2084 947 2134 dabantur
966 2099 1016 2149 pro
1033 2082 1144 2133 Christo
1155 2082 1191 2133 ad
1202 2082 1274 2133 dan-

737 2156 803 2206 dum
821 2155 1004 2221 pauperibus3
1029 2170 1084 2203 non
1105 2163 1199 2204 tamen
1214 2154 1273 2205 'hoc

735 2230 858 2290 faciebat,
883 2230 929 2280 sed
957 2229 1010 2280 sibi
1033 2228 1182 2290 retinebat,
1202 2229 1275 2279 unde

736 2303 890 2354 mussitatio
911 2304 968 2368 ejus
987 2318 1051 2353 cum
1068 2300 1275 2369 crimineponi·

734 2383 788 2435 tur,
819 2374 893 2441 quod
922 2388 978 2424 non
1002 2386 1095 2422 curam
1123 2386 1274 2438 pauperum
1308 2392 1313 2399 ·

735 2445 876 2504 habuerit,
902 2443 949 2494 sed
966 2459 1017 2493 suo
1040 2441 1113 2493 furto
1131 2442 1274 2509 providere

735 2516 822 2567 voluit
845 2533 852 2566 z
875 2516 946 2577 Quia
959 2514 1014 2580 fur
1028 2519 1098 2575 mat,
1118 2519 1146 2564 et
1159 2512 1273 2575 locarius,

736 2590 764 2641 id
788 2599 828 2640 est
852 2590 948 2639 bursas
964 2586 1087 2646 Domini,
1112 2586 1224 2651 babens
1246 2596 1273 2637 et

736 2672 827 2712 custos
839 2676 933 2711 eorum
949 2660 1076 2719 existens,
1086 2672 1120 2709 aa
1135 2672 1198 2725 quae
1207 2657 1273 2709 mit-

736 2733 859 2782 tebantur
882 2731 911 2781 in
926 2730 1039 2789 loculis,
1054 2728 1154 2779 donata
1166 2726 1198 2778 in
1209 2727 1275 2778 elea

736 2816 880 2866 mosynam
904 2815 919 2850 a
936 2800 1072 2862 fidelibus,
1091 2798 1125 2848 ad
1147 2813 1231 2848 usum
1247 2806 1274 2846 et

736 2871 922 2921 necessitatem
941 2870 1140 2936 discipulorum
1157 2877 1186 2919 et
1205 2882 1274 2934 pau-

735 2957 840 3007 perum,
854 2941 929 2992 furto
951 2940 1132 3007 adsportabat,
1143 2939 1276 3006 portabat

736 3010 847 3078 quidem
862 3011 1023 3073 ministerio,
1039 3010 1086 3061 sed
1100 3009 1274 3075 adspornbat

735 3081 817 3131 furto.
836 3082 958 3132 Habebat
980 3082 1084 3132 loculos
1102 3078 1273 3135 Dominicos,

734 3152 768 3202 ad
788 3165 898 3218 eaquae
922 3151 1057 3201 dabantur
1077 3148 1226 3212 mittenda;
1244 3156 1273 3199 ct

735 3223 839 3274 loculos
854 3223 987 3290 proprios,
1000 3225 1033 3274 ad
1049 3237 1152 3289 eaquae
1163 3221 1275 3273 ambr-

734 3305 781 3346 tur
795 3296 959 3361 reponenda.
986 3297 1029 3357 Et,
1048 3293 1202 3346 secundum
1217 3294 1274 3344 Aa

730 3366 885 3432 guatinum,
907 3380 937 3415 ea
956 3381 1019 3432 quae
1041 3364 1183 3415 furabantr
1195 3362 1275 3412 dabat

735 3438 815 3489 uxori
838 3449 864 3489 et
879 3437 944 3489 filiis
965 3440 1032 3490 suis.
1056 3437 1100 3488 Sic
1121 3435 1203 3487 multi
1223 3432 1275 3485 ha·

735 3511 829 3562 bentes
853 3512 960 3562 loculos
981 3522 1008 3562 et
1022 3510 1161 3561 facultates
1176 3507 1275 3559 Eccle-

731 3583 792 3644 siae,
802 3599 833 3635 ea
849 3601 910 3651 quae
923 3584 1016 3635 divino
1029 3581 1114 3634 cultui
1128 3590 1156 3632 et
1169 3594 1274 3647 paupe·

731 3652 813 3704 ribus
827 3670 937 3721 erogare
953 3655 1091 3713 deberent,
1105 3650 1274 3703 subtrahunt

735 3734 761 3775 et
793 3724 846 3775 sibi
880 3727 1013 3786 retinent,
1040 3722 1165 3775 atinde
1192 3718 1272 3791 ditati

735 3806 762 3847 et
777 3796 871 3863 inclyti
887 3797 944 3849 fieri
960 3798 1076 3849 student.
1095 3794 1176 3847 Multi
1192 3793 1273 3846 etiam

734 3870 806 3922 bona
824 3871 961 3934 Ecclesiae,
985 3886 1046 3940 quae
1073 3880 1138 3921 sunt
1170 3881 1272 3935 paupe-
