2632 4320
239 269 286 320 DE
302 265 473 319 SERMONE
489 265 535 315 ET
549 263 736 315 ORATIONE
751 262 880 314 DOMINI
895 262 931 314 IN
949 261 1064 314 COENA.

95 392 186 444 citur:
202 386 242 436 Et
255 385 355 450 hymno
374 382 456 444 dicto,
471 381 628 443 exierunt..

96 458 239 513 secundum
251 453 514 515 consuetudinem,....
524 450 551 502 in
560 465 632 502 mon·

97 541 148 585 tem
165 527 272 590 Oliveti,
289 527 317 577 id
337 536 379 577 est
398 538 492 575 versus
508 532 630 573 montem

97 600 215 664 Oliveti;
235 597 300 666 quia
317 604 462 647 consuetus
486 603 543 645 erat
566 593 630 644 illuc

97 675 145 734 ire,
167 681 194 722 et
212 667 311 720 morari
325 667 358 717 de
376 674 461 726 noete,
476 678 556 714 causa
570 677 631 713 ora-

97 743 190 795 tionis.
204 742 283 800 Nam,
302 737 451 789 secundum
470 735 633 804 chrysosto-

97 829 177 875 mum,
199 816 373 861 consueverat
392 805 547 872 frequenter
559 815 633 856 extra

103 885 132 935 in
155 882 275 934 oratione
299 888 463 945 pernoctare,
485 887 512 928 et
534 887 633 928 stratus

99 955 245 1008 mollitiem
265 951 413 1014 declinare3
435 960 463 1000 et
486 949 631 1001 secundum

99 1026 236 1085 eumdem,
257 1021 421 1075 consuetudo
442 1019 543 1072 Christi
569 1028 633 1078 erat,

100 1100 219 1152 maxime
249 1098 277 1148 in
306 1094 543 1155 solemnitatibus,
571 1100 634 1160 post

99 1185 204 1224 coenam
218 1166 366 1234 discipulos
384 1180 508 1216 seorsum
528 1164 632 1222 ducere,

100 1252 127 1295 et
143 1256 243 1308 purum
262 1254 278 1289 a
296 1235 461 1288 tumultibus
481 1235 571 1286 locum
592 1233 632 1282 in-

100 1314 217 1381 quirere,
240 1325 274 1360 ne
298 1322 375 1358 mens
401 1306 578 1372 impediretur
600 1302 634 1352 ab

99 1384 255 1443 auditione,
278 1391 305 1432 et
329 1380 419 1446 aliqua
449 1376 578 1429 sublimia
601 1376 635 1425 de

101 1458 170 1508 festo
201 1454 313 1512 docere,
343 1464 404 1517 quae
435 1464 490 1499 non
514 1456 571 1498 erat
595 1445 635 1495 fas

101 1527 170 1578 aiios
189 1524 291 1577 audire.
315 1519 529 1586 completorium
548 1525 636 1583 potest

101 1598 165 1662 dici,
188 1595 253 1663 quia
271 1594 300 1644 in
321 1594 380 1659 ipso
397 1591 550 1657 completur
572 1604 636 1639 cur·

102 1684 149 1722 sus
165 1667 228 1718 diei.
251 1665 382 1716 Similiter
400 1661 534 1712 Dominus
547 1669 637 1710 noster

102 1741 180 1791 lesus
208 1737 351 1795 Christus,
389 1733 522 1799 completo
556 1743 637 1781 cursu

104 1806 312 1878 praedicationis,
327 1815 353 1856 et
365 1819 439 1855 coena
451 1804 496 1854 illa
507 1799 636 1868 singulari

104 1894 160 1934 tam
174 1876 370 1946 gloriosissime
383 1875 514 1926 celebrata
531 1883 557 1924 et
568 1872 637 1923 facta

103 1969 167 2004 curn
182 1948 324 2015 discipulis
336 1947 412 2011 suis;
436 1947 471 1996 de
489 1960 543 2012 qua
563 1956 638 1995 coena

105 2034 132 2076 et
156 2014 200 2073 de'
214 2017 396 2072 sacratissimo
417 2020 489 2069 dono
511 2014 639 2082 Corporis

105 2104 132 2146 et
143 2091 289 2158 Sanguinis
303 2090 361 2155 ejus
380 2088 418 2140 ibi
439 2088 538 2139 tradito
558 2086 638 2137 debes

104 2166 259 2230 frequenter
274 2158 447 2210 devotissime
469 2158 595 2224 cogitare,
614 2166 640 2206 et

105 2234 181 2303 quod
205 2232 267 2284 lotis
289 2231 483 2297 discipulorum
511 2229 639 2297 pedibus,

107 2324 137 2362 ac
156 2307 225 2359 iacto
244 2321 369 2358 sermone
388 2312 415 2356 et
439 2306 511 2357 dicto
531 2306 640 2373 hymno,

107 2380 136 2430 id
163 2387 204 2430 est
227 2377 373 2444 gratiarum
407 2376 531 2436 actione,
560 2372 643 2425 exivit

104 2465 171 2502 cum
185 2448 325 2514 discipulis
339 2448 397 2499 suis
410 2461 505 2498 versus
523 2455 643 2496 montem

108 2521 218 2581 Oliveti,
238 2521 285 2572 ubi
312 2521 457 2586 capiendus
480 2529 536 2571 erat
557 2528 584 2569 et
608 2516 643 2567 ab

108 2591 204 2644 amicis
217 2593 390 2658 separandus.
404 2592 438 2642 Et
453 2591 562 2658 quando
573 2605 644 2640 com·

109 2664 239 2732 piendum
260 2673 316 2713 erat
331 2662 403 2728 quod
421 2662 557 2729 Propheta
573 2660 644 2710 dixe-

110 2745 151 2786 rat
174 2750 181 2784 ε
202 2735 357 2785 Percutiam
370 2740 507 2801 pastorem
533 2739 560 2784 et
584 2732 645 2783 dis-

108 2812 259 2873 pergentur
283 2819 346 2857 oues
373 2805 483 2872 gregis.
517 2805 592 2856 Vade
619 2812 646 2853 et

112 2887 141 2928 tu
168 2890 274 2942 semper
299 2891 361 2926 cuni
382 2890 424 2940 eo,
449 2885 476 2926 et
496 2875 552 2926 noli
582 2891 644 2926 eum

112 2949 243 3011 deserere,
265 2963 298 2999 ne
319 2958 347 3000 et
368 2948 426 3016 ipse
445 2949 549 3001 deserat
563 2957 598 3000 te.

144 3034 178 3070 22
204 3020 330 3081 Mrsrrcs,
345 3035 379 3069 ne
397 3033 530 3070 uunnnurs
552 3033 647 3069 sonam

112 3100 230 3141 naeuus
257 3104 292 3140 ar
314 3104 358 3139 ma
383 3104 411 3139 iu
437 3088 589 3140 Ocrvnruu.
616 3116 646 3126 -

114 3158 235 3226 Mystice,
256 3174 378 3226 egressus
405 3168 445 3210 est
468 3160 545 3211 lesus
575 3168 648 3210 extra

113 3230 264 3295 civitatem,
295 3241 326 3282 ut
358 3246 408 3282 nos
435 3233 590 3297 egressuros
616 3232 649 3283 de

115 3304 283 3366 mundanis,
307 3313 334 3356 et
363 3304 459 3356 mundi
486 3305 650 3356 habitatione

114 3375 288 3443 significaret,
300 3378 410 3444 quando
420 3378 581 3430 sacrificium
595 3378 651 3430 Deo

116 3446 212 3499 offerre
242 3450 378 3506 volumus.
398 3459 424 3501 et
451 3460 483 3502 ut
503 3450 650 3501 tumultum

115 3519 262 3571 hominum
290 3519 382 3586 fugere
404 3521 519 3585 doceret,
542 3521 651 3587 quando

116 3603 194 3641 orare
223 3590 265 3640 vel
294 3589 438 3641 familiaria
466 3606 528 3642 cum
552 3591 652 3642 nostris

116 3670 232 3711 tractare
248 3659 426 3712 intendimus.
441 3661 584 3727 Egressus
599 3677 652 3713 au-

118 3735 171 3781 tem
191 3729 243 3781 fuit
269 3738 347 3782 trans
374 3737 517 3784 torrentem
537 3733 651 3798 Cedron,

118 3801 168 3869 qui
188 3801 374 3870 interpretatur
397 3805 486 3856 tristis
505 3819 612 3869 moeror,
627 3815 654 3857 et

88 3935 91 3939 ⁴
119 3872 254 3940 significat
282 3874 354 3926 viam
385 3875 537 3938 Passionis,
570 3892 652 3943 quam

183 3987 253 4041 Vtra
270 3989 334 4042 Jssu
349 3989 468 4055 Cumsrr,
480 4005 576 4042 rouus
586 3990 630 4042 lll.

1162 263 1214 328 433

682 377 808 430 Christus
830 377 1014 444 perambulare
1038 377 1133 440 voluit,
1154 381 1219 447 quia

682 449 752 500 sicut
773 457 878 500 torrens
907 460 1009 501 tortore
1030 449 1127 501 caloris
1153 452 1219 503 solis

683 536 747 572 cum
759 520 862 586 impetu
873 521 1027 588 descendit3
1042 522 1081 574 sic
1095 523 1220 576 Christus

683 592 769 642 calore
795 591 914 644 caritatis
949 603 975 644 et
1011 594 1071 644 luce
1101 593 1222 647 veritatis

684 678 830 715 succensus
857 662 955 715 fluctus
984 664 1139 732 passionum
1164 665 1220 716 im-

683 744 775 801 petum
795 735 910 801 propriae
925 736 1071 787 voluntatis
1083 735 1220 789 sustinuit.

686 809 736 859 Per
756 807 808 859 hoc
836 823 900 874 ergo
925 809 999 875 quod
1026 809 1152 861 Christus
1170 810 1220 861 ivit

686 880 759 944 illuc,
774 879 936 931 imminente
955 896 1004 931 sua
1026 882 1163 944 Passione,
1179 881 1220 933 si·

685 949 827 1016 gnificatur
865 952 938 1018 quod
973 952 1144 1005 Christianus
1181 954 1220 1006 ire

685 1021 779 1072 volens
810 1022 843 1072 ad
866 1022 1045 1088 martyrium,
1067 1024 1147 1076 debet
1165 1025 1221 1076 im-

685 1094 791 1145 minens
806 1093 974 1160 supplicium
989 1095 1169 1161 praecogitare,
1192 1109 1219 1149 et

686 1181 733 1232 per
763 1166 921 1232 patientiam
941 1181 971 1217 se
994 1183 1112 1232 armare;
1145 1170 1219 1236 quia,

686 1241 834 1291 secundum
860 1241 1033 1307 Gregorium,
1059 1243 1151 1295 minus
1177 1244 1220 1296 fe-

686 1309 760 1361 riunt
768 1311 853 1374 jacula
863 1327 925 1377 quae
936 1312 1125 1377 praevidentur5
1146 1324 1172 1366 et
1182 1325 1221 1366 to-

687 1380 837 1432 lerabiliora
852 1392 916 1432 sunt
930 1382 1068 1449 malaquae
1080 1385 1222 1449 praesciun-

687 1461 739 1502 tur.
749 1452 788 1503 Et
802 1452 873 1503 uenit
887 1453 914 1502 in
933 1452 1025 1504 villam
1041 1455 1220 1517 Gethsemani,

688 1536 749 1588 quae
771 1521 959 1587 interpretatur
973 1523 1055 1574 vallis
1071 1525 1222 1592 pinguedi-

688 1595 739 1658 m's,
772 1608 834 1661 quae
868 1593 1051 1660 interpretatio
1086 1598 1221 1660 ostendit,

688 1680 770 1731 quam
791 1664 915 1725 humilis,
943 1680 1025 1731 quam
1054 1667 1149 1719 devota
1172 1669 1224 1720 fuit

690 1738 792 1790 Christi
816 1738 906 1790 oratio
929 1753 1012 1805 quam
1037 1739 1076 1791 ibi
1095 1741 1172 1806 fecit;
1193 1742 1224 1794 in

691 1809 759 1860 valle
780 1808 855 1860 enim
879 1807 1038 1870 humilitas,
1060 1819 1088 1861 et
1107 1811 1136 1861 in
1158 1812 1223 1878 pin-

689 1882 804 1947 guedine
815 1880 923 1932 devotio
937 1890 1053 1932 notatur.
1068 1883 1223 1934 Secundum

690 1953 867 2024 Remigium,
899 1953 1033 2004 Dominus
1073 1957 1223 2023 appropin-

690 2039 777 2091 quans
792 2023 924 2083 Passioni,
947 2024 976 2074 in
999 2025 1066 2076 valle
1079 2027 1224 2094 pinguedi·
1239 2030 1242 2035 '

691 2096 735 2145 nis
746 2094 841 2157 oravit,
856 2104 886 2145 ut
899 2095 1137 2158 demonstraretur,
1159 2098 1223 2166 quia

691 2182 738 2233 per
748 2167 845 2217 vallem
860 2165 1024 2217 humilitatis
1037 2177 1064 2218 et
1083 2168 1225 2236 pinguedi-

693 2253 756 2288 nem
782 2236 900 2288 caritatis
926 2252 975 2303 pro
1006 2237 1086 2289 nobis
1109 2250 1224 2291 mortem

692 2310 818 2377 suscepit.
832 2310 992 2362 Humiliavit
1005 2311 1078 2362 enim
1098 2327 1127 2364 se
1138 2329 1225 2380 usque

693 2384 726 2436 ad
753 2393 879 2443 mortem,
907 2393 933 2434 et
954 2399 987 2434 ex
1007 2383 1114 2436 caritate
1135 2388 1227 2452 posuit

694 2473 743 2523 pro
759 2455 853 2507 amicis
864 2455 983 2505 animam
1003 2468 1092 2506 suam.
1105 2456 1135 2506 In
1146 2458 1227 2510 horto

696 2526 776 2578 etiam
806 2524 892 2575 oravit
922 2534 949 2574 et
975 2524 1033 2589 capi
1061 2525 1161 2588 voluit,
1196 2538 1229 2580 ut

696 2596 849 2648 ostenderet
877 2596 951 2660 quod
974 2593 1123 2647 satisfacere
1144 2613 1229 2649 vene·

696 2678 736 2718 rat
758 2681 807 2733 pro
827 2675 934 2731 peccato
955 2664 1108 2731 primorum
1130 2683 1229 2734 paren-

696 2749 755 2790 tum
779 2734 927 2786 commisso
950 2734 979 2785 in
1004 2735 1102 2798 horto,
1134 2737 1162 2788 id
1186 2748 1228 2790 est
1302 2774 1305 2781 ι

696 2811 725 2862 in
736 2806 852 2860 terrestri
872 2805 1012 2872 paradiso;
1026 2807 1078 2867 vel,
1091 2809 1164 2873 quod
1180 2824 1227 2874 per

699 2880 852 2933 Passionem
881 2891 957 2928 suam
989 2891 1038 2927 nos
1061 2875 1090 2927 in
1119 2879 1231 2930 hortum

698 2950 812 3018 paradisi
832 2946 999 3000 coronandos
1020 2945 1174 3001 introducit.
1188 2950 1233 3001 Di·

698 3026 767 3078 citur
784 3022 866 3075 etiam
888 3031 950 3089 post
962 3021 1183 3074 communionem
1202 3023 1231 3075 in

699 3103 819 3146 montem
840 3091 941 3144 Oliveti
963 3089 1059 3142 exiisse
1078 3102 1105 3144 et
1122 3108 1230 3146 orasse:

700 3167 772 3234 quod
804 3171 976 3231 repraesentat
1006 3163 1140 3229 processio
1175 3163 1231 3214 fra·

701 3249 784 3300 trum,
796 3234 904 3302 quando
918 3244 979 3300 post
990 3233 1163 3285 resectionem
1178 3233 1233 3285 exit

701 3310 731 3362 in
746 3306 904 3368 oratorium,
923 3307 955 3357 ad
971 3305 1068 3372 gratias
1083 3305 1231 3371 agendum3

703 3394 751 3447 per
783 3378 856 3446 quod
888 3377 969 3427 etiam
999 3376 1077 3426 datur
1103 3375 1233 3442 intelligi,

702 3450 775 3518 quod
797 3448 895 3501 virtute
916 3446 1052 3497 Dominici
1073 3446 1234 3498 sacramenti

704 3519 857 3572 ascenditur
871 3518 906 3568 ad
920 3519 1026 3568 culmen
1038 3517 1131 3584 gratiae
1141 3528 1168 3568 et
1182 3518 1238 3583 glo·

704 3593 761 3644 riae.
788 3590 930 3656 Signanter
955 3598 1055 3650 autem,
1089 3589 1238 3640 secundum

705 3665 859 3730 Origenem,
872 3660 972 3727 hymno
982 3660 1062 3724 dicto,
1072 3661 1198 3712 exierunt
1212 3660 1238 3710 in

706 3738 817 3785 montem
840 3729 990 3794 Oliuarum,
1016 3746 1063 3797 per
1088 3731 1139 3781 hoc
1165 3729 1240 3780 desi·

707 3816 793 3871 gnaris
829 3799 903 3866 quod
940 3810 1002 3866 post
1039 3800 1241 3866 perceptionem

709 3873 777 3927 tanti
798 3871 959 3925 sacramenti
972 3871 1060 3924 fidelis
1073 3871 1157 3923 homo
1172 3870 1240 3923 nihil

1112 3987 1145 4037 28
