2632 4320
127 219 176 272 DE
189 220 304 271 CAUSA
317 219 527 272 DlMlT‘l’ENDl
543 212 704 281 UXOREM,
721 219 769 272 ET
784 220 832 273 DE
846 222 1026 287 PARVULlS,
1038 222 1116 276 ETC.
1150 223 1196 306 81·
1211 254 1212 259 =

64 337 211 386 doceantur
231 345 257 386 ct
277 335 320 385 sui
342 334 441 386 infirmi
461 344 598 397 sanentur,

64 409 93 460 hi
109 409 239 460 accedunt
249 417 281 458 ut
294 409 457 460 Salvatorem
471 418 499 460 et
511 409 600 459 docto·

65 495 121 530 rem
146 478 267 529 veritatis
296 481 423 530 tentando
447 479 553 544 capiant
574 488 600 529 et

64 555 213 620 decipiant;
229 554 277 604 has
287 554 393 605 devotio
408 554 524 620 pietatis,
538 553 599 604 illos

63 625 193 676 stimulus
215 608 325 675 adduitit
341 625 442 676 livoris.
457 625 496 675 Et
517 625 599 675 dixe·

63 701 128 745 runt
138 711 146 747 ,·
157 696 192 746 Si
203 696 263 746 licet
274 696 378 747 homini
387 697 521 747 dimittere
533 711 600 747 uxo·

62 779 120 817 rem
144 781 231 830 ruam,
256 782 409 833 quacunque
435 766 599 819 excausa?

63 838 91 887 id
111 849 153 888 est
173 854 206 889 ex
231 839 282 889 levi
307 855 393 891 causa.
415 841 488 890 Hanc
508 850 598 890 autem

63 910 242 974 quaestionem
257 921 411 976 proponunt
431 911 550 971 Christo,
564 910 597 961 ad

62 981 224 1046 capiendum
243 997 316 1040 eum,
332 983 397 1047 quia
411 983 551 1048 responsio
565 983 598 1033 ad

61 1062 207 1118 utramque
222 1061 324 1118 partem
343 1052 541 1103 calumniabilis
555 1053 598 1103 vi·

62 1125 202 1174 debatur:
225 1124 247 1174 si
267 1124 367 1174 diceret
388 1125 461 1175 enim
484 1141 597 1175 uxorem

61 1211 110 1260 pro
135 1195 215 1245 libito
238 1195 385 1246 voluntatis
399 1196 597 1258 dimittendam,

61 1276 88 1316 et
100 1267 189 1329 aliam⁸
201 1267 361 1328 ducendam,
378 1268 514 1332 pudicitiae
527 1283 597 1334 prae-

61 1337 166 1388 dicator
182 1348 208 1388 et
222 1348 338 1388 assertor
357 1339 490 1390 videretur
509 1340 598 1390 laxare

60 1408 136 1459 frena
152 1410 252 1460 carnali
267 1410 500 1476 concupiscentiae,
516 1420 542 1461 et
556 1411 597 1460 si-

62 1481 143 1546 biipsi
169 1481 314 1544 contrarie;
334 1481 357 1531 si
381 1492 470 1532 autem
498 1481 597 1533 diceret

60 1553 135 1619 quod
146 1568 211 1612 non,
230 1552 365 1603 videretur
377 1563 470 1602 contra
484 1554 595 1619 Moysen

60 1622 160 1684 dicere,
179 1622 226 1689 qui
242 1622 366 1673 libellum
380 1622 503 1690 permisit
515 1638 596 1690 repu-

60 1693 110 1744 dii.
122 1693 175 1744 Sed
190 1693 248 1759 ipse
258 1693 297 1744 sic
313 1694 517 1759 responsionem
529 1692 596 1745 tem-

60 1775 146 1830 perat,
173 1774 203 1814 ut
224 1764 375 1830 decipulam
398 1781 491 1816 eorum
506 1776 596 1816 trans-

63 1844 121 1898 eat,
134 1845 160 1885 et
173 1834 314 1900 respondit
336 1837 393 1886 sola
411 1835 596 1887 fornicationis

65 1923 148 1958 causa
171 1923 284 1958 uxorem
315 1925 372 1960 esse
397 1910 595 1970 dimittendam,

60 1979 187 2030 libellum
212 1995 276 2030 vero
298 1981 402 2046 repudii
417 1983 453 2032 ob
467 1982 595 2032 duritiam

58 2061 85 2104 et
104 2052 238 2103 malitiam
257 2054 345 2103 cordis
358 2069 451 2104 eorum
470 2070 484 2104 a
504 2056 597 2121 Moyse

58 2125 143 2176 fuisse
155 2125 331 2191 permissum,
346 2126 373 2176 id
395 2137 435 2177 est
451 2127 525 2177 nulla
538 2129 597 2194 lege

18 2203 21 2211 ’
38 2230 44 2245 .
57 2195 196 2260 punitum.
222 2196 345 2246 Permisit
358 2207 447 2248 autem
462 2198 523 2258 hoc,
542 2214 596 2248 non

58 2265 127 2317 sicut
142 2266 247 2316 bonum
257 2276 283 2315 et
293 2266 412 2331 licitum3
429 2268 475 2317 sed
488 2278 597 2334 propter

59 2336 144 2401 majus
158 2336 263 2386 malum
281 2336 443 2397 evitandum,
457 2337 521 2404 quia
535 2353 595 2388 ma-

60 2407 110 2457 luit
122 2408 279 2474 permittere
291 2408 447 2472 divortium,
463 2426 544 2476 quam
560 2412 595 2461 ob

61 2476 151 2528 odium
166 2492 292 2538 uxorum,
308 2479 350 2529 vel
368 2481 531 2531 desiderium
553 2497 596 2533 se-

60 2547 206 2598 cundarum
223 2549 377 2614 nuptiarum
396 2549 454 2601 fieri
475 2551 595 2602 homici-

61 2617 144 2669 dium.
171 2619 224 2669 lsta
256 2627 346 2670 autem
371 2621 514 2687 permissio
539 2639 594 2673 non

64 2692 216 2744 absolvebat
229 2708 275 2744 eos
291 2709 305 2744 a
319 2704 443 2760 peccat03
464 2695 510 2746 sed
533 2706 595 2747 tan-

65 2771 119 2814 tum
139 2778 155 2815 a
176 2779 256 2829 poena
276 2764 363 2830 legali,
390 2765 528 2832 quianon
543 2766 596 2818 fuit

65 2831 204 2898 imperium
227 2833 285 2895 Dei,
307 2835 352 2885 sed
376 2835 495 2887 hominis
512 2837 594 2888 dissi-

66 2905 172 2955 mulatio
182 2906 211 2955 in
226 2905 364 2956 tolerando
376 2908 468 2958 minus
481 2911 593 2972 malum,

66 2988 96 3024 ne
108 2976 193 3040 majus
207 2975 291 3027 fieret.
307 2978 380 3027 Deus
395 2978 468 3028 enim
484 2996 540 3030 non
555 2990 595 3031 est

67 3045 114 3094 sibi
127 3047 286 3111 contrarius,
301 3057 331 3098 ut
342 3049 414 3099 aliud
431 3059 493 3100 ante
507 3051 594 3115 jusse-

68 3113 106 3175 rit,
121 3127 146 3166 ct
161 3116 235 3166 aliud
259 3133 330 3168 nunc
351 3117 472 3185 imperet.
488 3121 594 3186 Moyses

67 3187 169 3252 quidem
190 3205 240 3240 nec
261 3191 448 3256 praecipiendo,
464 3207 512 3242 nec
526 3209 593 3244 con·

68 3257 186 3318 cedendo,
201 3275 248 3310 nec
266 3260 432 3326 indulgendo
448 3263 498 3312 hoc
514 3279 593 3314 man-

68 3325 145 3392 davit;
161 3330 208 3378 sed
222 3330 411 3396 dispensando,
434 3332 593 3383 sustinendo

68 3406 90 3448 ct
118 3401 298 3466 permittendo
332 3404 447 3455 consilio
478 3405 594 3472 Spiritus

67 3466 158 3530 Sancti,
173 3487 207 3522 ne
218 3473 308 3538 pejora
318 3474 418 3538 fierint,
434 3475 485 3525 hoc
501 3475 594 3526 tolera·

67 3536 108 3589 rit.
131 3540 175 3591 Sic
193 3544 317 3608 Apostoli
343 3546 524 3611 permiserunt
547 3561 592 3596 se·

67 3609 159 3660 cundas
173 3613 282 3678 nuptias
294 3626 402 3682 propter
416 3615 592 3666 incontinen-

10 3692 17 3735 ·,
66 3678 124 3731 tiam
148 3682 306 3747 hominum,
332 3699 359 3738 et
387 3689 470 3738 malas
497 3703 592 3738 eorum

65 3751 221 3819 voluntates;
245 3756 318 3821 juxta
341 3757 416 3808 enim
436 3756 592 3824 primariam

10 3840 13 3899 g
63 3820 269 3889 institutionem,
290 3829 416 3881 nonfuit
436 3830 488 3881 nisi
511 3830 592 3881 unica

122 3941 192 3995 Vtra
206 3943 269 3996 Jrsu
283 3945 401 4027 Cunrsrr,
413 3961 500 3999 tortus
523 3947 567 3999 111.

651 333 734 396 unici,
759 337 806 386 sed
832 349 942 404 propter
960 337 1184 391 incontinentiam

650 406 803 468 hominum,
824 419 965 461 transeunt
985 411 1066 460 modo
1086 412 1118 461 ad
1139 427 1185 462 se·

650 477 748 528 cundas
770 479 886 544 nuptias.
901 481 978 532 Unde
991 495 1053 531 cum
1069 481 1102 532 de
1113 481 1184 531 duo-

652 549 701 599 bus
726 550 804 601 malis
825 552 915 602 minus
942 553 1078 614 toleratur,
1102 554 1184 620 hujus

650 623 793 686 permissio
806 623 905 675 dicitur
918 625 1089 691 dispensatio,
1106 627 1183 692 quasi

649 692 817 744 diversorum
843 695 974 760 pensatio,
998 698 1107 763 quando
1129 697 1184 749 duo

651 764 720 815 mala
740 765 818 831 quasi
837 780 912 832 aeque
935 767 1077 829 librantur,
1092 777 1124 818 ut
1138 769 1182 819 vi-

649 838 743 889 deatur
767 838 839 905 quod
863 854 958 890 eorum
992 842 1067 907 pejus
1088 841 1130 916 sit
1158 852 1185 895 et

650 912 843 976 praeponderat.
856 913 903 962 Est
915 921 1004 962 autem
1017 913 1115 978 triplex
1127 930 1185 980 per-

650 981 754 1043 missio,
781 982 881 1032 scilicet
904 999 910 1031 :
932 983 1124 1046 concessionis,
1154 994 1184 1037 ut

649 1070 712 1104 cum
733 1054 823 1106 Abbas
837 1054 959 1106 concedit
972 1056 1105 1106 monacho
1120 1074 1183 1123 pro-

650 1136 707 1188 pter
732 1123 917 1175 infirmitatem
941 1125 1012 1175 vesci
1042 1126 1182 1187 carnibus,

649 1195 750 1248 illicitis
764 1197 875 1265 quidem
892 1209 1002 1264 propter
1018 1208 1121 1259 votum,
1135 1202 1183 1251 sed

649 1287 719 1322 nunc
741 1272 822 1323 licitis
848 1282 957 1339 propter
980 1273 1183 1325 concessionem

648 1341 760 1392 Abbatis
793 1350 820 1392 ct
854 1358 960 1392 causam
988 1343 1180 1407 necessariam;

648 1412 831 1479 indulgentiae,
844 1424 874 1464 ut
891 1414 1034 1479 permissio
1049 1417 1183 1467 secunda-

648 1499 708 1533 rum
736 1484 900 1550 nuptiarum,
925 1487 998 1536 unde
1015 1488 1181 1553 Apostolus:

648 1555 730 1618 Uxor,
757 1555 816 1606 viro
838 1554 972 1612 defuncto.
998 1558 1041 1607 cui
1060 1558 1117 1607 vuli
1131 1574 1182 1609 nu·

648 1625 701 1688 bat,
727 1631 828 1675 tantum
843 1626 869 1674 in
884 1627 1008 1689 Domino,
1025 1627 1076 1677 hoc
1091 1640 1181 1679 autem

648 1695 796 1744 secundum
812 1694 1011 1760 indulgentiam
1031 1698 1100 1757 dico,
1119 1698 1183 1764 quia

647 1763 669 1813 si
686 1764 764 1829 culpa
778 1773 826 1825 est,
842 1764 956 1814 venialis
968 1776 1023 1827 est3
1042 1768 1182 1818 sustinen-

647 1834 705 1895 tiae,
730 1844 760 1885 ut
786 1834 930 1901 permissio
956 1835 1039 1885 libelli
1065 1839 1181 1904 repudii,

646 1904 719 1970 quod
739 1904 870 1955 sustinuit
891 1904 1006 1969 Moyses,
1027 1921 1081 1955 non
1100 1908 1181 1969 Deus,

648 1974 711 2040 quia
725 1975 797 2025 Deus
810 1975 860 2024 hoc
875 1975 977 2024 crimen
991 1974 1098 2041 punivit
1110 1987 1181 2028 tem-

647 2047 772 2111 poraliter
785 2047 826 2096 vel
839 2047 1007 2107 aeternaliter,
1023 2048 1095 2114 quod
1108 2051 1181 2116 Moy-

646 2135 689 2170 ses
711 2135 765 2169 non
788 2119 894 2186 punivit
918 2120 1109 2185 temporaliter.
1134 2123 1181 2173 Est

646 2193 720 2243 enim
732 2193 873 2258 permissio
887 2192 1060 2254 sustinentiae,
1072 2196 1180 2261 quando

647 2266 718 2315 Deus
728 2264 858 2331 permittit
872 2282 921 2316 nos
933 2281 1048 2332 peccare,
1061 2267 1108 2333 qui
1124 2284 1179 2318 non

646 2335 770 2386 concedit
793 2336 860 2387 illud
880 2336 949 2397 fieri,
967 2353 1015 2387 nec
1028 2338 1178 2403 dispensat;

646 2407 691 2458 sed
712 2408 835 2468 sustinet,
855 2406 882 2457 id
901 2419 941 2458 est
960 2424 1006 2473 per
1022 2407 1178 2474 patientiam

646 2487 787 2545 exspectat.
811 2479 901 2528 Solam
936 2493 999 2542 ergo
1023 2477 1180 2528 fornicatio-

646 2566 709 2600 nem
729 2549 808 2615 punit
821 2548 959 2601 ⁴Dominus
974 2564 1081 2598 causam
1096 2549 1180 2599 dissi-

645 2623 693 2681 dii,
715 2622 811 2687 iubens
838 2631 937 2671 ceteras
968 2621 1106 2670 molestias
1130 2638 1179 2687 pro

644 2693 696 2744 fide
720 2693 837 2760 coniugii
858 2703 883 2744 et
897 2693 1016 2743 castitate
1039 2693 1178 2745 sustineri.

646 2765 678 2814 Et
694 2759 813 2830 iniellige
828 2763 981 2823 dissidium,
996 2773 1129 2828 quantum
1144 2764 1177 2815 ad

644 2834 880 2895 cohabitationem,
895 2845 921 2885 et
941 2834 1023 2884 debiti
1048 2835 1180 2885 redditio-

645 2924 723 2971 nem;
739 2925 794 2958 non
811 2918 903 2959 tamen
918 2917 1052 2973 quantum
1067 2909 1099 2956 ad
1116 2907 1180 2957 vin-

644 2979 735 3028 culum
760 2977 938 3042 matrimonii,
963 2978 1036 3042 quod
1051 2994 1107 3027 non
1122 2978 1180 3028 sol·

643 3048 715 3099 vitur
730 3047 788 3109 ‚nisi
805 3063 853 3113 per
867 3057 996 3112 mortem3
1012 3056 1038 3097 et
1049 3063 1112 3114 ergo
1130 3063 1179 3098 nec

644 3118 685 3168 vir
708 3132 758 3167 nec
779 3117 878 3168 mulier
904 3127 991 3182 potest
1013 3118 1177 3177 contrahere,
1204 3136 1207 3153 ¹

644 3189 726 3238 altero
764 3188 879 3239 vivente.
914 3189 990 3239 Unde
1018 3190 1179 3241 Rabanur:

645 3276 658 3305 tt
673 3259 734 3308 Una
746 3274 809 3324 ergo
825 3257 998 3308 solummodo
1011 3257 1125 3308 carnalis
1138 3267 1178 3307 est

644 3344 731 3389 causa,
753 3329 780 3379 id
799 3340 839 3380 est
853 3329 1005 3389 fornicatio,
1023 3344 1075 3379 una
1095 3326 1180 3392 spiri-

645 3399 733 3460 tualis,
753 3399 804 3450 hoc
820 3410 859 3450 est
877 3400 959 3449 timor
975 3399 1033 3459 Dei,
1058 3408 1088 3447 ut
1111 3412 1179 3447 uxor

643 3471 812 3537 dimittatur;
835 3472 909 3522 nulla
925 3482 1015 3522 autem
1033 3484 1111 3519 causa
1139 3477 1180 3518 est

643 3553 682 3604 ut,
697 3543 803 3594 vivente
823 3558 854 3592 ea
875 3556 936 3608 quae
952 3541 1042 3591 relicta
1057 3549 1106 3599 est,
1127 3539 1180 3589 alia

642 3613 765 3664 ducatur.
778 3633 792 3661 n
809 3641 840 3651 —
856 3612 1036 3678 spiritualiter
1050 3625 1096 3675 per
1110 3624 1180 3660 uxo-

643 3702 700 3736 rem
712 3701 772 3752 quae
785 3702 839 3735 non
851 3685 996 3735 dimittitur
1008 3682 1059 3733 nisi
1073 3692 1180 3749 propter

642 3759 861 3819 fornicationem,
892 3755 1050 3822 intelligitur
1078 3756 1179 3820 anima,

642 3830 717 3895 cujus
740 3828 782 3880 vir
796 3837 841 3879 -est
869 3825 1003 3889 Christus,
1031 3826 1078 3893 qui
1106 3843 1179 3877 nun-

1070 3941 1086 3992 6
