2632 4320
140 309 188 360 118

137 428 287 489 memoria,
315 429 352 480 ita
378 429 406 479 di
421 428 522 481 tribuat
549 429 667 489 orando,

137 499 293 551 meditando
307 501 340 551 de
354 502 424 567 Lege
439 501 557 562 Domini,
568 513 595 551 et
603 516 667 551 cun·

138 580 195 621 ctos
206 572 286 622 etiam
302 573 428 624 inimicos
437 574 562 634 amando,
573 583 603 624 ut
614 588 670 622 ora·

139 643 263 694 tionibus
282 645 333 694 sibi
352 655 577 712 recompensetur,
597 646 670 711 quod

140 716 278 767 laboribus
299 717 400 770 efficere
417 736 472 770 non
490 719 585 786 potuit.
601 719 633 768 Et
648 717 670 768 si

141 802 236 838 rursus
256 803 331 840 orare
345 791 487 853 erubescit,
500 801 593 857 utpote
608 790 672 856 quia

141 862 235 922 nescit,
248 862 339 913 dicens
349 865 577 929 quemadmodum
588 874 614 914 et
629 862 673 912 hic

142 933 249 984 villicus
271 935 375 987 dicebat
398 954 405 987 :
425 936 586 988 Mendicare
609 951 673 986 eru-

144 1006 223 1057 besee
230 1046 238 1070 ,
260 1007 307 1073 qui
330 1007 405 1058 enim
427 1018 499 1069 orat,
524 1008 673 1067 mendicat,

144 1078 207 1143 quia
230 1079 388 1146 suffragium
410 1081 491 1146 petit,
515 1091 581 1132 tunc
605 1090 675 1131 certe

144 1165 200 1199 non
221 1161 311 1211 restat,
333 1151 386 1201 nisi
406 1161 437 1202 ut
461 1152 598 1217 provideat
622 1149 674 1200 eibi

143 1223 232 1274 taliter
246 1226 279 1274 de
294 1224 372 1273 bonis
384 1232 459 1274 terrae
473 1223 544 1273 villae
555 1222 675 1282 Domini,

144 1295 245 1346 scilicet
257 1297 290 1345 de
306 1295 386 1345 bonis
400 1293 595 1360 temporalibus
609 1296 676 1345 elee-

144 1383 271 1433 mosynas
285 1367 432 1434 largiendo,
450 1368 523 1433 quod
542 1367 603 1417 talis
613 1367 676 1417 ‚dis-

145 1440 269 1506 pensatio
287 1454 398 1488 omnem
418 1438 552 1489 defectum
570 1449 678 1489 excuset

145 1511 267 1576 corporis
283 1521 309 1560 et
322 1511 429 1562 animae.
441 1511 578 1576 ieiunium
593 1511 676 1572 enim,

145 1586 219 1652 quod
240 1585 379 1635 distribuit
401 1585 473 1635 bona
496 1585 625 1651 corporis,
652 1594 678 1635 et

146 1659 241 1719 oratio,
256 1675 316 1724 quae
330 1659 471 1711 distribuit
485 1660 558 1710 bona
571 1659 677 1719 animae,

146 1740 227 1796 atque
252 1732 430 1797 eleemosyna,
455 1746 516 1797 quae
541 1730 679 1782 distribuit

146 1802 219 1875 bona
230 1802 336 1859 mundi,
353 1813 418 1853 sunt
432 1819 514 1869 opera
525 1802 626 1868 quibus
636 1802 681 1852 ha-

148 1876 226 1927 betur
238 1877 293 1926 vita
306 1886 413 1926 aeterna.

181 1946 195 1997 5
214 1948 276 2007 Quo
296 1962 375 1996 sensu
397 1961 539 1996 anuonrun
560 1960 682 1995 ruboru-

148 2035 194 2069 rm
207 2035 352 2069 vitaretur
365 2034 496 2069 rruonuu
507 2034 589 2068 nurus
602 2034 682 2069 sucu-

149 2106 186 2140 ιι.
204 2119 235 2127 -
257 2090 420 2150 Convocatis
443 2090 534 2154 itaque
554 2089 682 2154 singulis,

150 2161 264 2211 seorsim
292 2161 336 2209 his
368 2160 402 2210 ab
426 2160 491 2223 illis,
521 2157 683 2211 debitoribus

149 2234 250 2284 domini
262 2234 314 2294 sui,
328 2232 393 2298 quia
414 2233 533 2298 religiosi
550 2243 575 2283 et
590 2248 684 2298 paupe·

150 2319 193 2354 res
208 2315 450 2371 quantumcunque
467 2305 540 2370 justi,
558 2316 622 2355 sunt
636 2307 685 2355 de-

150 2375 250 2426 bitores
269 2375 327 2434 Dei,
347 2374 410 2427 fecit
431 2376 500 2427 circa
512 2391 558 2427 eos
573 2376 685 2426 miseri-

150 2448 269 2498 cordiam
281 2449 314 2498 de
328 2448 407 2499 bonis
423 2449 615 2515 temporalibus
632 2449 685 2499 sibi

151 2518 258 2569 traditis
293 2519 327 2568 ad
362 2519 586 2586 dispensandum,
619 2520 687 2569 dans

153 2590 220 2656 ipsis
243 2593 333 2643 oleum
348 2601 373 2643 et
393 2593 513 2644 triticum
526 2593 687 2643 subventio-

154 2662 208 2712 nis.
222 2663 264 2713 Ad
278 2663 330 2712 hoc
345 2679 408 2728 ergo
419 2664 504 2714 tendit
517 2665 569 2714 ista
581 2665 690 2729 parabo·

155 2733 190 2791 la,
209 2744 240 2782 ut
254 2734 324 2783 sicut
342 2735 417 2785 dedit
434 2735 467 2785 de
491 2735 571 2785 bonis
585 2734 689 2785 domini

156 2803 246 2854 oleum
258 2815 284 2854 et
297 2806 431 2869 triticum;
447 2806 523 2856 sicet
535 2822 584 2856 nos
595 2806 690 2856 demus

158 2878 322 2942 pauperibus
346 2879 379 2928 de
402 2879 480 2929 bonis
503 2879 592 2930 aDeo
611 2876 690 2927 nobis

158 2947 274 3007 traditis,
296 2949 386 2999 oleum
407 2949 604 3015 compassionis
620 2949 692 2998 inte-

160 3017 250 3078 rioris,
263 3028 289 3068 et
304 3020 422 3071 triticum
436 3022 621 3072 subventionis
644 3036 693 3071 ex-

156 3092 277 3155 terioris,
297 3093 361 3159 quia
382 3094 517 3145 bonorum
540 3095 619 3145 nobis
643 3095 693 3143 da-

161 3176 261 3229 torum,
283 3184 337 3218 non
362 3168 477 3229 domini,
502 3171 547 3220 sed
583 3178 688 3219 tantum

161 3239 358 3306 dispensatores
375 3255 479 3291 sumus.
492 3241 523 3290 In
538 3240 590 3290 hoc
604 3251 694 3290 autem

163 3314 236 3378 quod
260 3312 320 3377 plus
333 3312 407 3363 dedit
422 3312 455 3362 de
469 3313 539 3373 oleo,
559 3326 641 3378 quam
663 3311 696 3360 de

162 3383 261 3444 tritico,
274 3383 439 3449 significatur
452 3383 525 3449 quod
542 3384 602 3448 plus
613 3384 697 3439 debe-

163 3469 226 3506 mus
246 3455 360 3520 compati
379 3455 482 3514 affectu,
503 3469 585 3520 quarn
601 3468 697 3519 possu-

164 3542 226 3578 mus
239 3526 381 3578 subvenire
395 3526 499 3576 effectu.
521 3526 561 3576 Et
575 3524 698 3574 laudavit

165 3598 287 3651 dominus
302 3599 397 3660 villici,
412 3615 467 3649 non
480 3597 615 3648 Dominus
635 3612 698 3646 om-

166 3670 253 3730 nium,
277 3672 394 3722 villicum
421 3670 580 3736 iniquitatis,
605 3667 633 3717 id
659 3678 699 3717 est

165 3739 285 3792 villicum
296 3743 420 3809 iniquum
432 3760 439 3807 ;
454 3758 510 3792 non
522 3742 594 3806 quod
605 3740 700 3790 adver·

167 3826 215 3862 sus
235 3830 296 3864 eum
321 3815 512 3875 fraudulenter,
528 3815 574 3864 sed
602 3830 651 3880 pro
672 3829 700 3864 se

168 3887 323 3950 prudenter,
356 3890 504 3940 secundum
529 3885 698 3953 prudentiam

168 3956 250 4021 hujus
274 3959 368 4019 seculi,
382 3974 437 4009 non
454 3969 546 4011 tamen
570 3960 637 4010 bene
658 3959 701 4009 vel

434 310 607 362 SECUNDAE
625 311 750 362 PARTlS
764 313 881 366 CAPUT
897 317 954 368 XV.
971 308 974 314 ¹

721 429 859 482 meritorie
870 433 976 499 egisset.
992 434 1052 484 Non
1067 434 1141 485 enim
1155 434 1250 486 lauda-

720 503 836 553 viteam
854 505 887 554 de
903 503 996 555 fraude
1017 520 1099 570 quam
1121 504 1194 570 fecit,
1209 507 1255 557 sed

722 575 756 625 de
781 576 922 640 prudentia
945 586 971 626 et
990 576 1110 642 ingenio,
1128 593 1184 642 quo
1202 576 1254 627 sibi

722 646 753 696 in
776 645 896 696 futurum
910 648 1066 712 prospexi13
1083 657 1124 697 est
1139 662 1258 713 numque

723 717 873 782 prudentia,
883 717 1005 783 quaedam
1015 717 1067 767 sibi
1078 717 1106 767 in
1116 727 1254 783 posterum

724 790 899 856 providentia.
918 792 961 842 Sic
979 791 1074 842 divites
1086 791 1169 856 hujus
1182 806 1260 841 mun-

724 864 753 914 di
768 880 824 914 non
837 875 901 915 sunt
911 864 1058 915 laudabiles
1070 864 1104 914 de
1118 864 1256 930 deceptio-

726 952 760 986 ne
775 936 803 985 in
827 935 928 987 illicitis
947 937 1069 1002 actibus;
1092 936 1138 986 sed
1152 936 1186 987 de
1208 935 1261 985 hoc

726 1008 800 1073 quod
823 1008 968 1072 prudenter
990 1023 1019 1058 se
1046 1016 1207 1058 convertunt
1228 1007 1261 1055 ad

727 1081 943 1131 distribuendum
962 1082 1034 1131 bona
1050 1081 1079 1130 in
1103 1080 1157 1145 piis
1169 1078 1278 1145 operi--

728 1155 789 1215 bus,
811 1165 841 1204 ut
855 1170 902 1220 per
918 1154 970 1204 hoc
983 1153 1141 1220 provideant
1163 1152 1216 1203 sibi
1232 1152 1260 1202 in

727 1226 859 1286 futurum,
876 1227 948 1292 quia,
973 1226 1121 1276 secundum
1144 1224 1261 1275 Ambro-

729 1299 806 1362 sium,
826 1299 882 1348 sola
902 1296 1086 1347 misericordia
1106 1306 1147 1346 est
1165 1309 1258 1345 comes

729 1371 926 1422 defunctorum.
941 1369 991 1419 Cui
1008 1369 1090 1419 etiam
1105 1367 1261 1434 prudentis-

729 1445 799 1494 sime
827 1458 882 1492 non
905 1441 993 1491 solum
1018 1440 1146 1490 dominus
1172 1438 1265 1495 villici,

730 1517 776 1566 sed
802 1516 883 1566 etiam
906 1513 1039 1563 Dominus
1065 1511 1192 1562 omnium
1218 1525 1266 1576 ap-

731 1589 855 1655 plaudere
884 1586 999 1645 videtur,
1032 1585 1202 1649 subjungens
1234 1581 1265 1630 ad

731 1660 797 1726 quid
819 1659 889 1708 hanc
908 1655 1114 1708 similitudinem
1138 1650 1265 1702 dederit:

732 1731 812 1792 Quia,
836 1729 935 1794 inquit,
947 1727 1005 1793 filii
1021 1724 1100 1792 liujus
1116 1723 1211 1786 sectili,
1241 1730 1267 1771 et

732 1803 912 1865 tenebrarum,
928 1801 956 1850 id
969 1808 1010 1850 est
1023 1797 1149 1848 homines
1167 1805 1269 1860 tempo

733 1875 833 1925 talibus
847 1872 954 1934 intenti,
968 1880 995 1920 et
1010 1880 1143 1936 amatores
1160 1865 1268 1921 mundi,

729 1946 919 2014 prudentiores
944 1948 1006 1992 sunt
1026 1941 1099 2008 filiis
1126 1938 1210 2003 lucis,
1241 1937 1269 1987 in

734 2017 908 2083 generatione
930 2029 981 2065 sua
1002 2011 1109 2070 carnali,
1136 2009 1163 2059 id
1185 2018 1227 2060 est
1240 2007 1269 2058 in

735 2091 908 2148 secularibus,
924 2089 956 2138 ad
974 2101 1034 2154 quae
1048 2085 1174 2136 videntur
1188 2081 1268 2148 geni-

735 2166 765 2215 ti.
797 2161 880 2224 Quasi
903 2160 997 2210 dicat:
1019 2156 1110 2223 Magis,
1131 2154 1214 2204 astuti
1244 2162 1271 2204 et

736 2235 830 2288 fervidi
854 2243 919 2283 sunt
946 2231 975 2280 in
997 2228 1147 2281 carnalibus
1164 2235 1193 2277 et
1207 2234 1273 2275 tem-

738 2307 876 2373 poralibus
901 2302 1016 2369 negotiis
1038 2297 1159 2367 agendis,
1186 2310 1269 2362 quam

738 2382 787 2432 filii
803 2380 870 2430 lucis
885 2388 911 2428 et
923 2377 984 2427 vita²
995 2384 1110 2432 aeternae,
1124 2372 1152 2422 id
1164 2381 1207 2421 est
1220 2369 1272 2420 ho-

739 2454 833 2514 mines
859 2447 1047 2516 spiritualibus
1082 2442 1213 2509 deputati,
1247 2448 1274 2489 et

740 2536 871 2577 amatores
887 2519 1046 2575 coelestium,
1067 2516 1124 2565 sint
1145 2513 1175 2562 in
1189 2510 1272 2577 spiri-

740 2596 859 2647 tualibus
881 2589 997 2656 negotiis
1026 2583 1191 2637 exercendis.
1207 2583 1275 2631 Pru·

742 2668 876 2718 dentiores
895 2672 959 2714 sunt
979 2659 1019 2710 illi
1042 2658 1070 2707 in
1092 2657 1174 2714 malo,
1191 2666 1272 2720 quam

743 2738 788 2788 isti
803 2738 831 2786 in
848 2736 929 2785 bono.
944 2731 997 2782 Vix
1011 2729 1084 2778 enirn
1098 2725 1275 2776 inveniuntur

743 2809 836 2876 aliqui,
859 2807 906 2873 qui
927 2815 1029 2855 tantam
1055 2798 1228 2866 prudentiam
1249 2802 1275 2844 et

744 2897 835 2933 curam
851 2881 953 2930 habent
968 2878 997 2927 in
1014 2871 1186 2940 acquirendis
1199 2866 1276 2919 bonis

745 2955 852 3005 aeternis
864 2963 890 3003 et
904 2947 1133 3018 permanentibus,
1149 2950 1275 3017 quantam

744 3025 916 3077 calliditatem
943 3031 969 3072 et
996 3016 1209 3070 sollicitudinem
1233 3011 1276 3061 isa

746 3098 847 3148 habent
871 3096 898 3146 in
921 3089 1092 3158 acquirendis
1114 3086 1195 3136 bonis
1210 3094 1278 3162 tem·

747 3168 884 3234 poralibus
895 3175 922 3215 et
934 3161 1066 3229 fugitivis.
1082 3160 1134 3208 Pro
1145 3155 1192 3206 his
1207 3166 1278 3204 enim

747 3243 790 3291 die
805 3249 940 3303 noctuque
949 3233 1070 3300 vigilant,
1083 3226 1279 3293 angustiantur,

748 3313 879 3369 laborant,
904 3318 930 3356 et
950 3304 1039 3355 modis
1060 3299 1192 3349 omnibus
1216 3293 1280 3374 tales

749 3381 856 3433 divitias
866 3390 1019 3431 coacervare
1030 3389 1083 3423 non
1097 3375 1213 3421 cessant.
1225 3366 1283 3415 Sic-

749 3466 780 3508 ut
803 3455 876 3505 bubo
890 3462 916 3502 et
933 3460 1019 3501 cattus
1030 3445 1127 3497 clarius
1143 3441 1238 3492 vident
1247 3436 1280 3485 de

751 3537 829 3579 nocte
850 3539 933 3591 quam
956 3521 1049 3582 horno,
1069 3531 1124 3565 non
1142 3513 1177 3562 ad
1198 3513 1285 3576 legen·

751 3600 817 3648 dum
840 3596 951 3653 litteras,
981 3590 1028 3641 sed
1057 3587 1090 3637 ad
1122 3581 1284 3661 capiendum

752 3684 858 3731 mures;
881 3668 920 3718 sic
943 3664 993 3715 filii
1015 3659 1099 3712 seculi
1120 3656 1228 3708 acutius
1250 3667 1286 3703 vr·

752 3742 816 3791 dent
831 3754 913 3806 quam
927 3734 976 3786 filii
989 3733 1067 3791 lucis,
1081 3744 1137 3780 non
1153 3728 1188 3776 ad
1203 3724 1286 3776 scien-

752 3814 817 3863 dum
835 3813 934 3877 Legem
948 3805 1007 3865 Dei,
1028 3803 1075 3854 sed
1096 3801 1130 3851 ad
1144 3796 1288 3873 acquirens

753 3886 819 3935 dum
833 3885 905 3934 bona
915 3878 1022 3931 mundi.
1032 3872 1152 3925 Audiant
1166 3870 1226 3947 haec
1238 3864 1286 3946 ,5¹¹¹

753 3955 830 4016 lucis,
845 3964 871 4004 et
887 3967 902 4002 a
918 3949 983 4001 filiis
993 3945 1175 4001 tenebrarum,
1188 3936 1289 3989 scilicet
