2632 4320
15 224 23 253 ι
86 242 88 247 .

19 308 43 433 l

372 289 420 340 DE
434 290 605 344 ADVENTU
621 293 761 347 CHRISTI
776 297 913 352 lUDlClS.

79 411 163 461 runt,
191 412 238 453 aut
259 405 388 460 vexillum
414 404 477 457 fidei
501 407 612 459 victoris

77 477 315 542 triumphantis.»
336 481 492 531 Secundum
517 483 610 550 Chry-

77 556 236 613 mesenum,
264 553 492 618 quemadmodum
518 554 611 621 ingre-

76 622 169 673 diente
185 623 291 687 regein
313 625 460 686 civitatem,
478 627 610 679 exercitus

50 695 224 757 -amecedn,
253 697 300 763 qui
329 698 403 763 signa
444 708 523 766 atque
559 717 608 752 ve-

75 769 141 819 xilla
169 769 270 834 regalia
293 771 439 835 praeferens
465 774 608 826 annuntiat

74 841 147 907 regis
182 841 324 892 introitum
332 860 340 909 3
390 845 444 909 ita,
488 846 606 897 Domino

71 913 250 965 descendente
282 915 315 964 de
348 916 441 977 coelis,
477 919 606 983 praecedet

73 984 206 1035 exercitus
233 986 402 1051 Angelorum
427 999 454 1038 et
481 989 605 1040 Archan-

70 1055 211 1121 gelorum,
246 1057 292 1123 qui
320 1058 430 1124 signum
460 1061 545 1112 crucis
574 1071 605 1113 ut

70 1127 237 1194 triumphale
266 1129 393 1179 vexillum
418 1131 603 1195 praeferentes,

70 1196 197 1248 divinum
216 1199 296 1265 Regis
318 1201 433 1250 coelestis
448 1202 602 1268 ingressum

69 1271 150 1322 terris
182 1273 360 1324 trementibus
390 1275 564 1327 nuntiabunt.

99 1358 115 1392 n
136 1344 276 1395 Peencrus
290 1363 393 1397 omnen
408 1364 500 1398 renna
522 1364 601 1399 imru-

68 1428 197 1464 renrruu.
212 1443 241 1451 -
255 1415 294 1465 Et
318 1423 388 1480 tnnc,
412 1418 513 1468 scilicet
537 1434 600 1469 cum

67 1485 234 1551 triumphale
274 1488 401 1538 vexillum
446 1490 599 1554 videbunt,

61 1556 197 1624 plangent
217 1573 254 1617 se,
276 1558 517 1622 inconsolabiliter,
539 1578 599 1613 sero

65 1641 207 1680 accusante
222 1630 394 1689 conscientia,
408 1646 499 1682 omnes
511 1633 600 1683 tribus

66 1703 156 1761 ierrae,
185 1698 213 1748 id
241 1710 281 1749 est
303 1700 387 1766 aliqui
415 1701 448 1751 de
466 1703 596 1756 omnibus

65 1770 209 1830 tribubus,
239 1781 266 1821 et
287 1772 460 1833 nationibus,
495 1774 598 1828 scilicet

64 1841 145 1905 mali3
173 1843 225 1902 vel,
246 1859 340 1894 omnes
361 1845 449 1894 tribus
462 1855 548 1906 terrae,
569 1848 596 1897 id

63 1922 103 1962 est
112 1928 208 1963 onmes
216 1913 447 1965 hominesterreni
458 1927 484 1967 et
495 1917 595 1983 iniqui,

62 1983 111 2050 qui
136 1997 242 2037 terrena
263 1987 424 2049 dilexerunt,
443 1996 469 2038 et
486 2005 516 2040 ea
538 1991 595 2041 Deo

62 2067 277 2122 prteposuemnt,
295 2059 415 2124 quicum
430 2070 535 2111 terrena
544 2078 595 2112 vo-

58 2127 163 2178 luntate
184 2128 365 2190 decesserunt,
386 2130 487 2196 quibus
503 2133 594 2199 gravis

60 2209 87 2250 et
100 2199 243 2251 tristabilis
258 2202 308 2252 erit
329 2205 459 2256 adventus
479 2206 592 2266 Judicis,

60 2285 143 2336 quem
173 2273 286 2322 terrenis
317 2284 534 2339 postposuerunt.
559 2277 593 2326 Et

59 2350 132 2391 recte
154 2341 220 2392 dicit
239 2359 246 2393 :
264 2344 349 2394 tribus
370 2352 460 2408 terrae,
473 2347 546 2413 quia,
561 2358 592 2398 ut

58 2411 124 2462 dicit
137 2413 335 2479 Hieronymus,
356 2415 384 2465 hi
404 2418 530 2485 plangent
543 2420 590 2485 qui

58 2482 254 2548 municipatum
267 2502 324 2536 non
344 2487 445 2539 habent
465 2489 493 2539 in
506 2490 589 2552 cretis,

57 2556 105 2606 sed
116 2555 213 2621 scripti
227 2558 332 2608 suntin
347 2568 424 2610 terra.
436 2560 489 2611 Ubi
502 2561 591 2628 Chm‘-

57 2632 210 2678 testemur:
228 2647 242 2675 r
256 2629 386 2695 Plangent
401 2631 495 2691 Judaei,
508 2633 590 2697 plan-

56 2707 121 2763 gent
134 2700 264 2765 Gentiles,
287 2703 415 2768 plangent
429 2703 587 2765 Christiani,

55 2771 105 2838 qui
141 2773 231 2840 inagis
264 2775 416 2827 dilexerunt
453 2778 587 2829 mundum

54 2858 139 2909 quem
164 2845 321 2910 Christum3
349 2865 405 2898 non
431 2849 469 2901 sic
500 2850 587 2903 tribus

53 2913 165 2966 Domini
189 2934 197 2966 z
224 2917 294 2969 Illuc
321 2920 390 2969 enim
409 2922 586 2974 ascenderunt

53 2987 140 3039 tribus
160 2989 247 3040 tribus
261 2992 383 3054 Domini,
398 2993 436 3044 ad
457 2995 585 3063 confiten-

53 3056 115 3107 dum
144 3059 245 3108 numini
272 3061 415 3112 Domini...
446 3064 586 3131 Plangent

51 3133 140 3177 anim
168 3143 216 3190 se,
242 3129 269 3179 id
298 3141 339 3181 est
367 3147 445 3182 suam
479 3135 584 3201 culpam

51 3213 135 3263 quam
162 3202 365 3266 commiserunt,
389 3217 467 3255 suam
491 3207 584 3257 stulti-

51 3267 118 3320 tiam
136 3284 220 3336 quam
232 3288 289 3321 non
308 3285 489 3336 correxerunt,
507 3291 583 3328 suam

50 3338 166 3403 gloriam
195 3357 277 3407 quam
317 3343 482 3405 amiserunt,
503 3362 583 3398 suam

50 3423 158 3473 poenam
182 3427 266 3477 quarn
306 3412 486 3466 incurrerunt.
513 3437 527 3464 n
549 3419 583 3468 Et

49 3478 148 3531 iterum
164 3497 174 3531 t
193 3500 207 3528 a
221 3482 298 3534 Tunc
307 3484 442 3550 plangent
452 3501 480 3536 se
492 3501 582 3538 omnes

49 3549 136 3603 itibus
153 3557 243 3615 terrae,
262 3553 309 3619 qui
326 3555 413 3621 magis
430 3556 582 3607 dilexerunt

47 3622 182 3674 mundum
197 3639 280 3690 quam
293 3625 442 3690 Christum,
459 3644 521 3678 cum
532 3644 582 3680 au-

47 3690 148 3745 dierint
167 3709 232 3744 eum
260 3695 317 3746 haec
341 3698 422 3748 verba
447 3699 581 3749 dicentem

45 3760 79 3813 ad
89 3777 121 3813 se
135 3761 220 3830 :Ego
240 3771 349 3832 propter
366 3783 414 3818 vos
434 3767 517 3829 homo
538 3769 580 3818 fa-

45 3842 105 3887 ctus
119 3850 194 3897 sum,
216 3849 324 3903 propter
343 3854 391 3889 vos
410 3840 544 3906 alligatus,
556 3850 582 3890 et

44 3904 171 3967 delusus,
200 3917 226 3958 et
249 3923 351 3970 cresus,
370 3919 397 3960 et
423 3909 577 3973 crucifixum

1145 307 1195 360 sat

662 407 710 459 ubi
725 420 766 461 est
777 421 912 465 tantarum
936 415 1095 480 injuriarum
1118 437 1194 474 mea-

663 498 724 534 rum
743 484 861 537 fructus?
882 489 950 541 Ecce
972 493 1113 557 premium
1127 511 1194 548 san-

662 553 754 618 guinis
776 557 829 607 mei
850 561 924 625 quod
944 561 1004 612 dedi
1020 578 1068 628 pro
1086 566 1194 617 redem-

661 626 754 692 ptione
777 630 930 682 animarum
955 647 1125 703 vestrarum3
1142 641 1191 691 ubi

661 706 701 748 est
713 700 829 751 cerritus
841 711 928 753 vestra
946 721 1029 770 quam
1048 708 1120 759 mibi
1139 726 1191 776 pro

660 767 746 832 pretio
759 772 899 837 sanguinis
922 775 975 824 mei
993 777 1117 829 debetis?
1135 782 1191 847 Ego

659 852 740 903 super
766 840 880 906 gloriam
908 859 996 894 meam
1020 862 1069 896 ros
1096 849 1189 913 habui,

657 921 789 974 apparens
810 911 893 962 homo
914 929 975 963 cum
994 929 1082 966 essem
1100 919 1188 983 Unus3

657 988 684 1028 et
697 980 820 1031 viliorem
842 998 887 1033 me
900 985 1028 1036 omnibus
1042 988 1123 1040 rebus
1138 1006 1188 1043 ve-

657 1049 720 1100 stris
734 1049 843 1104 fecistis.
861 1054 929 1104 Nam
951 1071 1060 1107 omnem
1073 1074 1131 1110 rem
1142 1062 1190 1113 vi·

656 1118 790 1171 lissimam
813 1133 890 1174 terrae
908 1127 1027 1191 amplius
1044 1129 1187 1192 dilexistis,

655 1208 736 1257 quam
761 1195 893 1259 justitiam
918 1214 1020 1259 meam,
1045 1211 1074 1251 et
1091 1202 1185 1258 fidem.

657 1263 733 1314 Tunc
742 1265 878 1330 plangent
886 1283 915 1318 se
928 1283 1018 1320 omnes
1033 1272 1119 1322 tribas
1130 1280 1186 1324 ten·

652 1350 701 1399 rae,
724 1337 791 1402 quia
810 1353 860 1388 nec
877 1341 1019 1391 resistendi
1037 1343 1123 1394 virtus
1144 1355 1186 1397 est

652 1419 745 1460 contra
764 1426 837 1471 eum,
863 1428 912 1463 nec
932 1413 1054 1480 fugiendi
1071 1416 1184 1471 facultas

650 1491 711 1533 ante
723 1483 822 1535 faciem
837 1485 903 1550 ejus,
916 1502 964 1536 nec
979 1489 1126 1552 poenitendi
1137 1493 1182 1544 lo-

651 1567 712 1615 cus;
725 1569 757 1604 ex
777 1558 903 1620 angustia
918 1557 991 1606 enim
1004 1560 1184 1614 omniumre-

650 1639 711 1674 rum
719 1625 789 1676 nihil
803 1627 1074 1695 eisremanetproeter
1083 1634 1181 1686 luctus.

650 1696 745 1746 Merito
755 1698 891 1762 plangent
898 1713 935 1758 se,
946 1700 1011 1765 quia
1018 1711 1181 1771 tuncneque

648 1767 769 1832 pecuniae
791 1767 922 1818 divitibus
934 1782 1047 1834 prosunt
1060 1772 1093 1822 ad
1109 1775 1180 1825 elee-

647 1855 792 1907 mosynam
804 1840 962 1902 faciendam,
977 1858 1065 1909 neque
1079 1861 1179 1910 peren-

646 1921 686 1962 tes
703 1913 766 1978 justi
792 1929 841 1980 pro
854 1912 919 1964 liliis
940 1913 1114 1976 intercedent,
1127 1934 1179 1969 ne·

647 1997 701 2049 que
724 1983 777 2049 ipsi
804 1984 899 2050 Angeli
931 2001 979 2051 pro
1003 1986 1175 2050 hominibus,

645 2054 716 2105 sicut
736 2055 856 2107 solebant
877 2054 962 2106 facere
974 2058 1097 2122 verbum,
1115 2059 1180 2125 quis

646 2142 699 2176 non
710 2128 804 2194 recipit
816 2137 911 2178 natura
923 2129 1014 2193 judicii
1030 2131 1178 2183 misericor·

645 2198 728 2258 diam,
745 2199 816 2250 sicut
834 2215 883 2250 nec
899 2210 1007 2265 tempus
1021 2201 1177 2254 misericor-

644 2267 696 2318 diae
720 2269 862 2334 judicium,
887 2269 992 2321 dicente
1016 2271 1174 2338 Propheta:

643 2338 865 2390 Misericordiam
878 2345 905 2390 et
913 2341 1047 2407 judicium
1063 2345 1176 2396 emin

643 2409 706 2473 tibi,
742 2411 888 2475 Dominee
904 2412 1117 2464 misericordiam
1145 2416 1175 2465 in

642 2479 727 2545 priori
739 2482 866 2541 adventu,
880 2481 1014 2546 judicium
1032 2483 1060 2532 in
1072 2498 1173 2533 secun-

641 2553 677 2602 do
692 2567 699 2601 :
714 2571 729 2600 n
747 2553 802 2603 haec
818 2553 1038 2618 Chrysostomns.
1056 2555 1135 2606 Unde
1148 2565 1175 2607 et

641 2625 758 2690 Ephrem
780 2642 789 2677 τ
814 2644 829 2672 a
855 2625 957 2691 Utique
982 2625 1006 2675 si
1037 2627 1171 2679 sciremus

641 2697 706 2762 quid
721 2696 862 2747 immineat
872 2697 913 2746 vel
926 2696 1073 2758 incumbat,
1086 2714 1103 2748 o
1117 2697 1172 2750 fra-

641 2774 712 2826 tres,
732 2766 831 2833 jugiter
849 2767 1055 2833 plangeremus,
1084 2769 1172 2820 Deum

640 2836 823 2889 obsecrantes!
835 2837 863 2888 Si
878 2838 950 2888 enim
965 2838 1056 2888 omnis
1071 2848 1173 2890 creatu·

637 2925 667 2960 ra
690 2911 896 2972 contremiscet,
924 2920 951 2960 et
982 2911 1041 2975 ipsa
1064 2911 1172 2978 agmine

636 2991 789 3032 sanctornm
810 2982 975 3047 Angelorum
997 2992 1172 3048 expavescent

638 3052 667 3102 in
683 3053 798 3104 adventu
811 3055 878 3119 ejus,
888 3053 955 3120 quid
964 3062 1030 3104 tunc
1039 3053 1170 3120 dicemus,

637 3122 660 3172 si
681 3123 738 3173 'hoc
764 3139 847 3189 parvo
859 3132 981 3190 tempore
1001 3125 1170 3192 negligenter

636 3209 666 3243 ac
686 3194 803 3259 segniter
825 3194 992 3246 vixerimus?
1017 3196 1076 3261 lpse
1095 3210 1171 3246 nem-

636 3279 689 3329 que
700 3279 752 3330 pro
771 3264 822 3315 hac
836 3267 1001 3332 negligentia
1016 3275 1105 3316 nostra
1122 3281 1166 3315 re-

635 3335 739 3385 tionem
753 3337 864 3387 anobis
883 3337 1014 3402 exquiret,
1029 3352 1058 3386 ac
1073 3335 1144 3385 dicet
1160 3353 1166 3385 ι

636 3408 748 3474 Propter
769 3425 818 3460 vos
841 3409 994 3459 incarnatus
1008 3424 1080 3471 sum,
1099 3407 1166 3457 etin

634 3481 713 3531 terris
737 3482 825 3546 palam
850 3491 1037 3546 conversatus3
1058 3488 1165 3545 propter

633 3566 682 3601 vos
693 3551 842 3618 flagellatus
852 3569 923 3615 sum,
935 3561 1093 3616 consputus,
1107 3551 1165 3615 psl-

634 3623 688 3674 mis
710 3640 803 3685 caesus,
825 3623 976 3683 crucifixus,
1000 3631 1164 3687 acetopota-

632 3705 690 3761 tus;
729 3696 882 3763 paradisum
923 3695 1001 3746 robis
1052 3694 1162 3760 aperui,

632 3782 747 3833 regnum
758 3768 886 3818 coelorum
898 3766 976 3816 vobis
995 3764 1093 3829 obtuli,
1106 3764 1164 3830 Spi-

632 3839 714 3891 ritum
740 3842 866 3891 Sanctum
891 3839 969 3889 vobis
990 3837 1070 3899 misi,
1088 3835 1162 3903 quid

633 3911 703 3961 ultra
720 3908 800 3960 d'ebui
812 3908 891 3960 vobis
902 3907 998 3969 facere,
1013 3917 1039 3959 et
1053 3922 1108 3958 non
1122 3905 1163 3957 fe-
