2632 4320
270 215 318 267 DE
334 213 436 267 MODO
451 208 715 265 CORREPTIONIS
728 208 941 270 FRATERNAE,
958 206 1037 262 ETC.
1167 208 1201 263 65

105 331 194 392 sionem,
214 331 262 383 sed
283 342 313 383 ut
341 331 424 383 homo
449 344 497 395 per
516 337 615 380 certam

106 403 271 468 cognitionem,
300 402 380 452 debes
407 401 498 467 ipsum
528 398 615 449 corri-

106 487 149 538 gere
162 473 345 534 amicabiliter,
368 481 477 531 secrete,
493 481 518 522 et
539 484 616 520 seor-

106 557 157 594 sum.
174 545 248 594 Unde
261 543 328 593 dicit
348 560 354 593 :
373 543 406 592 Si
417 541 571 609 peccaverit
589 540 615 591 in

108 617 129 676 le,
142 614 165 663 id
186 624 235 673 est,
262 613 412 664 secundum
425 613 615 679 Augustinum,

107 693 124 734 tc
135 685 234 744 sciente,
245 685 341 750 frater
356 691 425 746 tuus,
441 683 544 734 scilicet
560 698 619 750 pro-

106 753 182 815 ximus,
197 756 303 821 corripe
316 765 343 805 et
357 754 464 821 increpa
480 769 547 817 eum,
562 754 620 804 dul·

106 827 153 878 citer
163 838 186 879 et
207 829 342 879 caritative
363 829 498 879 monendo
519 837 619 879 secrete

107 897 191 950 interce
206 906 232 950 et
248 901 336 965 ipsum
350 899 444 962 solum,
460 910 490 950 ut
504 915 558 949 non
570 899 620 949 de-

106 965 207 1022 ducatur'
217 971 246 1022 in
264 972 413 1038 publicum,
430 972 503 1038 quod
519 981 558 1022 est
572 987 620 1022 oc·

107 1041 203 1104 cultum;
218 1052 250 1092 ut
272 1042 311 1092 sic
326 1043 364 1092 sis
384 1043 548 1102 emendator,
564 1057 619 1092 non

107 1110 205 1162 criminis
232 1113 371 1179 prodidor,
396 1113 539 1164 intendens
565 1128 622 1162 cor·

106 1182 242 1244 rectionem,
266 1198 378 1250 parcens
405 1183 518 1249 pudori3
543 1198 576 1233 ne
597 1181 620 1233 si

109 1252 194 1316 publice
216 1263 356 1319 correptus
379 1254 461 1304 semel
489 1253 620 1318 pudorem

106 1334 138 1373 aot
154 1325 340 1377 verecundiam
356 1325 486 1384 amiserit,
508 1324 535 1374 in
558 1339 623 1390 pec-

105 1403 147 1446 caro
158 1408 321 1464 permaneat,
338 1407 364 1448 et
380 1397 544 1463 pertinacior
557 1396 622 1447 effe-

105 1474 147 1518 ctus
164 1468 272 1519 difficile
296 1468 474 1519 emendabilis
501 1477 619 1530 maneat;

104 1534 155 1590 lorte
166 1540 238 1590 enim
254 1555 309 1605 prae
328 1538 489 1590 verecundia
510 1537 622 1603 incipiet

104 1605 224 1660 defendere
239 1619 376 1676 peccatum
390 1625 481 1670 suum,
496 1618 522 1659 et
540 1623 621 1674 quem

104 1677 133 1728 tis
148 1679 228 1731 facere
250 1680 449 1743 correctiorem,
464 1679 529 1730 facis
543 1680 621 1745 pejo-

103 1761 154 1802 rem.
175 1752 268 1804 Peccat
296 1769 359 1818 ergo
385 1751 465 1802 frater
495 1752 524 1802 in
550 1752 620 1813 illos,

103 1823 186 1888 quibus
221 1825 371 1876 scientibus
400 1835 511 1891 peccat;
548 1825 620 1890 quia,

102 1907 215 1958 quantum
238 1896 267 1946 in
287 1911 318 1946 eo
343 1907 391 1958 est,
417 1896 540 1961 exemplo
561 1911 622 1946 cor-

103 1966 188 2032 rumpit
208 1983 278 2034 quos
298 1977 380 2018 testes
400 1983 456 2019 suae
471 1966 623 2033 iniquitatis

101 2034 174 2087 efficit.
193 2039 318 2105 Corripe,
335 2038 457 2105 inquam,
473 2053 531 2089 eccm
544 2055 553 2088 .·
568 2053 622 2087 non

101 2102 194 2169 laudes,
222 2108 374 2172 aduland0;
410 2125 466 2159 non
498 2107 621 2167 occidas,

100 2180 272 2244 convitiando;
297 2197 351 2231 non
379 2181 467 2242 sileas,
492 2195 623 2231 verecun-

100 2247 191 2314 dando;
216 2267 272 2301 non
295 2252 424 2318 negligas
452 2251 621 2318 pigritando;

52 2328 57 2369 2'
98 2335 141 2372 oon
155 2321 320 2383 dissimules,
333 2321 490 2373 inimicitias
501 2324 542 2373 vel
552 2323 625 2373 dam·

52 2380 55 2411 ³
98 2406 124 2442 na
145 2392 304 2457 temporalia
328 2393 489 2455 metuendo;
505 2408 560 2443 non
579 2393 623 2457 ju-

52 3992 68 4090 l

96 2477 141 2522 nes,
167 2460 332 2528 obsequium
355 2463 519 2528 praestando.
547 2462 624 2513 Unde

96 2533 150 2585 dicit
166 2535 269 2585 Seneca
289 2553 298 2586 c
314 2535 431 2586 «Amici
454 2535 519 2586 vitia
538 2534 561 2585 si
584 2535 624 2586 fe-

94 2618 140 2666 ras,
153 2605 222 2658 facis
238 2614 303 2669 tua3
320 2606 363 2656 bis
377 2621 479 2671 peccas,
494 2621 556 2656 cum
568 2621 625 2671 pec-

95 2675 139 2726 cati
147 2675 311 2741 obsequium
326 2675 528 2726 accommodas:
539 2694 552 2722 o
567 2677 625 2726 haec

97 2745 197 2797 Seneca.
218 2746 258 2796 Et
283 2747 309 2796 εἰ
328 2757 353 2797 te
379 2747 507 2810 audierit,
533 2746 624 2812 poeni-

96 2817 168 2866 tendo
181 2826 208 2867 et
227 2826 363 2882 apeccato
377 2818 515 2876 cessando,
531 2818 624 2868 lucra-

98 2890 136 2936 tus
156 2887 213 2937 eris
237 2887 322 2949 illum,
344 2888 464 2938 animam
487 2889 544 2953 ejus
569 2889 624 2939 sal-

97 2956 195 3020 vand03
211 2966 238 3008 et
251 2958 309 3023 ejus
332 2958 465 3009 revocatio
489 2959 563 3009 cedet
574 2957 624 3007 tibi

97 3022 124 3073 in
134 3025 237 3077 lucrum
252 3027 399 3094 spirituale,
416 3028 518 3079 scilicet
529 3028 626 3078 salutis

99 3097 190 3151 animae
202 3109 266 3161 tuae,
283 3101 356 3167 quia,
371 3111 400 3152 ut
412 3101 477 3152 dicit
490 3101 628 3168 Hierony·

100 3183 162 3234 mus,
185 3187 232 3238 per
261 3174 374 3240 salutem
403 3173 520 3232 alterius,
547 3172 627 3223 nobis

101 3257 202 3312 quoque
223 3247 374 3313 acquiritur
395 3247 476 3297 salus.
501 3247 535 3297 Et
557 3254 627 3297 certe

103 3313 214 3378 libenter,
240 3333 271 3367 ac
297 3317 438 3384 patienter,
462 3317 541 3368 debet
565 3317 628 3384 quis

104 3385 209 3453 recipere
223 3389 429 3454 correptionem,
450 3399 557 3455 propter
574 3389 629 3438 ani-

104 3466 149 3506 mae
160 3471 213 3509 suae
231 3458 384 3509 utilitatem.
405 3459 484 3510 Unde
504 3454 626 3510 Seneca:

106 3523 276 3579 «Moneberis
298 3529 422 3590 libenter,
443 3540 470 3580 et
483 3530 629 3595 reprehen-

106 3595 171 3650 deris
181 3601 328 3666 patienter3
346 3601 369 3652 si
390 3602 488 3651 merito
502 3602 630 3667 objurga·

106 3668 139 3721 tit
151 3681 176 3722 te
185 3674 294 3741 aliquis,
317 3674 384 3726 scito
400 3675 464 3741 quia
478 3675 589 3740 profuit,
605 3684 631 3725 et

106 3738 126 3790 ti
146 3740 290 3806 immerito,
316 3744 385 3795 scito
414 3744 479 3811 quia
504 3744 630 3810 prodesse

105 3812 190 3868 voluit.
205 3815 267 3866 Non
282 3817 386 3882 acerba,
401 3817 448 3867 sed
464 3817 560 3868 blanda
573 3832 630 3868 ver·

163 3929 231 3984 Vtra
244 3931 307 3984 lesu
324 3914 445 3995 Cnarsrr,
459 3947 546 3985 tortus
560 3931 605 3986 Ill.

667 327 701 377 ba
715 326 811 377 timeas
825 341 832 377 c
849 345 863 374 o
878 326 934 377 haec
946 327 1058 378 Seneca.
1068 325 1103 377 Si
1114 331 1204 378 autem

669 404 693 448 te
716 412 767 448 non
793 397 919 460 audierit,
946 408 1032 449 taceas
1059 407 1085 448 et
1106 412 1203 458 cesses,

668 469 752 520 donec
775 469 856 519 aliam
877 469 948 519 viam
972 469 1131 535 procedendi
1152 469 1205 520 ha-

662 541 741 591 beas.
765 540 825 590 Atia
844 551 934 590 autem
954 541 998 591 via
1009 551 1098 606 potest
1110 539 1204 591 haberi

669 612 811 679 dupliciter
825 629 832 662 z
847 613 992 679 quiaillud
1006 623 1144 680 peccatum
1159 618 1205 664 aut

669 696 709 736 est
729 685 859 745 iterabile,
883 696 929 736 aut
949 701 1020 749 non;
1036 686 1058 736 si
1072 685 1108 736 sit
1122 685 1205 737 itera-

671 756 735 816 bile,
753 756 834 806 debes
849 755 988 822 aliquibus
1002 757 1080 807 bonis
1095 755 1142 823 qui
1155 771 1205 807 ve·

671 827 722 877 lint
751 827 876 892 prodesse
899 826 1001 893 aliquid
1025 828 1127 888 dicere,
1157 841 1207 893 pet·

670 897 744 963 quod
766 908 879 964 possunt
902 912 965 947 eum
995 897 1205 963 deprehendere,

672 979 703 1019 ut
714 978 803 1019 tecum
816 968 922 1034 possint
936 983 999 1019 eum
1014 969 1161 1034 corripere;
1181 967 1204 1019 si

671 1051 762 1092 autem
787 1057 841 1091 non
858 1041 893 1092 sit
907 1040 1038 1100 iterabile,
1061 1040 1206 1093 nihilomi-

672 1127 723 1162 nus
737 1127 827 1163 coram
841 1112 940 1163 talibus
960 1121 1035 1177 potes
1048 1127 1110 1162 eum
1125 1112 1207 1163 corri·

674 1199 746 1250 pere,
762 1194 792 1235 ut
808 1185 842 1235 de
859 1184 906 1235 illo
924 1183 1060 1250 poeniteat.
1075 1185 1147 1234 etde
1165 1183 1206 1234 si-

673 1255 733 1305 mili
755 1254 809 1306 sibi
837 1265 943 1319 caveat3
969 1270 1017 1304 nec
1040 1269 1068 1306 es
1086 1253 1209 1320 proditor

672 1324 788 1376 fraterni
813 1326 946 1386 criminis,
969 1324 1039 1376 sicut
1060 1325 1124 1377 dicit
1146 1326 1209 1375 Au-

673 1397 811 1461 gustiana.
826 1396 853 1446 Si
866 1412 929 1463 ergo
946 1411 994 1463 per
1006 1395 1122 1462 primam
1135 1394 1208 1447 viam

675 1479 797 1534 peccator
819 1484 873 1518 non
897 1469 1052 1520 emendetur
1075 1484 1083 1519 ε
1104 1468 1208 1521 Adhibe

673 1548 758 1593 tecum
787 1557 867 1593 unum
892 1542 934 1594 vel
961 1544 1037 1607 duos,
1065 1542 1101 1594 ita
1123 1541 1207 1610 quod,

672 1613 820 1663 secundum
834 1612 1050 1678 Hieronymum,
1066 1629 1128 1664 cum
1144 1628 1207 1680 pec-

674 1690 747 1731 cator
757 1697 812 1730 non
828 1680 902 1731 audit
917 1681 1106 1747 corripientem
1122 1683 1150 1733 in
1162 1699 1209 1734 se-

673 1759 755 1810 ereto,
774 1749 864 1814 primo
887 1749 966 1801 debet
988 1751 1110 1800 adhiberi
1135 1766 1207 1802 unus

673 1820 720 1887 qui
751 1820 899 1871 secundum
930 1822 1122 1886 Augustinum,
1144 1823 1204 1872 vult

677 1893 805 1960 prodesse
826 1907 881 1941 non
904 1891 1008 1941 obesse.
1025 1890 1104 1951 Quod
1121 1892 1144 1942 si
1162 1907 1211 1944 nec

676 1967 755 2017 illum
781 1964 905 2025 audierit,
926 1964 1086 2015 adhibeatur
1107 1975 1132 2016 et
1151 1975 1210 2033 ter-

675 2037 750 2100 tius;
767 2036 809 2086 vel
829 2035 982 2101 corrigendi
995 2036 1096 2097 studio,
1111 2046 1142 2088 ut
1155 2037 1211 2088 sci-

676 2108 739 2159 licet
760 2115 806 2157 aut
826 2106 1022 2167 admonitione,
1039 2118 1084 2157 aut
1108 2108 1213 2173 pudore

674 2183 838 2249 corrigatur,
872 2183 913 2232 vel
947 2183 1122 2233 conveniendi
1146 2199 1208 2234 eum

675 2253 725 2304 sub
740 2253 865 2314 testibus,
880 2263 910 2303 ut
925 2253 959 2303 de
974 2263 1080 2319 peccato
1096 2255 1211 2307 convin-

674 2326 830 2390 caturfflvel,
850 2326 1000 2377 secundum
1027 2327 1163 2388 Glossam,
1186 2327 1209 2379 si

674 2397 773 2448 dixerit
787 2412 841 2446 non
856 2412 914 2447 esse
932 2408 1083 2463 peccatum,
1096 2398 1212 2463 probent

675 2466 840 2518 contrarium
856 2483 863 2516 τ
884 2467 920 2518 Ut
940 2467 967 2516 in
982 2481 1029 2517 ore
1043 2467 1155 2518 door-um
1169 2469 1211 2520 vel

676 2539 766 2600 trium,
790 2542 843 2586 stet
868 2550 943 2586 omne
965 2538 1082 2587 verbum.
1104 2538 1132 2588 Si
1147 2554 1210 2604 ergo

675 2621 813 2677 peccatum
840 2608 953 2658 omnino
989 2619 1029 2659 est
1055 2611 1211 2672 occultum,

676 2690 739 2730 tunc
765 2678 845 2729 frater
869 2678 1031 2744 corripiatur
1045 2681 1165 2745 occulte;
1187 2681 1212 2732 si

675 2762 766 2805 autem
793 2762 833 2803 est
857 2751 1009 2817 publicum,
1042 2762 1107 2803 tunc
1133 2755 1213 2806 debet

676 2823 776 2890 corripi
795 2824 911 2890 publice,
930 2824 995 2889 quia
1015 2833 1079 2874 tunc
1095 2840 1150 2875 non
1163 2841 1212 2876 so-

676 2896 733 2944 lum
758 2910 827 2960 opus
850 2904 941 2945 estut
965 2894 1022 2960 ipse
1043 2897 1210 2956 emendetur,

676 2967 722 3017 sed
748 2976 774 3016 et
802 2965 841 3016 illi
867 2981 936 3032 quos
959 2966 1155 3029 scandalizavit,
1184 2969 1212 3018 in

677 3037 734 3103 ipsa
756 3036 897 3102 punitione
917 3037 1100 3102 aedificentur;
1115 3049 1141 3090 et
1155 3040 1212 3106 ejus

677 3108 801 3173 exemplo
822 3106 868 3157 alii
897 3108 1018 3169 timeant,
1042 3119 1069 3159 et
1094 3124 1110 3160 a
1133 3109 1212 3160 malis

678 3186 858 3229 coerceantur.
880 3178 914 3228 Et
938 3178 960 3229 si
985 3195 1041 3228 non
1062 3180 1147 3246 prosit
1167 3188 1233 3230 se-'

678 3249 767 3300 cunda
778 3248 830 3313 via,
849 3248 924 3299 addit
943 3249 1076 3300 Dominus
1096 3249 1212 3308 tertiam,

680 3336 741 3387 quae
766 3319 846 3371 habet
861 3320 917 3371 vim
934 3320 1089 3382 coactivam,
1104 3319 1212 3369 dicens:

681 3391 758 3452 Quod
779 3391 805 3442 si
826 3405 881 3453 ene,
907 3390 1007 3441 scilicet
1026 3400 1115 3442 tecum
1129 3388 1215 3439 corri-

680 3462 784 3528 pientes
805 3471 833 3512 et
851 3471 1061 3524 commonentes,
1087 3473 1138 3509 non
1163 3472 1217 3509 au-

680 3533 770 3595 dierit,
787 3549 816 3584 se
833 3532 999 3599 corrigendo,
1015 3532 1058 3582 dic
1071 3528 1213 3591 Eeclesr‘ae,

681 3603 764 3653 idest
788 3605 897 3669 praelato
916 3618 964 3669 per
983 3598 1215 3669 denuntiationem

683 3674 828 3740 publicam,
850 3673 902 3725 sibi
927 3670 1087 3728 intimando,
1111 3679 1141 3720 ut
1168 3670 1215 3736 qui

682 3745 757 3811 prius
782 3760 841 3796 eras
865 3753 1008 3802 corrector,
1034 3751 1142 3808 propter
1158 3743 1216 3808 ejus

683 3815 867 3885 pertinaciam,
883 3814 930 3867 lias
944 3821 1094 3878 accusator3
1110 3822 1137 3865 et
1150 3822 1215 3865 tunc

1108 3927 1122 3980 5
