2632 4320
201 265 249 316 DE
265 265 413 318 ORANDO
429 266 479 317 ET
495 266 750 319 EXSPECTANDO
767 269 974 332 ADVENTUM,
992 272 1069 324 ETC.
1141 270 1189 325 32¹

76 381 145 431 iram
165 379 214 431 Dei
240 381 268 430 in
289 391 438 447 peccatores
464 381 611 448 designan-

75 455 123 515 tia,
155 464 180 505 et
212 454 244 504 ad
268 456 459 506 ostendendam
485 456 532 506 Dei
561 473 609 522 pa-

76 537 164 576 ratam
202 535 294 575 contra
328 541 373 576 eos
399 526 555 578 vindictam.
578 528 611 577 Et

74 599 146 648 sicut
178 595 280 646 offenso
320 597 460 657 Domino,
489 598 611 648 turbatur

76 670 134 734 ejus
154 665 257 716 familia
269 677 360 717 contra
374 667 555 731 offendentes;
571 667 610 718 sic

76 747 198 789 creatura
216 737 265 786 Dei
280 738 403 788 turbatur
418 749 510 790 contra
524 753 610 804 pecca-

76 821 156 861 tores.
175 809 219 868 Et,
234 809 384 859 secundum
405 809 516 872 Bedam,
538 825 609 876 quo·

77 881 158 930 modo
184 880 308 945 impulsae
331 880 364 930 ad
389 895 481 931 casum
501 882 610 932 arbores

77 950 197 1017 fragores
224 961 369 1016 motusque
390 950 432 1001 sui
449 952 610 1016 praemittere

77 1023 165 1085 solent
184 1021 293 1080 indicia,
312 1021 351 1071 sic
378 1023 493 1072 termino
514 1021 608 1072 mundi

77 1094 321 1160 appropinquante,
336 1094 412 1160 quasi
427 1094 549 1160 paventia
562 1110 610 1144 nu·

77 1175 135 1217 tant
150 1176 178 1216 et
196 1177 307 1232 gemunt
321 1168 453 1218 elementa
476 1178 503 1218 et
519 1167 609 1218 omnis

77 1246 207 1287 creatura.
221 1238 262 1296 Et,
272 1247 302 1287 ut
309 1236 375 1288 dicit
387 1238 607 1305 Chrysostomus,

76 1310 146 1359 sicut
167 1310 260 1370 homo,
285 1327 346 1360 cum
374 1311 498 1372 moritur,
511 1311 610 1376 patitur

77 1384 232 1450 phantasias
250 1395 276 1435 et
290 1385 456 1436 turbationes
469 1385 608 1444 maximas,

77 1457 125 1524 qui
144 1468 185 1507 est
212 1457 417 1518 microcosmus,
441 1457 497 1508 sive
520 1457 610 1507 minor

77 1528 216 1593 mundus;
247 1528 286 1578 sic
317 1543 525 1591 macrocosmus,
554 1528 610 1579 sive

76 1599 163 1663 major
177 1600 303 1663 mundus,
315 1599 440 1650 deficiens
457 1608 529 1649 totus
543 1615 610 1650 con-

78 1668 243 1719 turbabitur.
261 1669 373 1720 Modum
393 1669 467 1719 enim
481 1668 610 1720 delicien-

77 1739 104 1789 di
127 1738 157 1789 in
182 1739 286 1803 majori,
312 1739 434 1801 mundo,
459 1755 491 1790 ex
510 1739 610 1790 minori

77 1819 183 1875 oportet
206 1809 331 1874 accipere.
358 1811 426 1861 Nota
445 1810 490 1861 hic
512 1810 610 1866 Domi-

80 1895 146 1930 num
163 1880 279 1930 breviter
294 1882 417 1945 quaedam
431 1881 551 1948 tetigisse
569 1881 610 1932 si-

78 1965 131 2018 gna
145 1951 219 2001 diem
232 1950 324 2017 judicii
340 1953 523 2017 praecedentia.
540 1952 612 2003 Dici-

78 2035 123 2074 tur
145 2033 236 2074 autem
266 2024 293 2074 in
313 2025 471 2075 scholastica
498 2025 610 2076 historia

78 2094 144 2159 quia
157 2094 355 2162 Hieronymus,
380 2095 408 2144 in
422 2095 564 2147 annalibus
580 2096 611 2146 li-

78 2164 135 2216 bris
176 2165 350 2216 Hebraeorum
393 2165 498 2216 invenit
534 2167 611 2232 signa

77 2234 237 2301 quindecim
251 2235 356 2287 dierum
371 2246 432 2287 ante
450 2237 522 2287 diem
536 2237 610 2301 judi-

21 2356 24 2363 ,
78 2307 132 2372 cii;
162 2307 208 2357 sed
228 2316 320 2357 utrum
343 2307 401 2358 dies
425 2308 465 2358 illi
488 2309 609 2360 continui

78 2377 163 2427 futuri
177 2377 241 2438 sint,
262 2393 296 2428 an
316 2378 479 2444 interpolati,
497 2395 551 2429 non
567 2395 611 2431 ex-

78 2447 187 2515 pressit,
206 2449 257 2499 hoc
276 2459 365 2499 autem
389 2450 502 2500 multam
530 2451 611 2503 habet

77 2520 251 2572 dubietatem.
263 2522 352 2572 Prima
366 2521 409 2572 die
422 2522 505 2588 eriget
515 2539 543 2573 se
558 2539 612 2574 ma·

78 2605 107 2642 re
127 2591 305 2658 quadraginta
319 2591 417 2643 cubitis
444 2608 527 2659 super
546 2595 610 2645 alti-

78 2661 201 2714 tudinem
224 2662 369 2723 montium,
398 2673 473 2714 stans
497 2663 525 2714 in
551 2665 610 2716 loco

78 2749 130 2784 suo
144 2733 223 2799 quasi
235 2750 345 2797 murus;
362 2736 485 2797 secunda,
503 2735 532 2785 in
550 2745 611 2786 tan-

78 2814 138 2855 tum
154 2804 296 2856 descendet
311 2816 340 2855 ut
354 2806 399 2855 vix
407 2805 491 2856 videri
508 2806 610 2873 possit;

78 2874 167 2935 tertia,
182 2875 292 2925 marinae
307 2876 412 2936 belluae,
440 2876 541 2927 scilicet
560 2877 611 2928 ba·

77 2946 144 2996 lenoe
167 2955 194 2995 et
215 2945 372 3009 hujusmodi
391 2957 547 3011 apparentes
563 2963 611 2999 su-

78 3030 126 3082 per
141 3031 215 3067 mare
228 3017 330 3067 dabunt
346 3017 452 3083 rugitus
470 3034 557 3084 usque
577 3019 610 3070 ad

78 3086 195 3150 coelum;
219 3098 323 3153 quarta,
354 3088 458 3138 ardebit
488 3104 561 3140 mare
585 3098 613 3140 et

77 3173 156 3224 aquae
170 3174 281 3223 omnes;
297 3160 401 3227 quinta,
416 3161 507 3212 herboe
521 3171 547 3212 et
566 3177 611 3212 ar-

79 3228 159 3278 bores
182 3228 284 3280 dabunt
307 3246 396 3281 rorem
416 3231 611 3297 sanguineum

78 3309 162 3360 sexta,
177 3300 270 3351 omnia
289 3312 368 3352 ruent
387 3301 513 3367 aedificia;
527 3303 612 3368 septi-

78 3384 134 3437 ma,
148 3380 229 3437 petrae
245 3371 277 3421 ad
299 3371 413 3423 invicem
437 3373 611 3438 collidentur,

78 3455 182 3505 octava,
198 3442 243 3494 fiet
256 3445 387 3510 generalis
408 3455 484 3497 terrae
506 3455 611 3511 motus;

79 3528 168 3574 nona,
205 3515 356 3579 aequabitur
381 3525 465 3579 terra,
494 3516 613 3578 decima,

80 3583 195 3637 exibunt
222 3583 350 3636 homines
379 3585 412 3636 de
432 3587 561 3648 cavernis,
588 3597 614 3638 et

78 3653 196 3705 exibunt
208 3654 283 3705 velut
297 3667 426 3716 amentes,
448 3671 496 3706 nec
518 3666 614 3709 mutuo

79 3732 210 3792 poterunt
233 3724 325 3792 loqui3
341 3727 493 3789 undecima,
504 3739 616 3795 surgent

78 3809 143 3847 ossa
164 3804 344 3857 mortuorum,
360 3806 386 3848 et
409 3799 520 3849 stabunt
534 3812 616 3865 super

78 3868 226 3936 sepulchra
245 3883 308 3936 sua,
331 3869 498 3932 duodecima,
521 3872 616 3923 cadent

147 3983 218 4034 Vrra
237 3984 301 4036 issu
318 3984 439 4048 Cuarsrt,
456 4002 543 4040 rouus
560 3988 603 4040 lll.

664 383 746 434 stellae
767 384 800 435 de
814 386 881 436 coelo
895 387 1045 438 secundum
1061 392 1193 455 quosdam

663 455 750 520 quoad
777 457 976 522 apparentiam
994 459 1192 527 tertiadecima,

663 524 811 575 morientur
845 527 969 578 homines
1006 528 1124 581 viventes
1162 542 1193 582 ut

662 610 724 645 cum
745 597 861 647 mortuis
879 608 1032 665 resurgant3
1048 602 1192 667 quartade-

662 665 739 726 cima,
752 667 856 717 ardebit
868 668 965 718 coelum
980 681 1006 720 et
1024 680 1102 732 terra,
1113 672 1140 722 id
1152 682 1193 725 est

662 738 816 804 superficies
838 740 906 791 aeris
928 751 954 791 et
976 751 1067 805 terrae;
1084 745 1193 810 quinta-

661 809 774 874 decima,
789 810 834 862 fiet
847 813 945 862 coelum
959 830 1059 865 novum
1083 828 1109 868 et
1122 828 1193 869 terra

662 895 740 941 nova,
755 892 781 931 et
795 898 889 933 omnes
904 883 1028 935 homines
1041 899 1191 954 resurgent.

662 953 686 1002 Ο
709 968 755 1003 cor
775 970 892 1020 nequam
915 955 937 1005 si
963 957 995 1006 ad
1023 958 1079 1008 haec
1100 961 1192 1012 audita

662 1040 714 1073 non
736 1027 860 1087 mollitis,
883 1044 930 1078 nec
956 1029 989 1079 ad
1007 1031 1191 1095 poenitentiam

662 1096 822 1159 provocaris,
836 1097 929 1148 durius
943 1113 970 1148 es
985 1099 1080 1165 lapide,
1096 1101 1192 1154 durius

661 1165 815 1217 adamante!
831 1167 895 1218 Haec
920 1168 993 1218 enim
1014 1169 1092 1235 signa
1109 1172 1191 1223 terri-

662 1234 727 1285 bilia
758 1252 818 1303 quae
851 1239 1021 1303 praecedunt,
1043 1241 1192 1294 terribilius

661 1305 791 1370 judicium
806 1310 878 1374 quod
897 1309 1019 1374 sequitur
1036 1313 1191 1365 ostendunt.

663 1377 743 1428 Unde
773 1379 985 1446 chrysostomus
1003 1399 1012 1432 .-
1033 1401 1047 1429 α
1061 1382 1194 1435 Terribile

662 1463 702 1503 est
724 1453 791 1504 illud
816 1454 958 1519 judicium,
983 1466 1008 1506 et
1031 1457 1195 1510 inevitabilis

662 1533 703 1573 est
716 1539 801 1588 poena,
817 1536 843 1575 et
867 1524 1035 1577 intolerabile
1056 1527 1122 1578 illud
1135 1539 1192 1580 tor-

663 1600 792 1642 mentum.
816 1592 843 1642 Si
862 1604 951 1644 autem
974 1595 1015 1645 vis
1034 1612 1121 1663 neque
1149 1599 1194 1649 hic

662 1662 726 1711 dare
738 1661 893 1722 vindictam,
908 1664 1021 1714 decerne
1040 1665 1073 1715 de
1086 1675 1113 1716 te
1123 1667 1193 1732 ipso,

662 1744 688 1786 et
698 1745 816 1800 expetea
830 1736 916 1802 teipso
933 1753 1024 1788 noxas.
1038 1739 1108 1789 Audi
1124 1741 1194 1792 Pau-

660 1808 720 1858 lum
734 1807 889 1858 dicentem:
909 1809 989 1870 Quod
1009 1810 1034 1860 si
1056 1812 1198 1879 nosmetip-

662 1892 708 1928 sos
725 1876 940 1943 dijudicaremus,
963 1894 1013 1930 non
1037 1881 1126 1946 utique
1141 1881 1192 1948 ju·-

663 1947 832 2010 dicaremur,·
862 1947 885 1997 si
914 1948 965 1999 hoc
983 1948 1103 2010 feceris,
1120 1951 1192 2002 viam

663 2019 818 2084 praevenies,
845 2029 870 2069 et
897 2021 930 2069 ad
960 2036 1086 2070 coronam
1109 2021 1192 2073 deve·

662 2093 729 2143 nles.
760 2111 774 2140 u
804 2094 845 2154 Et,
866 2105 898 2145 ut
931 2094 968 2144 ait
997 2095 1156 2147 Beruardus
1182 2114 1191 2148 :

663 2163 813 2224 «Qualiter
833 2173 987 2230 expetemus
1011 2165 1157 2216 vindictam
1178 2182 1194 2218 a

663 2234 827 2301 nobisipsis?
840 2235 924 2301 Luge,
934 2235 1081 2301 ingemisce
1095 2252 1193 2298 amare,

662 2306 779 2358 humilia
801 2308 928 2373 teipsum,
948 2307 1071 2374 vitupera
1094 2318 1129 2373 te,
1151 2324 1196 2360 re-

663 2394 783 2429 memora
797 2390 965 2444 peccatorum
977 2382 1124 2431 secundum
1139 2397 1196 2448 spe-

663 2449 743 2500 ciem.
761 2449 814 2509 Qui
830 2449 902 2499 enim
913 2449 977 2499 facit
992 2451 1052 2512 hoc,
1069 2451 1105 2501 ita
1117 2467 1194 2503 com-

663 2528 807 2586 pungetur,
833 2530 863 2570 ut
886 2534 974 2584 neque
996 2520 1050 2570 vita
1077 2521 1192 2586 dignum

662 2593 782 2659 seipsum
809 2607 868 2642 esse
885 2592 1009 2651 aestimet,
1033 2591 1081 2658 qui
1103 2603 1193 2644 autem

663 2664 714 2714 hoc
743 2660 874 2725 aestimat,
905 2676 963 2712 cera
987 2661 1063 2711 omni
1085 2663 1195 2714 mollior

662 2733 723 2784 erit.
738 2733 830 2799 Neque
846 2731 929 2798 igitur
943 2746 1023 2797 parva
1042 2732 1099 2783 haec
1117 2732 1195 2783 aesti-

662 2818 720 2854 mes
746 2818 813 2863 esse,
833 2805 879 2853 sed
900 2817 1031 2868 congrega
1047 2804 1148 2864 omnia,
1167 2814 1194 2855 et

663 2873 702 2924 sic
725 2883 755 2924 ut
776 2873 805 2922 in
831 2872 901 2923 libro
916 2872 1012 2923 scribe.
1028 2873 1057 2924 Si
1070 2874 1143 2924 enim
1163 2883 1193 2926 tu

663 2943 811 3009 scripseris,
836 2943 909 2993 Deus
933 2936 1047 3009 delebit;
1076 2944 1147 2996 sicut
1169 2944 1193 2997 si

662 3026 692 3066 tu
707 3031 761 3065 non
776 3014 1010 3079 scripserisbeus
1026 3026 1052 3066 et
1066 3016 1194 3068 inscribet

662 3095 688 3136 et
703 3084 849 3136 vindictam
865 3094 978 3150 expetet.
1000 3086 1117 3137 Multum
1139 3087 1195 3154 igi-

663 3165 707 3206 tur
721 3154 819 3205 melius
842 3166 882 3206 est
903 3156 1012 3206 anobis
1036 3156 1146 3208 inscribi
1168 3168 1194 3208 et

663 3225 792 3276 divinitus
814 3225 906 3287 deleri,
928 3243 1010 3294 quam
1027 3243 1042 3279 e
1061 3227 1194 3278 contrario

665 3295 744 3346 nobis
764 3294 901 3346 oblivione
917 3296 1093 3358 tradentibus,
1108 3297 1195 3347 Deum

665 3383 695 3419 ea
709 3376 769 3418 ante
793 3367 886 3418 oculos
901 3381 1007 3420 nostros
1026 3369 1130 3428 offerre,
1149 3383 1195 3419 se·

666 3440 785 3492 cundum
805 3439 877 3490 diem
893 3440 977 3491 illam.
998 3442 1034 3492 Ut
1053 3440 1135 3507 igitur
1146 3440 1199 3492 hoc

667 3531 723 3565 non
738 3514 792 3576 liat,
807 3516 900 3566 omnia
913 3531 975 3566 cum
997 3515 1140 3581 diligentia
1153 3530 1198 3566 re-

665 3584 833 3651 cogitemus,
859 3595 884 3635 et
905 3584 1074 3636 inveniemus
1106 3584 1200 3636 multis

665 3656 790 3724 nosipsos
801 3656 944 3709 obnoxios.
966 3657 1088 3717 Qualiter
1113 3655 1198 3727 igitur

666 3739 707 3782 est
720 3729 815 3782 salvari
841 3727 897 3779 ais?
918 3728 1057 3780 Contraria
1084 3728 1127 3778 his
1142 3727 1200 3778 for-

667 3808 737 3851 mata
758 3809 895 3866 ponentes.
918 3799 1098 3850 Attendamus
1115 3799 1200 3866 igitur

670 3881 696 3924 et
708 3886 755 3938 per
775 3871 867 3924 omnia
880 3870 989 3923 vulnera
1009 3886 1198 3939 expurgemus.

1071 4003 1101 4040 21
