2632 4320
127 113 174 163 DE
192 113 373 162 OBLATlON
377 114 398 162 E
412 114 541 174 VlDUAE,
556 115 602 165 AC
615 115 789 166 PHARISAEI
803 115 852 166 ET
866 115 1001 167 PUBLlC.
1016 119 1123 171 ORAT.
1141 121 1192 187 237

10 227 16 238 ”
75 229 152 281 travit
173 228 203 279 in
224 244 271 279 cor
291 228 411 279 hominis
430 245 477 295 per
492 229 605 296 gratiam

73 303 291 370 praevenientem,
312 303 446 352 movendo
463 304 552 368 ipsum
573 304 605 354 ad

71 372 271 436 contritionem,
297 372 379 422 intrat
401 383 491 439 postea
517 374 546 425 in
563 374 607 440 ip-

70 460 131 496 sum
169 458 218 509 per
253 442 367 508 gratiam
405 436 605 510 proficientem,

69 517 210 583 purgando
239 515 317 576 illud,
337 525 363 566 et
387 517 518 582 ejiciendo
544 518 606 569 inde

68 596 177 654 peccata
193 601 240 653 per
265 585 481 652 confessionem
501 599 527 639 et
542 598 605 641 tunc

68 661 197 711 Christus
228 668 304 709 sanat
330 659 413 720 illud,
439 662 529 712 dando
561 662 605 713 in-

67 729 215 797 dulgentiae
234 729 432 795 remissionem,
446 732 519 782 unde
537 733 605 783 sub·

67 802 142 852 ditur
162 801 201 851 ibi
220 801 253 852 de
271 799 440 852 infirmorum
455 803 603 854 sanatione.

67 876 174 926 Deinde
201 874 327 926 Christus
356 874 465 926 intravit
504 877 603 944 Betha-

67 945 161 1006 uiam,
201 960 261 1012 quae
292 945 480 1011 interpretatur
509 947 604 998 domas

67 1018 238 1080 obedientiae,
262 1017 326 1084 quia
349 1026 492 1084 postquam
516 1019 602 1069 intra-

66 1088 105 1138 vit
131 1104 179 1138 cor
199 1103 246 1154 per
264 1089 376 1155 gratiam
398 1091 602 1155 praevenientem

64 1170 90 1212 et
111 1159 308 1228 proficientem,
337 1161 488 1213 inducendo
510 1164 601 1230 ipsum

64 1233 97 1284 ad
124 1232 318 1284 contritionem
343 1244 369 1286 et
395 1234 600 1298 confessionem,

65 1313 261 1370 consequenter
288 1304 368 1356 intrat
401 1322 448 1372 per
489 1307 600 1372 gratiam

65 1375 251 1442 perficientem
282 1377 372 1442 ipsum
396 1394 444 1445 per
469 1380 600 1430 obedien-

65 1446 108 1497 tia
127 1445 351 1514 satisfactionem;
373 1448 418 1499 ille
438 1449 511 1500 enim
540 1466 600 1501 vere

65 1516 167 1576 obedit,
192 1516 240 1583 qui
269 1517 302 1568 de
332 1519 461 1569 omnibus
483 1520 599 1586 peccatis

63 1586 120 1638 suis
140 1589 222 1653 plene
243 1587 381 1639 satisfacit.
398 1589 531 1656 Conspice
544 1591 599 1657 igi-

65 1668 108 1710 tur
134 1673 210 1709 nunc
237 1659 305 1709 bene
344 1659 503 1722 Dominum,
536 1661 599 1728 quia

64 1730 138 1781 valde
170 1731 312 1781 humiliter
329 1731 403 1781 vadit
427 1748 474 1798 per
507 1732 600 1784 civita-

64 1809 117 1851 tem
147 1816 210 1851 cum
235 1801 290 1850 illis
308 1802 408 1866 paucis,
427 1803 475 1868 qui
499 1803 536 1853 sic
553 1803 599 1853 ho-

65 1870 175 1922 norifice
188 1880 297 1922 venerat
317 1886 396 1922 mane
414 1888 476 1923 cum
495 1873 597 1924 multis.

65 1940 101 1993 Ex
113 1957 171 2008 quo
186 1951 264 2008 potes
277 1941 455 2004 considerare,
471 1943 535 2010 quia
549 1959 598 2010 pa-

64 2028 123 2064 tum
158 2023 201 2064 est
234 2014 384 2065 curandum
410 2015 443 2066 de
475 2016 597 2067 humano

64 2083 181 2147 honore,
222 2087 270 2152 qui
303 2085 342 2136 sic
378 2087 537 2138 terminatur
568 2088 597 2137 in

64 2154 145 2218 brevi,
157 2167 184 2206 et
205 2155 269 2222 quia
290 2156 317 2206 in
340 2172 421 2208 cursu
440 2158 522 2224 hujus
534 2159 596 2210 vitae

10 2232 12 2285 ζ
63 2222 135 2295 risus
165 2229 261 2281 dolore
291 2230 456 2294 miscebitur,
483 2239 509 2282 et
542 2247 596 2283 ex-

10 2306 17 2315 “
65 2304 146 2351 trema
177 2299 277 2366 gaudii
302 2300 388 2351 lactus
410 2309 530 2369 occupat.
543 2303 596 2354 Po-

10 2382 14 2405 -’
64 2378 108 2421 tes·
124 2369 208 2421 etiam
245 2370 425 2432 considerare,
459 2374 595 2438 quomodo

64 2441 102 2492 sui
137 2441 301 2508 gaudebant,
339 2444 447 2509 quando
483 2445 597 2496 honora-

66 2511 140 2562 batur
161 2527 179 2563 a
209 2511 315 2574 turbis,
341 2523 368 2565 et
392 2516 481 2565 multo
509 2516 611 2582 magis·

65 2574 170 2648 quaudo
201 2582 360 2634 Bethaniam
390 2585 528 2637 redierunt
558 2587 595 2637 il-

64 2651 202 2723 iniquia
212 2656 331 2707 maxime
343 2658 475 2710 timebant
486 2661 595 2727 quando

66 2726 206 2787 ierusalem
232 2727 297 2791 ibat,
319 2729 393 2795 quod
419 2739 483 2781 tunc
504 2731 594 2797 quali*-

66 2796 105 2850 bet
137 2799 183 2851 die
208 2799 330 2852 faciebat.
357 2802 486 2861 Quamvis
521 2805 594 2855 enim

66 2868 124 2921 elias
137 2884 218 2937 saepe,
242 2870 360 2923 maxime
377 2882 467 2922 tamen
487 2889 504 2924 a
524 2890 595 2941 prae-

67 2941 161 2993 cedenti
185 2940 230 2991 die
256 2941 369 3003 sabbati,
396 2958 483 3010 usque
510 2947 543 2995 ad
558 2945 595 2996 vi-

67 3012 151 3077 giliam
174 3028 259 3066 coenae
286 3016 390 3066 locutus
414 3027 454 3067 est
476 3017 593 3079 ludaeis,

67 3094 230 3206 etmoperatus
253 3097 295 3138 est
321 3088 410 3154 palam
437 3089 465 3139 in
491 3091 593 3141 Jerusa-

94 3228 592 3283 taPazurctroamtsxauruuuCum-

68 3307 130 3351 πυτ.
144 3299 260 3353 -Erat
276 3306 365 3352 autem
381 3311 446 3352 tunc
459 3303 591 3368 quotidie,

67 3364 149 3420 liebus
174 3369 323 3421 docentia
348 3372 457 3438 templo,
484 3383 593 3438 propter

67 3435 186 3491 doctrinae
220 3440 415 3503 auctoritatem,
445 3442 497 3493 loci
529 3444 594 3493 cele·

10 3560 20 3569 ,
67 3501 192 3573 trinum,
219 3524 252 3560 ac
279 3510 374 3576 populi
400 3510 590 3578 frequentiam,

14 3582 22 3587 “
67 3585 87 3627 ct
109 3580 268 3632 auditorum
291 3580 413 3646 plurium
431 3581 575 3633 utilitatem
582 3599 589 3647 ;

10 3658 14 3707 ἶ
67 3653 178 3705 meatus
198 3667 264 3706 aero
275 3655 379 3718 exiens,
395 3656 553 3707 morabatur
564 3657 592 3708 ia

10 3726 18 3733 '
67 3732 142 3778 monte
171 3723 282 3790 Oliveti,
307 3724 409 3778 scilicet
436 3726 464 3778 in
491 3727 591 3779 Betha-

662 231 714 291 nia,
748 247 807 298 quae
839 242 895 283 erat
923 233 951 283 in
984 235 1064 286 latere
1092 238 1192 289 montis

660 302 794 366 ejusdem,
826 303 953 369 vigilans,
986 315 1012 356 et
1039 321 1127 370 orans,
1161 325 1191 360 ac

659 373 759 422 docens
789 373 954 439 discipulos,
970 385 996 426 et
1022 377 1188 431 confortans.

659 443 689 492 ln
711 443 762 494 hoc
783 445 856 495 dedit
880 447 1035 511 exemplum
1062 450 1190 514 praedica-

660 515 764 566 toribus
794 527 820 566 et
855 517 1010 569 doctoribus
1042 521 1189 588 Evangelii,

659 594 689 635 ut
721 586 816 637 diebus
845 588 965 648 doceant,
1001 599 1027 639 et
1064 593 1190 645 noctibus

658 657 712 708 sint
736 657 765 707 in
787 659 908 709 oratione
934 661 993 721 Dei,
1023 671 1053 712 ut
1088 664 1190 716 ibidem

659 729 785 779 hauriant
806 731 879 797 quod
903 731 1071 783 auditoribus
1097 735 1190 787 infun-

658 803 722 853 dant
741 803 770 852 in
784 819 863 854 mane
878 806 1010 870 sequenti.
1026 807 1087 857 Sive
1108 809 1188 860 etiam

658 873 686 923 in
707 875 883 940 prosperitate
917 876 1013 937 simus,
1050 894 1110 944 quae
1143 897 1190 946 per

656 945 728 995 diem
758 946 940 1012 significatur;
967 949 1023 999 sive
1047 950 1076 1000 in
1101 953 1190 1002 adter-

656 1016 741 1078 sitate,
770 1033 830 1083 quae
858 1033 905 1083 per
927 1030 1032 1069 noctem
1060 1021 1188 1089 intelligi-

656 1095 708 1148 tur,
738 1102 843 1152 semper
863 1089 1008 1140 doceamus
1026 1100 1051 1142 et
1069 1099 1186 1153 oremus,

654 1175 684 1210 ac
714 1159 816 1210 bonum
845 1159 974 1213 faciamus
1003 1163 1030 1213 in
1054 1175 1186 1230 quantum

654 1231 783 1282 valemus.
802 1232 879 1283 Unde
895 1232 1009 1299 Sapiens
1027 1253 1033 1284 :
1050 1236 1135 1288 Mane
1150 1252 1188 1288 se-

653 1305 725 1354 mina
751 1319 837 1355 semea
864 1310 946 1369 tuum,
966 1314 992 1356 et
1014 1323 1121 1375 vespere
1156 1327 1188 1362 ne

654 1381 738 1424 cesset
751 1388 846 1426 manus
860 1380 916 1437 tua,
931 1377 995 1441 quia
1018 1380 1104 1429 nescis
1123 1381 1187 1446 quid

652 1443 744 1508 magis
763 1445 878 1507 oriatur,
893 1445 942 1496 boc
958 1461 993 1496 an
1014 1447 1097 1511 illud3
1117 1458 1143 1500 et
1163 1452 1188 1502 si

654 1520 793 1579 utrumque
818 1515 906 1577 simul,
938 1517 1032 1568 melius
1055 1520 1115 1569 erit.
1138 1521 1187 1572 Per

652 1599 730 1634 mane
756 1585 829 1634 enim
862 1585 977 1653 intelligi
1007 1598 1094 1652 potest
1121 1599 1186 1641 tem-

653 1671 704 1721 pus
734 1656 807 1721 pacis
829 1665 855 1707 et
874 1659 1066 1724 prosperitatis,
1088 1669 1114 1711 et
1139 1678 1186 1727 per

653 1741 770 1792 vespere,
800 1737 906 1793 tempus
924 1729 1081 1780 tentationis
1102 1742 1127 1781 et
1143 1733 1186 1781 ad·

652 1796 800 1862 versitatis3
830 1797 858 1847 in
883 1798 982 1864 quibus
1008 1815 1115 1866 semper
1134 1802 1185 1851 bo-

654 1883 720 1918 num
754 1869 876 1934 operari,
906 1885 954 1920 nec
985 1880 1105 1937 tempore
1134 1872 1185 1924 hoc

652 1941 693 1990 vel
721 1939 768 1990 illo
790 1956 805 1991 a
826 1942 899 1992 bono
920 1957 1000 2008 opere
1023 1958 1125 1994 cessare
1143 1946 1187 1995 de-

652 2011 758 2070 bemus,
786 2011 850 2077 quia
880 2011 947 2078 quid
974 2013 1073 2063 horum
1098 2017 1185 2081 majo-

651 2096 708 2130 rem
733 2081 850 2132 fructum
871 2082 951 2133 nobis
974 2083 1074 2143 afferat,
1106 2084 1185 2151 igno-

651 2168 750 2203 ramus.
775 2154 809 2203 Et
831 2154 889 2205 haec
907 2153 992 2206 facere
1012 2156 1141 2207 debemus
1156 2157 1184 2208 in

651 2234 742 2273 monte
766 2224 875 2285 Oliveti,
897 2224 923 2274 id
949 2235 989 2275 est
1011 2225 1039 2274 in
1067 2227 1185 2278 culmine

651 2292 841 2344 misericordiae
868 2294 900 2344 ad
929 2294 1099 2359 proximum,
1131 2313 1185 2346 non

650 2363 723 2412 enirn
764 2372 882 2414 meretur
924 2363 1068 2429 impetrare
1098 2366 1184 2416 mise-

650 2433 793 2483 ricordiam
833 2449 849 2484 a
880 2434 957 2494 Deo,
986 2433 1033 2499 qui
1062 2450 1116 2484 non
1148 2435 1183 2485 fa·

649 2504 686 2555 cit
715 2505 927 2556 misericordiam
955 2522 1018 2557 cum
1048 2506 1182 2571 proximo.

649 2579 682 2628 Et
705 2588 745 2629 est
769 2578 897 2640 notabile,
911 2581 994 2646 quod,
1020 2579 1180 2631 imminente

649 2660 749 2711 morte,
787 2649 873 2716 magis
906 2650 1022 2701 instabat
1057 2650 1182 2702 Christus

649 2720 847 2787 praedicationi;
864 2722 937 2788 quod
956 2730 996 2772 est
1010 2731 1101 2772 contra
1115 2723 1182 2773 mul-

648 2803 699 2857 tos,
720 2793 768 2859 qui
787 2793 816 2843 in
840 2802 975 2844 senectute
995 2793 1058 2842 dant
1073 2808 1101 2843 se
1126 2794 1182 2845 otio

648 2875 675 2916 et
693 2866 789 2933 quieti,
809 2882 872 2916 cum
887 2867 975 2917 adhuc
993 2876 1104 2933 possent
1114 2869 1181 2918 mul-

646 2948 736 2989 torum
758 2939 884 3006 prodesse
913 2939 1009 2990 saluti.
1035 2940 1074 2990 Et
1097 2941 1182 2991 omnis

642 3013 769 3079 populus,
795 3023 921 3064 attractus
942 3012 1057 3064 efficacia
1077 3024 1104 3065 et
1120 3015 1183 3064 dul-

646 3084 740 3134 cedine
763 3084 893 3135 doctrinae
921 3100 987 3145 suae,
1021 3084 1179 3145 manicabat,

646 3157 673 3206 id
702 3167 743 3208 est
760 3173 840 3208 mane
868 3157 1020 3219 festinabat,
1048 3158 1086 3208 ad
1112 3171 1179 3215 cum,

647 3229 673 3279 iu
698 3230 804 3297 temp10,
830 3241 860 3282 ut
878 3233 984 3284 audiret
1004 3232 1037 3282 ab
1057 3245 1089 3280 eo
1100 3229 1181 3280 verba

645 3299 726 3361 vitae,
751 3301 803 3352 hoc
831 3311 871 3353 est
898 3317 977 3352 mane
1012 3316 1075 3351 cum
1108 3297 1179 3348 festi·

647 3376 755 3427 natione
782 3378 942 3428 accelerabat
967 3374 1059 3426 venire
1081 3375 1114 3423 ad
1138 3373 1181 3424 lo-

646 3461 706 3497 cum
734 3447 932 3513 praedicationis
960 3460 1028 3508 suae;
1062 3459 1077 3494 a
1103 3459 1181 3494 mane

646 3517 719 3569 enim
742 3517 843 3568 dicitur
880 3517 1023 3567 manicare.
1047 3514 1099 3566 Ubi
1127 3514 1181 3579 Cy·

645 3586 726 3637 rillus
748 3603 756 3636 ε
780 3605 794 3635 a
819 3588 922 3653 Populo
945 3595 1034 3636 autern
1059 3593 1120 3635 ante
1134 3584 1180 3634 lu-

646 3672 744 3708 canum
759 3657 878 3709 venienti
898 3658 931 3706 ad
943 3671 1015 3716 eum,
1032 3669 1180 3720 congruum

645 3737 701 3778 erat
726 3727 837 3780 dicere:
854 3728 937 3791 Deus,
952 3727 1027 3779 Deus
1046 3739 1128 3787 meus,
1143 3725 1181 3776 ad
