2632 4320
224 331 273 385 DE
291 333 393 385 MODO
415 331 679 385 CORREPTIONIS
694 332 908 396 FRATERNAE,
924 334 1004 387 ETC.
1138 335 1173 404 69

48 448 146 512 luerit;
162 448 231 515 quia
246 447 294 514 qui
306 447 393 506 dixit:
409 448 437 498 Si
451 446 587 513 poenitue-

49 525 94 585 rit,
108 522 232 584 dimitte,
250 523 382 589 praemisit
400 540 407 572 ι
423 522 450 572 Si
468 537 588 588 peccave·

50 594 95 655 rit,
109 593 232 658 increpa.
251 594 341 660 ltaque
354 593 431 644 venia
443 591 518 643 fratri
528 603 589 658 post

51 663 268 731 increpationem
279 663 416 729 largienda
427 673 476 723 est,
492 663 539 713 sed
548 663 588 713 illi

51 737 156 804 utique,
186 736 236 803 qui
262 736 417 803 poenitendo
441 737 475 787 ab
499 751 588 787 errore

51 808 234 870 convertitur;
249 808 339 857 nevel
360 806 478 857 difficilis
500 806 588 865 venia,

50 883 93 933 vel
114 881 231 932 remissa
245 881 281 932 sit
297 880 487 946 indulgentia:
502 898 516 927 ιι
533 879 589 930 haec

52 953 140 1004 Beda.
157 953 315 1003 Peccantem
329 951 428 1016 itaque,
443 960 473 1001 ut
485 965 591 1000 conver-

53 1033 134 1083 tatur,
157 1020 352 1087 corripiamus;
369 1031 395 1071 et
414 1020 589 1087 poenitentem

51 1094 124 1146 socia
138 1094 250 1145 caritate
273 1093 439 1160 colligamus,
458 1093 590 1144 donantes

53 1165 270 1231 nobismetipsis,
297 1165 446 1216 secundum
472 1166 590 1230 Aposto-

53 1240 122 1297 lum,
139 1236 211 1287 sicut
222 1236 296 1286 Deus
310 1236 339 1285 in
358 1235 467 1287 Christo
480 1234 591 1286 donavit

52 1307 144 1359 nobis.
159 1306 240 1358 Unde
252 1306 413 1357 Ambrosius
434 1324 443 1357 .·
464 1325 478 1352 a
497 1305 591 1355 Discas

52 1378 210 1444 frequentet
224 1377 372 1443 ignoscere,
395 1392 443 1428 nec
461 1375 590 1441 indigna-

52 1449 157 1500 tionem
172 1456 276 1517 tepere;
302 1446 372 1497 nihil
387 1447 461 1498 enim
475 1458 515 1499 est
536 1463 590 1514 quo

53 1522 143 1588 possit
165 1520 277 1582 offendi,
299 1521 342 1571 cui
368 1521 522 1588 ignoscendi
551 1531 591 1572 est

52 1593 232 1644 consuetude.
254 1592 332 1643 Disce
360 1595 458 1643 donare
480 1590 590 1658 injurias

52 1677 122 1725 tuas,
139 1664 205 1732 quia
216 1665 433 1730 persecutoribus
443 1664 500 1715 suis
514 1665 592 1716 Chri-

53 1749 114 1789 stus
127 1736 234 1804 ignovit
250 1754 256 1787 :
273 1756 287 1785 ιι
302 1738 360 1789 haec
373 1738 541 1789 Ambrosius.

86 1826 103 1876 7
133 1811 258 1860 Ossrrvsn
282 1825 383 1861 seuera
410 1826 589 1870 ιιειιιττιιιιιιι,

55 1897 107 1931 srn
132 1896 183 1931 ιιοιι
212 1897 315 1932 sennan
343 1897 462 1943 minam,
488 1897 590 1931 rrnnc

54 1969 177 2004 nrmssro
206 1969 293 2004 naurs
320 1970 380 2004 nssr
410 1969 533 2004 ιιιιιιιιιι.
560 1981 590 1991 -

54 2026 155 2076 Utrum
171 2037 263 2077 autem
278 2035 399 2076 teneatur
412 2025 475 2092 quis
494 2025 592 2076 remit-

53 2108 108 2150 tere
123 2098 251 2164 injuriam
274 2098 385 2149 inimico
403 2115 458 2148 non
480 2097 589 2164 petenti,

54 2182 93 2222 est
106 2171 342 2238 distinguendum.
354 2172 394 2222 Ex
408 2171 504 2236 injuria
516 2172 591 2222 enirn

56 2242 143 2293 oritur
160 2258 167 2292 ι
184 2243 274 2308 primo
299 2257 403 2300 rancor,
428 2241 455 2290 in
480 2241 589 2304 affectu;

57 2313 188 2374 secundo,
204 2313 321 2363 rancoris
336 2312 455 2378 signum,
474 2312 502 2362 in
525 2313 591 2362 effe·

57 2394 110 2435 ctu.
134 2384 267 2445 Primum,
283 2393 389 2435 tenetur
404 2383 519 2450 quilibet
536 2393 592 2434 sta-

59 2455 107 2504 tim
120 2454 267 2515 remittere,
279 2454 383 2504 ctiamsi
396 2453 528 2518 injurians
537 2469 591 2503 non

59 2533 129 2588 petat
150 2523 266 2574 veniam.
293 2524 457 2586 Secundum,
488 2533 593 2574 tenetur

61 2593 196 2645 remittere
209 2594 317 2645 veniam
331 2594 458 2644 veraciter
481 2593 591 2658 petenti,

61 2665 87 2715 id
111 2676 151 2718 est
164 2677 257 2732 parato
282 2668 423 2718 emendare
446 2667 592 2716 secundum

63 2755 138 2791 suam
151 2741 320 2807 facultatem
346 2752 372 2793 et
394 2751 499 2792 tenetur
513 2740 536 2791 ei
550 2740 593 2790 di-

65 2827 119 2864 cere
132 2829 188 2876 ave,
207 2825 234 2864 et
247 2814 388 2864 subvenire
408 2813 461 2864 sibi
476 2812 499 2863 si
518 2812 593 2862 indi-

65 2885 156 2948 guerit,
170 2885 244 2952 quod
258 2901 313 2936 ιιοιι
327 2885 428 2951 petenti
440 2885 526 2936 iacere
538 2901 592 2934 non

66 2966 172 3023 tenetur,
184 2958 235 3010 nisi
256 2959 387 3025 perfectus
407 2959 497 3009 fuerit.
520 2958 593 3007 Licet

66 3042 124 3110 ergo
135 3045 188 3081 non
201 3040 296 3097 agatur
309 3031 355 3080 hic
369 3031 421 3080 nisi
442 3030 475 3080 de
490 3029 591 3079 dimis-

12 3126 14 3137 =
69 3100 317 3170 sionepoenitentis,
341 3113 431 3154 tamen
457 3112 483 3154 et
499 3102 591 3168 poeni-

70 3174 129 3224 tenti
142 3187 166 3226 et
176 3192 230 3226 non
247 3175 398 3242 poenitenti,
409 3186 515 3226 tenetur
527 3173 593 3240 qui-

12 3244 14 3255 '
70 3241 130 3295 libet
165 3261 303 3297 rancorem
343 3245 397 3296 odii
434 3245 590 3303 dimittere,

72 3315 179 3384 alioquin
205 3334 259 3369 non
290 3319 405 3369 habetur
429 3319 537 3380 caritas;
567 3326 592 3367 et

75 3385 99 3437 in
122 3391 232 3442 articulo
254 3391 422 3443 necessitatis
445 3390 593 3441 necessaria
629 3433 632 3440 .

75 3457 144 3510 etiam
156 3462 320 3514 ministrare
346 3462 456 3512 Perfecti
468 3477 531 3512 vero
545 3460 592 3526 qui

76 3531 155 3583 omnia
166 3533 343 3600 reliquerunt,
356 3543 381 3583 et
391 3531 593 3598 poenitentibus,

76 3607 155 3651 etum
177 3603 380 3669 poenitentibus,
401 3611 527 3652 tenentur
546 3616 594 3651 ve-

78 3666 139 3720 niam
149 3673 220 3735 dare,
236 3673 361 3725 obvios'
355 3689 384 3723 m
404 3672 447 3723 via
470 3673 593 3731 salutare,

78 3736 137 3792 circa
156 3743 297 3794 articulum
317 3741 482 3793 necessitatis
502 3756 595 3792 neces-

79 3809 305 3878 ttriaministrare,
322 3822 347 3864 et
367 3812 478 3863 multa'
472 3829 500 3863 ιιι
521 3813 595 3863 hunc

81 3880 178 3932 modum
190 3881 282 3942 facere,
300 3884 333 3934 ad
352 3898 414 3950 quae
428 3898 484 3933 non
496 3892 594 3933 tenen-

83 3952 117 3997 tur
127 3948 278 4017 imperfecti
294 3953 393 4005 Utrum
413 3967 476 4004 vero
490 3951 535 4002 ille
551 3949 594 4002 cui

643 446 709 498 facta
724 458 765 498 est
788 447 894 514 injuria,
915 450 1011 502 debeat
1026 450 1173 503 amicitiant

642 533 777 584 quaerere·
789 517 927 571 sciendum
937 523 1010 587 quod
1023 522 1121 588 duplex
1133 534 1175 574 est

641 591 786 642 debitum.
802 593 922 658 primum
936 605 976 645 est
996 595 1172 657 necessitatis,

642 661 769 729 sineque
784 675 892 714 nonest
911 666 996 732 salus3
1024 668 1172 718 secundum

642 743 682 783 est
696 731 877 798 perfectionis.
900 735 1041 795 Quantum
1066 739 1099 789 ad
1116 739 1174 823 pri

643 822 719 856 mum
743 807 874 867 debiturn,
899 825 954 860 non
980 820 1085 863 tenetur
1111 813 1175 879 quis

642 877 890 929 reconciliationem
919 895 1051 945 quaerere3
1071 884 1116 933 sed
1143 884 1176 933 de

642 948 761 998 secundo
776 949 841 1000 dicit
865 951 1086 1018 chrysostomus,
1102 954 1175 1019 quod

643 1017 704 1068 talis
714 1018 793 1069 debet
810 1020 1054 1070 reconciliationem
1070 1037 1175 1087 quaere-

643 1104 680 1149 re,
698 1099 727 1139 ut
746 1090 881 1156 duplicem
898 1107 1026 1141 coronam
1048 1108 1177 1160 assequa-
1251 1148 1255 1153 ,

643 1169 708 1209 tur:
723 1176 815 1220 unam,
842 1160 908 1228 quia'
933 1162 1060 1227 injuriam
1081 1179 1177 1246 passus

643 1240 697 1295 est;
720 1234 841 1294 alteram,
870 1235 935 1300 quia
959 1235 1033 1300 prior
1063 1235 1174 1301 rogavit.

643 1307 721 1357 Unde
748 1307 845 1359 iterum
863 1308 934 1359 idem
959 1310 1174 1376 chrysostomus

642 1377 680 1428 ait
705 1393 712 1428 ι
742 1396 756 1426 v
786 1379 912 1445 Excogita
928 1391 1061 1446 quantum
1077 1380 1175 1431 noxius

643 1465 680 1509 es,
696 1458 722 1500 et
736 1466 791 1499 non
805 1451 893 1500 solum
908 1467 962 1501 non
978 1467 1082 1503 moram
1094 1451 1175 1503 facies

642 1520 675 1569 ad
689 1520 878 1570 remissionem
893 1521 939 1587 qui
952 1522 1001 1572 tibi
1016 1522 1174 1588 injustitiam

643 1590 754 1656 fecerat;
770 1591 815 1640 sed
835 1600 861 1640 et
876 1607 966 1642 curres
983 1593 1015 1642 ad
1031 1593 1135 1659 eosqui
1149 1603 1175 1644 te

642 1661 874 1721 contristaverunt,
896 1673 927 1712 ut
945 1662 990 1713 fiat
1004 1663 1053 1713 tibi
1077 1664 1175 1714 remis-

643 1730 729 1781 sionis
747 1731 858 1790 occasio,
874 1741 904 1781 ut
920 1732 1041 1783 invenias
1055 1734 1176 1783 curatio-

643 1817 706 1851 nem
721 1801 892 1866 propriorum
909 1802 1052 1852 malorum.
1074 1805 1176 1854 Merce-

642 1873 704 1922 dem
725 1872 887 1923 ineffabilem
908 1872 1069 1924 determinat
1093 1874 1175 1934 Deus,

643 1956 672 1995 ut
687 1945 835 2026 praevenias
851 1945 928 1996 illum
943 1946 990 2012 qui
1005 1946 1105 2018 injusta
1125 1946 1175 1996 tibi

643 2015 722 2079 fecit;
738 2016 784 2082 qui
808 2016 831 2066 si
858 2027 966 2082 rogatus
987 2011 1174 2068 reconciliatus

643 2088 736 2149 fueris,
766 2104 820 2138 non
844 2090 932 2139 adhuc
962 2089 1010 2139 Dei
1042 2099 1174 2155 praecepto

643 2159 712 2210 facta
724 2169 765 2210 est
778 2159 906 2220 amicitia,
928 2160 974 2210 sed
987 2161 1078 2211 studio
1090 2160 1173 2211 illius.

644 2234 735 2299 ltaque
762 2232 822 2282 sine
849 2249 946 2283 corona
972 2233 1103 2297 abscedis,
1128 2233 1175 2283 illo

645 2302 767 2352 bravium
781 2303 936 2369 accipiente.
952 2303 1004 2353 Sed
1023 2304 1093 2354 mala
1111 2317 1176 2369 pas·

644 2389 691 2424 sus
705 2389 742 2434 es,
757 2385 784 2424 at
798 2384 867 2425 certe
883 2374 953 2424 nihil
965 2385 1071 2425 tantum
1086 2389 1176 2441 quan·

644 2456 703 2496 tum
717 2444 819 2511 tibiipsi
834 2446 996 2511 operaberis,
1012 2446 1114 2495 malum
1133 2459 1177 2494 re-

645 2530 815 2577 memorans;
836 2531 890 2564 non
905 2515 979 2565 enim
992 2515 1121 2580 possibile
1136 2523 1177 2564 est

644 2586 734 2637 virum
747 2586 851 2635 bonum
870 2584 980 2650 aliquod
993 2585 1095 2634 malum
1109 2585 1173 2651 pati.

645 2658 674 2707 Si
692 2667 781 2707 autem
796 2656 905 2716 dixeris,
921 2656 1051 2721 quoniam
1067 2655 1175 2706 inflam-

645 2739 734 2780 matus
761 2745 789 2779 es
812 2729 982 2779 contumeliae
1004 2744 1175 2792 memorans;

644 2803 782 2853 recordare
795 2802 816 2852 si
831 2802 940 2867 aliquod
955 2801 1056 2852 factum
1073 2811 1114 2851 est
1128 2801 1176 2852 tibi

646 2875 748 2924 bonum
762 2873 796 2923 ab
812 2887 843 2922 eo
859 2873 906 2938 qui
920 2883 945 2921 te
960 2871 1137 2933 contristavit,
1149 2881 1175 2922 et

646 2954 713 3010 quot
727 2954 756 2993 tu
772 2943 832 2993 aliis
846 2942 932 2992 fecisti
950 2945 1028 2993 mala.
1045 2942 1114 2993 Male
1126 2942 1175 2992 tibi

644 3014 721 3074 dixit,
737 3024 763 3064 et
780 3011 916 3077 confudit3
938 3024 1031 3077 reputa
1047 3013 1175 3078 quoniam

645 3097 670 3137 et
687 3098 717 3137 tu
738 3087 799 3137 aliis
820 3085 922 3138 dixisti.
948 3086 1069 3145 Qualiter
1095 3085 1177 3151 igitur

645 3157 755 3223 potieris
769 3156 856 3214 venia,
881 3156 1025 3222 inquibus
1043 3156 1103 3206 aliis
1123 3171 1177 3204 ιιοιι

646 3227 750 3294 parcis?
777 3229 827 3278 Sed
853 3227 920 3278 nulli
938 3227 1111 3286 maledixisti,
1132 3225 1177 3274 sed

645 3303 743 3354 audisti
758 3303 883 3363 dicentes,
899 3312 927 3352 et
950 3300 1105 3367 acceptasti;
1126 3314 1176 3349 ne-

645 3393 698 3458 que
711 3377 764 3427 hoc
779 3387 819 3426 est
832 3376 985 3426 innoxium.
1000 3373 1077 3424 Nihil
1086 3382 1176 3421 autem

646 3447 682 3498 ita
709 3447 880 3497 dilectionem
905 3454 1051 3503 conservat,
1072 3452 1102 3491 ut
1123 3456 1177 3490 non

647 3519 805 3569 meminisse
819 3533 912 3568 eorum
929 3516 975 3582 qui
1000 3516 1026 3564 in
1052 3527 1101 3561 nos
1115 3526 1178 3576 pec·

647 3602 774 3643 caverunt
797 3609 805 3640 ι
834 3610 848 3638 ιι
873 3592 931 3641 haec
955 3589 1177 3654 chrysostomus.

646 3662 845 3715 Advertendum
856 3672 955 3716 autem,
969 3656 1043 3722 quod
1058 3654 1119 3704 licet
1134 3653 1178 3704 of-

647 3733 722 3784 fensa
745 3732 781 3783 sit
804 3746 909 3812 semper
935 3726 1102 3787 remittenda,
1123 3742 1178 3776 non

647 3815 738 3856 tamen
760 3802 867 3887 injuria.
891 3801 919 3851 Si
942 3798 1016 3848 enim
1030 3813 1062 3849 ex
1078 3797 1178 3848 remis-

648 3876 725 3928 sione
741 3874 847 3941 injuriae
862 3882 887 3923 et
907 3885 994 3952 poenae
1018 3868 1116 3921 debitae
1133 3884 1178 3920 se-

647 3956 773 4014 queretur
785 3943 904 4010 pronitas
916 3941 945 3992 in
960 3956 992 3992 eo
1006 3939 1048 3991 cui
1062 3937 1178 3989 remitti·
