2632 4320
146 231 181 283 68
444 225 618 280 SECUNDAE
633 223 758 276 PARTlS
775 222 894 274 CAPUT
909 223 978 274 Vlll.

150 356 176 403 et
190 361 239 414 pro
253 361 285 398 eo
299 345 378 396 mori.
393 346 454 405 Sed,
468 341 535 394 heu!
548 342 575 393 in
587 339 679 408 paucis

145 435 207 471 tera
219 418 314 471 caritas
328 427 354 469 et
366 417 483 478 dilectio,
502 431 563 483 quae
574 422 683 481 propter

148 491 288 542 Christum
303 499 352 552 est,
368 488 516 555 experitur;
534 496 561 538 et
573 487 601 536 in
614 484 683 534 mul-

146 564 181 614 tis
201 562 311 613 dilectio
326 570 352 611 et
371 560 492 611 amicitia
513 559 573 610 ficta
588 557 684 624 reperi·

148 643 201 684 tur.
221 631 299 683 Unde
320 631 364 681 hic
382 630 419 681 ait
443 631 655 699 Chrysostomus
675 645 682 677 :

149 725 162 752 «
171 703 395 755 Pluresvidemus
405 703 471 754 alias
481 703 611 753 habentes
621 699 685 751 ami-

148 774 218 824 citiae
238 774 404 833 occasiones,
425 773 471 823 hic
487 772 560 822 enim
576 771 684 837 quando

147 843 270 909 diligitur
307 843 404 909 diligit,
426 843 470 893 ille
498 852 588 893 autem
613 856 685 907 quo·

149 915 221 964 niam
236 914 385 965 honoratus
397 924 446 975 est,
462 913 506 964 ille
517 924 606 963 autem
621 927 686 978 quo·

150 989 223 1038 niam
236 988 262 1037 in
278 987 331 1038 alio
347 990 465 1054 quodam
482 985 590 1052 negotio
606 999 685 1035 secu-

150 1058 198 1109 lari
222 1057 273 1109 fuit
293 1059 379 1122 utilis,
404 1058 449 1108 ille
468 1069 557 1108 autem
579 1067 687 1122 propter

149 1129 222 1179 aliud
237 1131 305 1194 tale;
318 1139 427 1196 propter
438 1139 528 1179 autem
544 1127 685 1177 Christum

149 1199 258 1250 difficile
279 1210 320 1250 est
343 1199 466 1249 invenire
486 1199 605 1264 aliquem
620 1212 686 1263 pro-

150 1272 208 1338 prie
228 1281 262 1331 et,
285 1281 315 1322 ut
342 1282 457 1337 oportet,
491 1271 604 1336 diligere
624 1285 686 1321 eum

151 1342 306 1408 proximum
329 1358 411 1408 quem
433 1342 538 1409 diligit;
564 1341 611 1391 sed
632 1357 688 1391 om·

151 1415 196 1463 nia
222 1423 428 1479 perscrutantes,
450 1412 606 1462 invenimus
617 1413 686 1478 apud

151 1484 253 1534 multos
288 1483 419 1533 amicitias
438 1483 571 1549 poeticas,
596 1482 622 1532 id
648 1493 688 1532 est

148 1553 263 1612 fictitias,
292 1554 379 1619 magis
402 1569 484 1620 quam
506 1554 557 1603 hoc
574 1569 580 1603 :
599 1573 612 1600 n
630 1554 686 1604 haec

153 1625 375 1692 chrysostomus,

183 1692 199 1743 6
218 1693 289 1754 Qum
304 1709 345 1744 sir
360 1711 502 1745 uturrrsaa
516 1711 631 1746 rnoxruo
650 1711 689 1746 sa-

151 1779 278 1814 rrunctas
292 1765 412 1815 suerrus?
429 1765 541 1824 -Quia
554 1781 617 1817 vero
631 1766 689 1816 Do-

153 1836 254 1898 minus,
265 1851 347 1902 supra
357 1838 469 1904 loquens
480 1839 512 1888 de
524 1839 689 1889 correctione

152 1910 277 1974 fraterna,
299 1911 409 1961 induxit
422 1922 453 1971 ut
465 1913 585 1978 peccanti
600 1923 625 1962 et
636 1928 690 1978 poe·

152 1983 249 2033 nitenti
262 1983 412 2033 remittatur
421 1982 526 2048 injuria,
537 2000 570 2034 ne
580 1985 689 2034 dubite-

153 2063 197 2102 tur
208 2052 240 2101 de
253 2067 374 2111 numero,
386 2053 485 2119 quaerit
495 2053 597 2113 Petrus,
610 2064 689 2119 caput

153 2121 359 2186 discipulorum,
384 2122 490 2187 quoties
516 2123 592 2173 fratri
625 2138 688 2188 pec-

152 2193 223 2243 canti
245 2193 280 2242 sit
303 2193 513 2256 remittendum;
540 2206 566 2244 et
585 2195 651 2261 petit
665 2194 688 2243 si

152 2263 268 2314 sufficiat
279 2265 311 2314 ad
322 2266 436 2316 salutem
446 2266 583 2317 dimittere
590 2266 688 2333 septies

154 2334 273 2400 peccanti
289 2335 316 2383 in
331 2350 404 2386 eum.
418 2337 468 2387 Cui
485 2337 686 2404 interrogationi

154 2404 289 2470 benignus
318 2415 343 2455 et
373 2405 528 2457 misericors
554 2408 688 2460 Dominus

154 2478 302 2542 respondit,
321 2479 394 2545 quod
409 2494 460 2529 non
478 2480 564 2531 solum
579 2482 686 2548 septica,

155 2550 203 2600 sed
217 2551 374 2616 septuagies
387 2551 485 2617 septies
497 2553 688 2604 remittendum

155 2621 200 2671 sit.
225 2622 380 2672 Secundum
404 2624 596 2689 Augustinum‚
622 2626 689 2676 solet

155 2706 203 2756 per
214 2703 316 2757 septem
331 2693 472 2757 cujuslibet
484 2695 532 2755 rei,
553 2708 599 2746 aut
617 2708 688 2746 tem-

155 2761 238 2825 poris,
271 2761 434 2812 universitas
462 2764 583 2815 indicari.
612 2767 689 2816 Unde

156 2833 260 2882 cumin
277 2833 383 2882 Psalmo
396 2834 502 2884 canitur
516 2852 523 2884 ι
539 2836 646 2901 Septies
662 2838 688 2886 in

157 2903 201 2952 die
211 2903 316 2952 laudem
329 2903 393 2954 dixi
403 2904 459 2968 tibi,
474 2905 544 2955 nihil
554 2906 627 2956 aliud
639 2917 688 2967 est,

156 2987 239 3036 quam
255 2972 366 3039 Semper
378 2972 438 3023 laus
452 2974 510 3041 ejus
523 2975 549 3025 in
564 2990 610 3026 ore
623 2991 689 3028 meo.

157 3042 330 3092 Undenarius
358 3059 421 3093 vero
449 3046 688 3111 transgressionem

143 3111 301 3177 significat,
311 3113 375 3179 quia
383 3114 429 3164 ubi
444 3117 636 3182 transgrederis
648 3119 690 3169 de·

158 3183 275 3243 narium,
286 3184 313 3232 in
328 3200 382 3251 quo
394 3186 542 3252 Decalogus
557 3189 689 3248 consistit,

157 3254 191 3304 ad
203 3253 383 3305 undenarium
405 3256 480 3306 vadis
487 3274 495 3322 ;
514 3260 691 3324 transgressio

157 3334 247 3376 autem
269 3338 409 3392 peccatum
422 3339 471 3380 est.
491 3330 608 3381 Omnem
628 3349 691 3398 ergo

158 3401 401 3466 transgressionem
432 3411 457 3453 et
485 3404 632 3469 injuriam,
661 3422 690 3457 ac

158 3470 252 3520 omnia
274 3481 379 3537 peccata
405 3472 518 3540 intelligi
541 3484 566 3526 et
590 3475 691 3526 dimitti

157 3545 252 3604 voluit,
278 3546 386 3612 quando
413 3549 570 3614 septuagies
595 3550 692 3614 septies

158 3615 243 3694 dixit3
261 3619 334 3685 quod
356 3634 389 3670 ex
403 3635 517 3671 numero
530 3621 693 3673 universita-

143 3693 203 3744 tis,
227 3696 253 3738 et
278 3704 390 3740 numero
411 3691 642 3756 transgressionis,
665 3693 692 3743 id

159 3764 200 3805 est
213 3771 245 3807 ex
262 3770 364 3826 septem
378 3770 404 3812 et
417 3761 544 3812 undecim
555 3763 692 3829 composi-

158 3834 217 3878 tum
240 3838 294 3895 est;
316 3833 381 3899 quia
407 3831 430 3885 si
460 3833 587 3888 undecim
610 3835 691 3887 ducas

734 338 842 404 septies,
855 337 925 388 fiunt
934 336 1087 402 septuagies
1096 335 1208 402 septies.
1218 334 1264 387 Vel

735 411 845 477 ponitur
866 409 911 459 hic
928 424 1057 459 numerus
1072 407 1266 458 determinatus

735 498 783 549 pro
792 480 1015 544 indeterminato;
1031 495 1061 531 ac
1075 480 1108 540 si,
1121 479 1265 531 secundum

735 552 861 602 eumdem
881 551 1072 616 Augustinum,
1091 549 1192 600 diceret
1212 549 1266 599 Do-
1305 614 1309 619 Ι

736 625 828 675 minus
856 641 863 674 ε
894 623 986 674 Toties
1011 623 1128 690 quoties,
1153 622 1207 672 hoc
1229 633 1267 672 est

735 697 848 748 omnino
874 695 1087 764 quotiescunque
1113 696 1267 762 peccaverit,

736 770 817 821 toties
836 770 964 820 dimittas.
989 769 1035 819 llle
1053 783 1116 819 vero
1141 782 1268 819 numerus

738 841 830 907 potius
844 840 963 906 ponitur,
976 855 1058 906 quam
1075 822 1177 906 alilquis
1192 838 1267 903 alius,

738 915 802 982 quia
818 915 851 965 ab
865 915 951 965 Adam
963 930 1052 981 usque
1075 914 1107 964 ad
1129 913 1268 964 Christum

737 985 847 1036 fuerunt
860 984 1029 1051 septuaginta
1047 993 1149 1049 septem
1165 998 1270 1050 genera·

737 1057 839 1119 tiones;
853 1067 878 1108 et
893 1056 952 1106 ideo
964 1056 1034 1106 sicut
1047 1054 1174 1106 Christus
1189 1055 1270 1105 totius

725 1129 852 1195 ,humani
869 1128 975 1194 generis
989 1127 1086 1178 delevit
1109 1128 1212 1194 culpas,
1233 1126 1270 1178 sic

738 1209 764 1249 et
777 1198 861 1248 homo
876 1213 972 1248 omnes
994 1212 1055 1248 suas
1077 1197 1157 1248 debet
1176 1197 1271 1249 dimit·

738 1282 794 1322 tere
806 1271 926 1336 injurias.
939 1270 967 1320 Si
982 1269 1054 1320 enim
1067 1269 1194 1321 Christus
1207 1270 1270 1321 mil-

738 1342 774 1393 lia
803 1351 971 1409 peccatorum
996 1340 1108 1399 invenit,
1130 1352 1158 1391 et
1183 1352 1270 1392 tamen

740 1413 833 1463 omnia
847 1411 969 1474 donavit;
987 1410 1043 1460 noli
1058 1411 1208 1462 subducere
1216 1411 1270 1462 mi·

738 1483 1010 1543 sericordiam.Unde,
1021 1484 1170 1533 secundum
1186 1483 1273 1550 Ciny-

739 1563 893 1618 sostomum,
920 1570 981 1605 cum
1005 1554 1090 1604 dicit:
1108 1554 1273 1620 Septuagies

740 1627 847 1693 septies
873 1642 927 1675 non
952 1641 1096 1675 numerum
1118 1634 1221 1675 certum
1249 1632 1274 1675 et

739 1696 948 1748 determinatum
964 1695 1058 1761 ponit3
1076 1695 1123 1745 sed
1136 1695 1215 1761 quasi
1232 1695 1274 1745 in-

739 1766 856 1825 finitum,
879 1768 951 1833 quod
968 1766 1094 1816 continue
1118 1774 1145 1816 et
1170 1781 1275 1833 semper

740 1848 794 1900 est,
827 1837 997 1904 significavit.
1033 1837 1089 1897 Et,
1125 1837 1275 1888 secundum

740 1911 960 1975 Hieronymum,
991 1909 1144 1976 septuagies
1177 1909 1276 1975 septies

740 1983 870 2049 accipitur
891 1999 939 2048 pro
976 1983 1075 2049 septies
1107 1981 1277 2048 septuaginta

739 2055 781 2104 vel
816 2053 967 2119 septuagies
1006 2064 1131 2119 septem,
1169 2052 1196 2102 id
1237 2062 1276 2102 est

740 2125 942 2191 quadringentis
955 2123 1101 2190 nonaginta
1114 2124 1230 2187 vicibus,
1247 2134 1277 2175 ut

740 2197 820 2248 toties
848 2197 966 2262 peccanti
997 2197 1071 2247 fratri
1101 2197 1224 2248 dimittas
1250 2197 1276 2246 in

741 2270 793 2328 die,
809 2269 917 2337 quoties
932 2270 977 2320 ille
989 2270 1017 2319 in
1032 2269 1075 2319 die
1095 2283 1203 2334 peccare
1219 2283 1274 2319 non

741 2341 848 2405 poterit,
870 2340 911 2389 vel
926 2339 1033 2406 quoties
1056 2338 1220 2405 peccaverit3
1246 2348 1276 2390 ut

740 2426 794 2460 non
809 2411 845 2460 sit
868 2411 965 2461 modus
979 2410 1007 2459 in
1025 2419 1059 2470 te,
1082 2424 1131 2459 nec
1146 2423 1275 2459 numerus

741 2481 770 2531 in
785 2481 956 2542 remittendo,
969 2481 1015 2530 sed
1029 2495 1136 2546 semper
1144 2479 1274 2531 dimittas.

742 2554 774 2604 Et
788 2554 827 2604 sic
846 2553 934 2620 prima
956 2551 1088 2618 expositio
1104 2551 1220 2603 refertur
1242 2550 1274 2602 ad

741 2641 850 2676 omnem
866 2625 1008 2687 injuriam3
1024 2622 1140 2672 secunda
1149 2623 1182 2672 ad
1194 2637 1275 2672 omne

741 2705 857 2761 tempus.
876 2695 952 2745 Unde
975 2694 1051 2744 Beda
1069 2709 1077 2744 :
1092 2711 1106 2739 u
1118 2692 1274 2758 septenario

740 2781 852 2815 numero
869 2780 922 2813 non
938 2763 1023 2814 veniae
1035 2763 1129 2813 dandae
1143 2762 1276 2813 terminus

742 2836 866 2901 ponitur3
890 2835 936 2885 sed
947 2836 988 2885 vel
1004 2834 1094 2885 omnia
1103 2844 1211 2900 peccata
1231 2833 1274 2884 di-

741 2909 881 2968 mittenda,
896 2909 937 2958 vel
953 2923 1058 2974 semper
1076 2907 1218 2973 poenitenti
1233 2907 1276 2957 di·

742 2978 906 3029 mittendum
929 2978 1091 3044 praecipitur.
1109 2978 1184 3028 Solet
1201 2977 1274 3028 enim

743 3064 812 3115 soepe
824 3063 872 3114 per
889 3060 990 3116 septem
1006 3048 1149 3114 cujuslibet
1168 3048 1217 3108 rei,
1231 3056 1276 3099 aut

743 3122 883 3188 temporis,
900 3123 1060 3173 universitas
1075 3121 1228 3173 indicari.»
1242 3121 1277 3172 Et

744 3195 841 3246 iterum
865 3210 871 3243 :
893 3213 906 3241 u
929 3195 1012 3244 Caute
1037 3193 1201 3244 intuendum
1228 3204 1277 3250 est,

743 3265 873 3332 quianon
890 3265 990 3330 passim
1003 3264 1130 3330 peccanti,
1152 3263 1200 3314 sed
1220 3278 1278 3330 poe-

744 3337 887 3388 nitentiam
898 3337 986 3402 agenti
999 3335 1134 3386 dimittere
1143 3335 1277 3401 jubemur.

745 3409 778 3459 Et
790 3408 878 3474 primo
893 3407 1002 3473 quidem
1016 3417 1170 3472 peccantem
1195 3405 1278 3456 mise-

744 3479 886 3529 ricorditer
897 3479 1043 3545 increpare,
1053 3487 1084 3527 ut
1097 3476 1133 3526 sit
1148 3475 1191 3527 cui
1203 3484 1278 3543 post·

745 3550 857 3599 modum
873 3549 1021 3599 habeamus
1041 3548 1111 3612 juste
1130 3547 1276 3598 dimittere.

745 3622 798 3682 Qui
826 3637 890 3687 ergo
914 3622 1009 3673 videns
1033 3620 1143 3671 fratrem
1170 3632 1276 3686 peccare

743 3693 865 3754 tacuerit,
879 3709 932 3743 non
946 3694 1038 3744 minus
1051 3692 1189 3743 Dominici
1205 3704 1275 3757 prae-

745 3763 814 3829 cepti
829 3772 1008 3829 transgressor
1023 3772 1072 3822 est,
1092 3777 1175 3830 quam
1190 3758 1275 3828 isqui

745 3834 831 3886 eidem
846 3834 984 3901 poenitenti
1009 3835 1117 3889 veniam
1139 3834 1204 3885 dare
1227 3847 1277 3885 no·
