2632 4320
156 271 206 323 382
454 261 628 320 SECUNDAE
646 269 768 318 PARTIS
783 267 902 319 CAPUT
917 267 974 318 Lll.

148 389 229 453 gitur,
245 387 294 436 sed
313 385 420 450 propria
439 395 534 450 sponte
549 384 679 449 processit

150 470 175 511 et
200 458 306 524 propria
337 457 504 526 malignitate
533 457 679 507 consilium

148 531 282 582 sceleratae
296 528 395 578 mentis
415 527 550 592 iniitpnec
568 528 596 578 in
617 542 678 576 ven-

147 601 250 652 ditione
270 598 392 664 Magistri
412 609 510 648 certam
534 595 679 662 postulavit

147 686 293 729 summam,
311 680 341 719 ut
357 670 391 721 de
405 687 433 722 re
449 686 510 720 cara
527 669 586 720 fieri
600 669 678 728 solet,

87 744 92 750 ’
147 745 193 795 sed
213 740 291 808 quasi
323 740 376 791 vile
404 742 511 792 tradens
535 750 561 791 et
583 739 679 791 venale

146 827 282 879 exponens
308 812 484 878 mancipium,
511 812 541 862 in
565 819 679 876 potesta-

147 897 172 934 te
187 882 336 933 ementium
360 883 450 948 posuit
465 892 596 948 quantum
614 883 678 932 dare

146 955 256 1004 vellent.
271 954 340 1004 Cum
357 953 435 1018 ¹enim
455 953 521 1003 vilia
534 967 679 1018 exponun-

147 1038 199 1086 tur,
212 1025 279 1074 solet
293 1039 413 1090 quaerere
427 1025 551 1075 venditor
568 1026 602 1094 ab
617 1039 677 1074 em-

146 1109 232 1162 ptore,
258 1107 391 1163 quantum
415 1096 508 1147 dabis?
536 1111 602 1147 cum
629 1111 678 1146 au·

146 1179 200 1218 tem
211 1182 282 1228 cara,
299 1181 313 1216 e
334 1182 462 1218 converso
482 1167 557 1226 dicit,
571 1177 679 1218 tantum

148 1239 234 1289 dabis.

180 1311 192 1360 ’.ι’
224 1311 342 1360 Mrsrrca
372 1325 472 1366 Quirinii
497 1310 572 1359 June
608 1324 679 1359 snu-

148 1379 210 1431 nns?
225 1407 255 1417 -
269 1379 383 1445 Mystico
408 1390 499 1429 autem
515 1394 562 1444 per
581 1378 678 1429 Judam

149 1449 338 1516 significantur
374 1451 475 1515 judices
511 1466 542 1500 ac
576 1450 679 1516 praelati

148 1532 174 1572 et
197 1521 356 1581 sacerdotes,
378 1521 426 1587 qui
451 1520 549 1586 judicia
570 1535 600 1571 ac
628 1520 689 1571 be·-

149 1592 244 1644 neticia
261 1603 287 1642 et
307 1603 473 1644 sacramenta
490 1594 602 1644 vendere
623 1609 679 1644 non

146 1675 267 1726 cessant,
294 1665 410 1715 dicentes
432 1680 521 1732 saepe,
547 1666 597 1716 etsi
623 1682 680 1716 non

146 1737 238 1797 verbo,
266 1746 355 1786 tamen
385 1737 454 1787 facto
471 1753 478 1786 ι
495 1738 567 1798 Quid
598 1738 680 1789 vultis

147 1809 212 1859 milri
231 1809 306 1872 dare,
330 1815 357 1859 et
379 1823 432 1875 ego
448 1811 523 1860 vobis
542 1824 601 1861 eum
618 1817 679 1861 tra·

147 1877 235 1929 darn?
256 1878 333 1928 Unde
354 1879 535 1930 Ber-nardus:
552 1879 678 1939 «Quanti

147 1951 228 2000 hodie
261 1951 294 2001 de
319 1951 364 2001 lus
386 1951 433 2016 qui
461 1951 566 2002 animas
588 1969 680 2020 regere

147 2030 328 2086 susceperunt,
349 2021 423 2086 quod
443 2021 505 2072 sine
532 2023 680 2074 miserabili

147 2093 249 2158 gemitu
265 2109 319 2142 non
343 2104 384 2144 est
408 2095 562 2156 dicendum,
578 2096 678 2148 Christi

147 2163 297 2229 opprobria,
308 2163 419 2229 flagella,
435 2167 540 2226 clavos,¹
549 2167 678 2228 lanceam,

148 2249 265 2298 crucem,
289 2245 405 2284 mortem
420 2235 450 2285 in
470 2236 577 2287 fornace
590 2239 679 2289 avari-

147 2305 190 2353 tiae
210 2303 335 2363 confiant,
350 2303 403 2354 hoc
421 2305 479 2354 solo
492 2321 508 2355 a
520 2307 588 2356 luda
598 2308 680 2359 diffe-

147 2375 338 2438 rentestquod
364 2373 408 2424 ille
434 2376 558 2426 omnium
580 2377 679 2429 horum

148 2446 362 2496 emolumentum
377 2447 548 2499 denariorum
567 2465 680 2501 numero

148 2517 346 2582 compensavit;
371 2517 415 2567 isti
432 2518 565 2571 voratoria
584 2520 679 2586 inglu-

147 2589 190 2637 vie
203 2588 270 2638 lucri
285 2587 402 2639 infinitas
419 2589 531 2656 exigunt
543 2593 679 2658 pecunias,

150 2661 193 2710 his
206 2661 325 2720 inhiant,
339 2660 434 2712 timent
453 2678 487 2712 ne
498 2665 631 2726 amittant,
651 2665 679 2716 in

148 2732 245 2782 harum
259 2747 351 2781 amore
360 2732 512 2799 quiescunt,
524 2735 679 2787 animarum

143 2801 218 2868 ¹apud
244 2817 290 2850 eos
310 2817 358 2851 nec
377 2817 453 2852 casus
441 2814 609 2869 reputatur
632 2823 680 2857 nec

148 2874 235 2936 salus5
252 2882 278 2923 et
301 2889 362 2924 curn
384 2875 438 2924 sint
460 2876 493 2925 de
517 2877 681 2942 patrimonio

149 2942 252 2992 Christi
267 2943 383 2994 nimium
399 2945 570 3012 impinguati,
583 2949 681 3001 incras

149 3011 209 3072 sati,
223 3012 336 3073 dilatati,
355 3030 406 3066 non
418 3019 617 3082 compatientia·
631 3035 680 3071 su-

147 3096 197 3148 per
209 3083 367 3134 contritione
381 3086 499 3152 Josepli.
514 3107 528 3134 ι
544 3089 600 3141 haec
616 3092 682 3142 Ber·

149 3153 260 3204 nardus.
298 3155 408 3220 Propter
443 3158 581 3210 avaritiam
617 3179 681 3214 vero

148 3224 230 3275 ludas
252 3223 338 3274 factus
354 3235 394 3275 est
412 3227 481 3288 talis,
498 3229 572 3294 quia,
581 3241 612 3282 ut
625 3234 682 3285 Leo

150 3296 220 3360 Papa
245 3294 331 3345 dicit:
345 3295 443 3347 Anima
467 3299 536 3372 lucri
568 3302 682 3368 cupida,

150 3372 209 3425 etc.,
224 3364 270 3413 ubi
285 3379 373 3430 supra.

180 3452 199 3500 4
210 3437 280 3486 Τιιιιι
291 3454 448 3488 ιιοειιιιιιιτι
463 3455 580 3491 nonnum
592 3459 608 3492 a
621 3459 683 3494 vnn-

151 3524 259 3559 orrronu
277 3512 388 3562 Cunisrr
414 3529 585 3565 rafflunrua.
600 3519 682 3568 -Ex

150 3581 202 3629 hoc
236 3592 327 3631 autem
364 3583 475 3633 articulo
516 3584 681 3638 venditionis

150 3649 269 3714 Christi,
302 3650 352 3702 tria
386 3653 530 3705 trahuntur
554 3657 682 3708 notabilia

149 3689 316 3774 documehta
342 3724 466 3775 Primum
483 3737 532 3788 est,
558 3737 588 3777 ut
600 3729 681 3779 nobis

150 3804 291 3842 caveamus
305 3808 339 3844 ne
359 3803 385 3843 et
405 3811 460 3845 nos
479 3805 534 3847 tam
552 3797 681 3848 detestan-

151 3861 216 3933 dum
240 3864 361 3925 facinus,
389 3867 490 3938 scilicet
516 3870 680 3922 venditionis

738 384 849 444 Christi,
860 399 981 450 unquam
993 393 1187 449 perporemus,
1197 387 1269 452 quod

737 455 833 520 utique
852 455 967 506 diversis
984 455 1073 505 modis
1095 455 1270 508 unanimos.

739 528 816 578 Unde
835 527 939 578 Beda·
961 526 1065 577 «Multi
1087 527 1174 578 hodie
1195 529 1269 580 lude

737 598 833 658 scelus,
856 597 930 663 quod
954 597 1104 649 Dominum
1131 609 1162 650 et
1182 601 1269 668 idagi-

737 677 823 718 strum
834 669 976 733 Deumque
988 683 1068 719 suum
1083 669 1201 734 pecunia
1211 687 1270 722 ven·

737 738 845 798 diderit,
859 737 959 788 uelut
951 749 1114 790 immaneet
1135 738 1269 794 nefarium

738 809 892 868 exhorrent,
909 825 958 860 uec
973 819 1062 859 tamen
1077 820 1185 862 meent
1197 812 1269 864 Nam

738 896 800 930 cum
820 895 869 944 pro
885 879 1045 930 muneribus
1059 880 1162 931 laisum
1175 893 1270 934 ovatae

737 949 887 1015 quemlibet
895 948 1082 1000 testrmomum
1095 950 1201 1011 dicunt,
1211 967 1271 1019 pro·

737 1023 804 1073 fecto
826 1023 892 1088 quia
920 1022 1058 1073 veritatem
1083 1039 1134 1089 pro
1159 1040 1272 1105 Quia

737 1103 844 1158 negant,
854 1092 1003 1142 Dominum
1015 1108 1064 1158 pro
1076 1095 1193 1159 periuria
1207 1112 1269 1148 ven·

737 1163 842 1220 dunt,'
837 1178 896 1227 lpse
916 1163 992 1213 enim
1010 1164 1079 1215 dixit
1098 1181 1108 1214 ι
1124 1166 1190 1232 Ego
1210 1181 1271 1218 sion

737 1233 846 1285 unitas.
862 1233 931 1282 Cum
946 1232 1102 1284 societatem
1115 1235 1272 1289 fraternita-

737 1305 773 1356 tis
797 1304 936 1355 discordiae
966 1315 1041 1370 poete
1061 1309 1272 1370 commamhxt,

738 1375 887 1426 Dominum
898 1377 1016 1440 produnt
1027 1392 1036 1426 ι
1048 1376 1183 1438 Quoniam
1197 1379 1274 1431 Deae

739 1447 842 1498 caritas
865 1452 916 1496 esi.
936 1465 950 1494 n
967 1447 1030 1507 Qui,
1042 1447 1154 1498 etiamsi
1178 1451 1273 1501 nullus

739 1517 880 1583 pecuniam
893 1517 948 1578 det,
975 1517 1127 1568 Dominum
1139 1520 1275 1586 argenteis

738 1592 868 1652 vendunt,
881 1591 1091 1658 quiaprincipis
1105 1594 1273 1647 saculiima-

739 1665 840 1747 ginem,
854 1665 882 1715 id
907 1674 948 1715 est
963 1666 1087 1731 exempla
1098 1665 1188 1718 hostia
1201 1669 1275 1720 anti-

738 1736 795 1802 qui,
811 1736 931 1801 neglecta
954 1735 1114 1808 Conditoris
1133 1739 1169 1790 ad
1189 1755 1271 1806 quam

738 1807 818 1858 creati
855 1817 920 1858 sunt
956 1804 1114 1874 imaginem,
1143 1822 1269 1864 sumunt

739 1881 818 1940 Nam,
833 1880 982 1931 secundum
995 1881 1241 1947 Hieronymum'
1219 1901 1273 1936 arc·

738 1961 769 2001 ut
790 1951 907 2002 ioannes
927 1951 1056 2017 Baptista,
1081 1953 1129 2018 qui
1150 1969 1208 2006 ma
1225 1971 1271 2022 pro

738 2021 840 2073 Christi
853 2021 1032 2083 confessione,
1045 2025 1094 2073 sed
1109 2041 1161 2090 pro
1182 2025 1272 2077 delen·

738 2095 813 2145 sione
828 2095 948 2146 veritatis
958 2097 1092 2158 occubuit,
1106 2097 1172 2149 ideo
1183 2107 1270 2150 tanam

738 2181 788 2248 pro
799 2166 918 2227 Christo,
928 2166 992 2249 quia
1009 2183 1058 2232 pro
1072 2169 1187 2221 veritate
1199 2185 1269 2221 mar·

738 2237 840 2303 tyrium
851 2239 984 2304 suscepit
997 2239 1033 2290 ita
1047 2255 1062 2290 e
1069 2242 1269 2325 contrarioqui

738 2307 856 2359 caritatis
878 2319 904 2360 et
926 2310 1046 2362 veritatis
1067 2312 1128 2377 jura
1155 2314 1271 2380 speruit,

739 2381 878 2433 Christum
893 2383 997 2450 utique,
1017 2384 1064 2451 qui
1082 2395 1123 2436 est
1134 2388 1236 2438 urim
1247 2393 1271 2437 ei

739 2452 852 2515 caritas,
873 2454 972 2520 prodit.
990 2455 1048 2506 Imo
1074 2455 1271 2519 universaliter,

739 2524 810 2575 sicut
839 2524 905 2574 dicit
928 2524 1080 2591 Origenes,
1106 2526 1271 2593 omnesqui

739 2611 788 2660 pro
812 2595 1006 2660 temporalibus
1032 2606 1059 2646 et
1087 2598 1272 2649 mundialibus

739 2668 820 2716 rebus
852 2666 983 2730 iustitiam
1012 2668 1143 2720 desemnt
1157 2708 1164 2731 ,
1178 2671 1271 2721 ,mm

739 2737 787 2802 qui
804 2747 845 2787 est
861 2737 964 2802 justitia
981 2739 1115 2790 vendunt.
1145 2741 1272 2793 Similiter

739 2811 828 2861 Deum
859 2810 975 2872 vendit,
998 2813 1047 2879 qui
1072 2814 1205 2878 jumitiam
1230 2815 1271 2866 rel

740 2881 884 2932 consilium
914 2884 1023 2948 vendit3
1053 2884 1113 2949 ipse
1141 2886 1217 2937 enin
1234 2895 1271 2938 est

739 2952 860 3018 justitia,
885 2969 914 3004 ac
945 2955 1076 3035 spiritus,
1100 2965 1129 3006 et
1154 2957 1271 3025 Angelus

740 3023 857 3074 consilii.
869 3024 917 3074 llle
935 3025 1018 3075 etiarn
1036 3025 1188 3076 Donunurh
1205 3042 1269 3078 vea-

740 3093 789 3154 dit,
804 3093 862 3160 qui,
875 3095 933 3159 ejus
952 3095 1051 3146 timore
1071 3106 1098 3147 et
1120 3113 1216 3149 amore
1232 3112 1269 3148 ne

741 3165 835 3230 glecto,
842 3174 945 3216 terrena
956 3181 986 3216 ac
999 3167 1131 3228 caduca,
1123 3183 1183 3217 rmo
1191 3168 1268 3218 etiam

740 3235 886 3287 criminosa
910 3237 974 3302 plus
1004 3252 1096 3288 amare
1125 3248 1152 3289 et
1184 3252 1270 3289 curare

706 3347 709 3352 .
741 3305 918 3357 convincitur,
945 3307 1096 3358 Dominum
1120 3308 1203 3358 etiam
1225 3321 1271 3374 pm

741 3376 883 3442 temporali
896 3377 1009 3443 pecunia
1018 3378 1123 3439 vendit,
1139 3379 1189 3444 qui
1204 3379 1269 3429 bona

741 3462 792 3498 sua
800 3463 849 3513 pro
859 3464 927 3500 vana
947 3450 1032 3515 gloria
1047 3451 1190 3515 expendit
1197 3451 1269 3507 item,

740 3520 828 3570 Deum
853 3521 976 3573 vendunt
1001 3532 1027 3572 et
1050 3523 1206 3584 simoniaci,
1225 3521 1269 3588 φὶ

741 3590 854 3655 gratiam
873 3591 931 3652 Dei,
941 3609 1002 3659 quae
1015 3604 1058 3644 est
1078 3593 1106 3643 in
1124 3594 1218 3644 missae
1229 3607 1268 3644 sa·

741 3661 872 3722 orificio,
865 3680 894 3713 ιιι
912 3664 1097 3725 sacramentis,
1110 3665 1140 3715 in
1154 3665 1217 3716 aliis
1229 3678 1267 3714 aa·

741 3734 822 3786 cratis
836 3744 861 3786 et
879 3737 1064 3802 spiritualibus
1079 3739 1172 3800 rebus,
1193 3751 1267 3805 pecu·

742 3803 788 3855 nia
814 3817 979 3858 commutare
1006 3823 1063 3858 non
1083 3805 1265 3860 verminari

742 3874 808 3940 quia
822 3875 947 3928 simoniae
970 3887 1109 3942 peccatum
1121 3889 1168 3930 est
1178 3890 1230 3931 tam
1240 3874 1264 3926 l!
