2632 4320
148 263 200 314 320

148 393 198 429 trs.
217 405 249 415 -
266 375 360 426 Tertio
382 374 542 426 describitur
562 374 680 425 turbatio

149 452 177 502 in
200 461 319 502 creatura
348 448 512 509 rationabili,
535 449 562 500 id
588 458 628 500 est
651 448 680 498 in

148 524 269 583 homine,
287 538 349 573 cum
373 520 681 572 subditumarescemi-

150 597 206 656 bus,
220 594 247 645 id
261 604 301 644 est
315 591 510 651 deficientibus,
523 591 679 653 hominibus,

151 685 166 720 a
187 668 279 734 vigore
297 682 352 716 suae
375 665 520 733 corporalis
532 664 641 716 virtutis
656 673 682 714 et

151 741 255 805 colore;
280 738 307 788 in
330 738 425 788 diebus
451 737 525 789 enirn
549 735 603 786 illis
624 735 682 786 effi-

151 813 255 863 cientur
275 805 400 860 homines
418 808 487 859 aridi
501 818 527 858 et
541 807 682 874 palescen-

151 894 192 933 tes
206 892 231 932 et
248 880 349 946 stupidi
369 890 394 930 et
414 881 487 930 velut
508 887 638 938 amentes,
656 888 681 928 et

152 956 337 1007 contabescent
356 952 385 1003 in
400 951 506 1017 seipsis,
522 951 559 1002 ita
573 961 603 1002 ut
616 952 682 1002 alter

150 1029 264 1080 alterum
283 1043 338 1078 non
355 1027 514 1091 alloquatur,
529 1025 572 1075 vel
593 1024 683 1075 audiat

151 1118 198 1154 seu
223 1100 349 1158 attendat,
368 1113 430 1165 prce
456 1098 559 1157 timore,
582 1097 683 1148 scilicet

151 1172 284 1223 malorum
301 1168 482 1235 praesentium,
498 1174 524 1218 et
538 1173 682 1233 exspecta-

151 1244 222 1294 tione
242 1240 375 1291 malorum
401 1237 488 1288 adhuc
513 1238 681 1297 restantium,

151 1328 219 1380 quoe,
239 1312 359 1377 inquam,
376 1309 458 1359 timor
474 1318 500 1358 et
521 1309 681 1374 exspectatio

152 1383 336 1451 supervenient
357 1381 481 1431 universo
506 1381 573 1431 orbi.
600 1379 681 1439 Quasi

151 1457 250 1508 diceret
268 1472 274 1505 z
292 1455 347 1504 Nec
374 1453 455 1513 natio,
474 1469 521 1503 nec
545 1452 683 1518 provincia

151 1529 305 1580 excludetur
317 1527 351 1577 ab
365 1525 409 1576 his
421 1525 565 1591 angustiis.
585 1526 624 1575 De
638 1524 682 1574 his

151 1609 241 1652 autem
259 1598 297 1648 sic
311 1597 376 1647 dicit
394 1596 476 1646 lsaias
490 1596 623 1661 :Eritque
635 1611 682 1645 re-

147 1680 235 1742 pente,
259 1678 284 1723 et
311 1671 451 1739 confestim
482 1669 635 1719 visitabitur
665 1684 682 1720 a

150 1744 266 1796 Domino
299 1740 468 1793 exercituum
492 1738 519 1790 in
553 1739 681 1804 tonitruo,

151 1821 177 1866 et
190 1812 362 1866 commotione
376 1818 466 1872 terrae,
490 1816 516 1861 et
538 1823 601 1861 voce
622 1825 682 1859 ma-

150 1903 208 1953 gua
223 1885 336 1936 turbinis
348 1890 374 1934 et
385 1882 551 1950 tempestatis
564 1888 590 1933 et
596 1882 683 1950 siam-

153 1975 204 2012 mae
218 1959 292 2025 ignis
307 1957 471 2008 devorantis.
483 1957 516 2006 Et
530 1956 569 2006 sic
584 1956 683 2022 imple-

152 2032 225 2082 bitur
240 2031 312 2097 quod
336 2029 401 2079 dicit
420 2028 505 2078 David
518 2028 552 2077 de
575 2026 682 2092 impio:

151 2100 275 2164 Quaesivi
294 2105 320 2148 et
339 2104 446 2149 nonest
463 2098 585 2147 inventus
609 2096 683 2147 locus

151 2172 218 2236 eivs.
233 2170 317 2230 Quasi
329 2169 428 2219 diceret
444 2184 451 2216 ε
467 2167 584 2226 Quaesivi
598 2166 683 2231 impio

150 2243 240 2292 locum
261 2240 290 2291 in
316 2239 428 2297 mundo,
454 2249 479 2288 et
506 2254 559 2287 non
581 2237 681 2288 inveni.

151 2312 231 2371 Nam,
252 2309 351 2374 judicio
383 2308 551 2367 imminente,
583 2309 680 2358 coelum

147 2381 278 2433 tonitruis
292 2391 318 2431 et
332 2380 487 2446 fulguribus
506 2379 616 2445 repellet
627 2378 682 2428 irn-

148 2454 234 2520 pium,
258 2467 302 2503 aer
323 2452 435 2517 depellet
459 2466 505 2517 per
535 2449 681 2511 turbinem,

147 2539 219 2575 mare
239 2538 286 2589 per
310 2529 506 2588 tempestatem,
528 2529 598 2571 terra
619 2536 681 2571 eum

149 2595 264 2647 excutiet
288 2610 336 2660 per
357 2592 583 2655 commotionem3
600 2603 630 2642 ut
654 2593 681 2643 in

149 2676 206 2717 toto
232 2666 334 2716 mundo
356 2665 445 2714 locum
469 2679 524 2712 non
543 2662 683 2714 inveniens

149 2737 293 2803 sepeliatur
307 2735 455 2785 inflamma
468 2733 539 2800 ignis
552 2734 683 2785 devoran-

149 2807 185 2858 tis
200 2807 230 2856 in
246 2806 366 2856 inferno.

182 2877 355 2928 8Tunasrro
384 2890 528 2926 caestuum
552 2890 683 2925 rurestr-

151 2961 271 2998 cuusnts
287 2974 317 2982 -
331 2947 434 3004 Quarto
445 2946 552 3010 ponitur
567 2945 683 2995 turbatio

149 3018 179 3068 in
191 3027 311 3067 creatura
327 3016 512 3075 intellectuali,
522 3031 584 3065 cum
600 3015 684 3066 infer-

149 3099 214 3139 tur:
230 3088 303 3138 Nam
320 3088 438 3138 Virtutes
449 3087 585 3146 coelorum,
600 3086 628 3136 id
644 3098 683 3138 est

155 3158 282 3226 angelicae
317 3159 476 3219 Potestates,
501 3160 682 3211 movebuntur.

149 3230 197 3281 llle
209 3238 298 3280 autern
312 3238 405 3278 motus
416 3229 468 3279 erit
478 3229 681 3294 multipliciter:

151 3302 216 3368 quia
251 3301 424 3351 movebuntur
454 3300 572 3365 quodam
607 3310 683 3351 motu

151 3370 337 3424 admirationis
379 3369 500 3421 videntes
541 3369 684 3422 inusitatos

151 3443 260 3495 effectus
291 3440 410 3493 accidere
436 3450 532 3506 praeter
561 3441 683 3492 ordinem

151 3514 321 3576 naturalem
347 3512 423 3573 item,
451 3511 624 3561 movebuntur
652 3528 684 3564 ex

152 3592 244 3643 divina
256 3593 394 3643 voluntate
411 3589 444 3640 ad
464 3588 615 3638 faciendum
629 3586 685 3637 mi-

151 3663 286 3712 raculosus
307 3659 546 3711 transmutationes
569 3657 598 3707 in
628 3658 700 3716 ele-,

153 3734 262 3794 mentis,
276 3735 309 3784 ad
321 3732 509 3784 incutiendum
524 3729 684 3781 hominibus

151 3815 282 3856 terrorem
307 3805 409 3856 iudicis
431 3803 581 3866 venientis;
607 3802 683 3864 item,

153 3878 326 3931 movebuntur
342 3880 374 3930 ad
400 3887 571 3945 peccatorum
592 3876 685 3930 vindi-

430 258 608 312 SECUNDAE
626 258 750 310 PARTlS
766 261 884 315 CAPUT
899 265 991 316 XLIL·

733 386 804 428 ctam
836 389 862 430 et
893 380 1088 446 separationem
1114 383 1266 448 expetendo

733 449 818 500 abeis
842 450 988 512 ultionem,
1015 452 1078 518 quia
1103 453 1269 518 separabunt

735 521 821 572 malos
845 522 877 572 de
895 522 980 573 medio
997 522 1146 589 justorum,
1161 530 1188 575 et
1201 524 1267 574 mit-

734 601 790 645 tent
814 608 859 646 eos
878 596 905 646 iu
926 596 1057 647 caminum
1080 597 1173 662 ignis3
1186 597 1263 658 item,

735 679 847 734 possunt
868 669 921 720 dici
944 669 1045 719 moveri
1060 685 1092 720 ex
1107 684 1208 735 magno
1228 670 1267 721 ti-

736 755 820 802 more,
835 741 966 793 videbunt
980 740 1053 791 enirn
1068 750 1157 791 toturn
1169 741 1267 792 orbem

735 813 857 878 judicari,
879 825 905 864 et
926 813 1079 864 Luciferum
1104 813 1152 879 qui
1171 829 1267 864 eorum

735 885 858 950 princeps
877 884 938 935 fuit.
953 884 1031 935 Unde
1044 883 1109 934 dicit
1125 884 1267 950 Chrysas-

735 962 829 1018 tomus,
851 955 923 1021 quod
943 954 1019 1005 valde
1043 955 1169 1004 decenter
1189 969 1269 1004 com-

736 1026 920 1076 movebuntur
933 1035 959 1075 et
967 1024 1157 1075 concutientur
1170 1023 1268 1075 viden·

734 1108 773 1148 tes
797 1107 899 1146 tantam
926 1094 1178 1146 transmutationem
1200 1094 1268 1156 fieri,

734 1181 759 1222 et
773 1184 916 1220 conservos
928 1183 992 1218 suos
1013 1167 1115 1234 puniri,
1133 1178 1159 1218 et
1173 1168 1268 1218 orbern

734 1251 865 1290 terrarum
877 1238 991 1289 terribili
1004 1237 1177 1289 assistentem
1193 1238 1265 1304 judi-

734 1313 783 1363 cia.
809 1313 856 1362 Est
881 1321 970 1361 autem
992 1310 1019 1360 in
1050 1311 1163 1378 Angelis
1187 1312 1269 1362 timor

733 1385 877 1451 ,cujusdam
892 1373 1045 1434 reveientiae
1060 1393 1087 1435 et
1100 1383 1270 1435 admiratio-

739 1459 782 1508 nis
804 1466 926 1522 respectu
949 1455 1008 1516 Dei,
1024 1456 1088 1523 quia
1104 1457 1207 1507 scillcet
1220 1457 1269 1506 ad-

735 1531 869 1582 mirantur
896 1529 944 1579 Dei
967 1531 1132 1595 majestatem
1157 1530 1199 1581 eis
1223 1529 1269 1579 in·

736 1599 1020 1666 comprehensibilem,
1042 1610 1068 1650 et
1098 1599 1131 1649 ad
1154 1600 1268 1650 modum

735 1672 910 1723 trementium
930 1687 959 1721 se
985 1671 1134 1731 habebunt,
1161 1672 1196 1722 de
1223 1671 1269 1722 tali

734 1744 833 1793 timore
855 1742 952 1792 dicitur
974 1742 1002 1792 in
1024 1742 1074 1792 lob
1097 1759 1104 1792 :
1130 1742 1270 1793 Columnae

735 1814 797 1866 coeli
822 1814 1027 1864 contremiscunt
1049 1819 1075 1864 et
1107 1820 1211 1879 pavent
1233 1812 1271 1863 ad

736 1892 829 1937 nutum
838 1885 905 1952 ejus,
920 1886 973 1945 vel,
989 1884 1139 1935 secundum
1151 1885 1269 1951 aliquos,

736 1957 763 2008 in
779 1958 896 2007 adventu
919 1956 986 2023 ejus.
1005 1955 1076 2014 Quid
1092 1970 1157 2021 ergo
1175 1954 1270 2005 facient

734 2026 849 2092 virgulta
863 2025 970 2088 deserti,
985 2024 1033 2075 ubi
1048 2024 1146 2075 timore
1167 2040 1269 2075 concu-

735 2099 802 2149 titur
816 2099 911 2147 cedrus
925 2095 1021 2147 Libani
1036 2096 1175 2161 paradisi?
1192 2095 1270 2147 Unde

736 2185 791 2219 non
812 2177 852 2218 est
869 2167 969 2218 mirum
984 2167 1007 2216 si
1030 2166 1158 2218 homines
1181 2165 1269 2232 quiin

736 2250 831 2291 natura
845 2249 871 2290 et
884 2255 966 2289 sensu
976 2250 1041 2289 sunt
1054 2247 1196 2289 terrestres
1206 2251 1270 2288 are·

736 2315 818 2372 stent,
831 2325 893 2358 cum
906 2307 987 2358 etiam
1003 2306 1131 2373 angelicae
1143 2307 1270 2358 Potesta-

736 2392 785 2446 tes,
801 2395 863 2448 quse
887 2381 920 2431 de
942 2395 970 2430 se
991 2394 1090 2429 securae
1118 2389 1195 2439 sunt,
1214 2393 1270 2429 mo·

735 2453 873 2503 vebuutur.
902 2478 933 2488 -
960 2449 1107 2511 Moraliter‚
1139 2450 1269 2500 coelorum

736 2525 848 2576 nomine
879 2533 994 2589 possunt
1025 2522 1142 2589 intelligi
1172 2522 1269 2574 animae

735 2609 839 2656 sanctae,
854 2594 883 2645 in
893 2595 995 2662 quibus
1005 2595 1078 2645 Deus
1092 2609 1143 2660 per
1157 2594 1269 2662 gratiam

735 2666 840 2732 concipi
868 2665 994 2732 dignatur
1026 2674 1052 2715 et
1080 2663 1214 2726 habitare,
1236 2663 1268 2713 de

736 2737 837 2804 quibus
857 2735 974 2785 dicitur:
989 2734 1093 2785 Caelum
1109 2735 1179 2786 milti
1191 2734 1266 2785 sedes

735 2816 784 2873 est,
812 2807 903 2859 anima
929 2806 1001 2858 enim
1032 2807 1097 2872 justi
1127 2808 1206 2858 sedes
1230 2815 1269 2856 est

736 2878 882 2946 sapientiae.
898 2879 985 2943 Hujus
999 2877 1059 2928 coeli
1074 2877 1192 2929 virtutes
1204 2887 1270 2928 sunt

736 2951 834 3002 animae
880 2949 959 3000 vires.
998 2949 1074 2999 Sicut
1114 2960 1208 3000 autern
1243 2949 1269 2998 in

734 3022 848 3073 adventu
873 3021 901 3070 in
920 3019 1051 3086 iudicium
1082 3020 1204 3072 Virtutes
1217 3033 1270 3072 coe·

737 3094 825 3144 lorum
860 3090 1038 3157 corporalium
1074 3091 1249 3141 movebuntur
1261 3104 1270 3149 ,¹

737 3162 775 3213 sic
801 3161 831 3212 in
866 3162 982 3212 adventu
1007 3159 1092 3210 Verbi
1117 3160 1214 3210 oeterni
1244 3159 1270 3209 in

739 3244 857 3284 mentem
873 3231 1093 3282 omnes·virtutes
1107 3239 1136 3280 et
1147 3229 1272 3297 potentiae

737 3304 835 3354 animae
852 3303 1035 3353 movebuntur
1047 3301 1081 3351 ad
1101 3301 1272 3366 operationes

736 3375 990 3442 superexcedentes3
1002 3371 1183 3439 superiorque
1192 3382 1219 3423 et
1229 3371 1272 3423 in·

736 3449 817 3500 ferior
837 3447 925 3514 portio
950 3445 1062 3497 rationis
1090 3445 1273 3496 movebuntur

737 3521 771 3571 de
792 3517 919 3570 exercitio
940 3517 1020 3568 bonae
1045 3515 1223 3582 operationis,
1241 3515 1272 3566 ad

738 3589 860 3641 studium
891 3587 1024 3638 orationis
1051 3596 1078 3637 et
1105 3587 1273 3652 contempla·

736 3659 829 3710 tionis.

770 3746 787 3798 9
815 3729 967 3789 Qurunecnt
991 3741 1087 3778 tunrctt
1114 3740 1219 3776 rurum
1236 3738 1272 3775 st-

738 3818 800 3854 ass.
822 3831 853 3840 -
878 3801 1014 3853 iudicium
1050 3814 1114 3866 ergo
1151 3798 1273 3850 divinum

741 3874 890 3942 precedent
937 3871 1015 3939 signa
1053 3880 1080 3922 et
1121 3869 1273 3929 mirabilia,
