2632 4320
243 281 291 332 DE
303 280 472 332 SERMONE
487 279 533 331 ET
547 275 733 330 ORATIONE
748 277 876 328 DOMINI
894 278 928 329 IN
946 276 1061 328 COENA.

680 395 792 446 modum
811 394 1009 460 persecutiones
1032 402 1059 444 et
1080 401 1213 443 tormenta
1286 444 1287 447 ,

96 405 160 463 post
177 395 397 462 lacrymationem
412 405 439 446 et
459 395 564 460 fletum,
583 395 628 445 in-

97 469 168 521 fudit
192 469 264 520 Deus
289 469 493 521 exsultationem
514 478 541 519 et
568 483 629 534 gau·

96 540 185 591 dium.
202 540 254 591 Ubi
279 541 438 600 notandum,
452 539 525 606 quod
540 539 563 589 si
585 539 628 590 cui

98 612 310 678 promitteretur,
326 611 359 662 ab
378 626 409 662 eo
426 611 473 677 qui
493 619 562 660 esset
580 625 629 661 ve-

98 697 146 733 rax
176 691 203 734 et
223 692 317 749 potens
344 681 428 732 facere
453 679 628 746 promissum,

99 755 174 820 quod
188 770 284 806 omnes
301 754 375 805 illius
395 753 497 819 lapides
517 761 629 803 verteret

97 827 127 878 in
147 841 254 888 aurum,
272 827 365 893 utique
389 827 434 878 ille
455 834 629 891 congregaret

98 897 256 949 hincinde
284 897 397 963 lapides,
425 913 509 965 quam
539 905 630 963 posset

97 969 189 1034 plures
222 979 248 1020 et
288 970 416 1034 majores;
448 984 519 1018 nunc
547 967 630 1033 igitur

96 1039 265 1105 promittitur
285 1040 373 1099 nobis,
396 1040 429 1089 ab
445 1039 504 1104 ipso
520 1038 567 1104 qui
580 1052 629 1088 ve-

96 1111 163 1162 ritas
190 1119 238 1175 est,
269 1121 295 1162 et
318 1121 414 1176 potens
442 1125 524 1176 super
547 1123 629 1159 omne

96 1181 170 1247 quod
185 1192 234 1243 est,
249 1183 322 1248 quod
335 1181 444 1233 tristitia
463 1192 553 1232 nostra
568 1195 630 1232 ver-

96 1263 169 1304 tetur
185 1254 213 1304 in
226 1256 364 1321 gaudium,
379 1254 439 1305 ideo
455 1255 572 1304 multum
593 1252 630 1302 li-

100 1324 195 1375 benter
207 1327 337 1377 debemus
349 1325 483 1377 sustinere
495 1322 629 1382 tristitias,

99 1405 126 1445 et
139 1410 275 1461 pressuras
300 1397 380 1461 hujus
396 1395 501 1454 mundi,
517 1394 545 1444 in
569 1408 631 1458 aug·

99 1478 221 1518 mentum
248 1469 333 1519 nostri
352 1467 451 1535 gaudii.
475 1466 553 1519 Unde
574 1480 630 1516 non

99 1537 168 1589 dixit
183 1556 191 1589 t
206 1539 272 1590 Post
280 1539 417 1590 tristitiam
429 1547 543 1588 vestram
554 1535 631 1586 vobis

101 1610 152 1660 erit
171 1609 318 1676 gaudium;
342 1611 387 1661 sed
418 1610 477 1661 ait:
502 1606 630 1658 Tristitia

100 1687 192 1733 vestra
219 1689 336 1733 vertetur
362 1683 389 1734 in
416 1680 568 1747 gaudium,
594 1676 631 1727 ita

99 1753 175 1818 quod
190 1752 241 1803 hoc
265 1753 364 1819 ipsum,
385 1753 458 1820 quod
478 1761 519 1802 est
544 1749 631 1800 tristi-

100 1822 166 1873 tiam
191 1823 297 1888 habere,
319 1825 346 1874 in
375 1824 517 1875 cumulum
540 1819 631 1888 gaudii

99 1903 277 1944 convertetur.

135 1981 162 2016 tr
187 1966 346 2018 Sru1utruno
378 1981 502 2017 uuursnrs
527 1979 631 2016 enaru-

100 2051 214 2087 atrrtrts.
225 2053 261 2074 ’-
275 2038 317 2088 Ad
329 2038 527 2088 ostendendum
541 2044 631 2092 autem

101 2115 128 2158 et
155 2108 279 2159 moeroris
301 2120 328 2159 et
350 2108 441 2174 gaudii
462 2104 632 2157 immensita-

99 2189 164 2241 tem,
183 2179 287 2231 inducit
309 2180 527 2239 similitudinem,
541 2177 632 2227 decla-

102 2250 188 2300 rando
202 2251 276 2317 quod
298 2251 401 2303 dixerat
419 2266 466 2317 per
476 2248 631 2314 exemplum

101 2320 241 2381 mulieris,
261 2321 289 2372 in
315 2321 407 2372 dolore
433 2330 524 2388 partus
546 2319 632 2370 tristi-

100 2393 167 2444 tiam
192 2393 328 2457 habentia
366 2394 413 2444 sed
439 2394 467 2443 in
495 2392 632 2444 nativitate

101 2464 178 2530 pueri
193 2464 322 2530 gaudium
336 2463 527 2530 superveniens
542 2463 632 2514 absor-

101 2538 146 2589 bet
159 2537 188 2588 in
207 2554 238 2589 ea
256 2554 365 2588 omnem
379 2537 517 2587 tristitiam
532 2551 632 2602 praece-

101 2609 221 2660 dentem.
248 2609 351 2660 Deinde
381 2609 433 2659 hoc
458 2605 631 2674 paradigma,

87 2681 174 2748 ‚quod
192 2682 225 2732 de
245 2682 358 2732 muliere
381 2679 522 2747 proposuit
534 2680 632 2730 Domi-

103 2767 156 2803 nus
170 2753 289 2817 exponit,
300 2762 325 2802 et
336 2750 542 2802 similitudinem
556 2751 633 2815 adep

103 2831 150 2884 tat,
172 2823 264 2874 dicens
284 2841 291 2874 ι
310 2824 349 2874 Et
372 2837 419 2873 vos
447 2822 535 2887 igitur
564 2835 632 2872 nunc

101 2895 207 2962 quidem
229 2895 368 2946 tristitiam
395 2894 506 2955 habetis,
531 2891 633 2942 scilicet

99 2978 224 3035 ,tempore
244 2984 310 3019 meae
327 2967 464 3018 Passionis
478 2975 504 3016 et
526 2964 632 3028 mortis,

101 3039 181 3106 quasi
203 3041 255 3104 jam
271 3039 456 3105 parturientes,
473 3037 568 3087 iterum
589 3050 635 3086 aa·

101 3117 155 3163 tem
170 3111 263 3162 videbo
278 3125 333 3173 vos,
354 3116 380 3160 et
389 3106 519 3175 gaudebit
533 3122 579 3158 cor
594 3121 634 3159 ve-

101 3186 197 3245 strum,
226 3181 325 3232 scilicet
340 3190 401 3245 post
423 3194 511 3229 meam
532 3178 634 3229 Resur-

104 3255 265 3317 rectionem3
301 3261 327 3305 et
356 3252 487 3319 gaudium
517 3258 634 3303 vestrum

102 3339 178 3377 nemo
214 3326 288 3376 tollet
313 3339 330 3374 a
358 3324 447 3386 vobis,
481 3322 545 3389 quia
580 3322 635 3373 vita

103 3397 205 3449 Christi
228 3412 287 3463 quae
326 3395 378 3446 fuit
405 3391 523 3446 materia'
554 3395 636 3460 hujus

102 3469 206 3536 gaudii,
231 3480 287 3520 erat
311 3468 437 3531 deinceps
463 3465 634 3526 immortalis,

102 3554 159 3589 non
181 3539 299 3604 amplius
324 3536 468 3588 auferenda
485 3552 531 3602 per
559 3551 635 3587 mor-

102 3623 168 3664 tem.
196 3612 347 3663 Tristitiam
381 3612 455 3662 enim
485 3611 637 3662 habuerunt

103 3699 183 3751 passo
198 3684 331 3747 Domino;
357 3683 403 3733 sed
427 3692 488 3747 post
511 3683 637 3732 Resurre-

104 3755 224 3808 ctionem
250 3757 343 3823 gavisi
366 3762 443 3819 sunt,
467 3769 558 3822 nempe
578 3754 636 3805 riso

104 3827 229 3892 Domino,
258 3837 285 3878 et
310 3827 439 3892 gaudium
466 3841 560 3876 eorum
581 3840 636 3874 non

104 3898 249 3950 tollebatur
267 3898 303 3951 ab
327 3897 376 3963 eis,
398 3897 463 3963 quia
485 3895 535 3947 etsi
565 3902 637 3961 post·

1159 276 1211 341 425

681 481 729 532 pro
745 465 855 517 Christo
877 465 949 532 passi
968 474 1039 526 sunt,
1061 479 1108 530 spe
1121 474 1210 514 tamen

680 535 883 587 resurrectionis
904 547 930 587 et
954 536 1064 588 visionis
1080 534 1154 585 illius
1167 549 1212 584 ac-

681 608 765 668 censi,
786 607 900 659 libenter
917 608 1028 659 adversa
1041 621 1156 673 quaeque
1170 603 1210 655 fe-

682 682 783 741 rebant,
798 681 853 731 imo
870 681 998 748 gaudium
1012 678 1211 738 existimabant,

681 769 743 804 cum
771 753 799 803 in
820 752 979 804 tentationes
999 752 1086 802 varias
1115 749 1213 800 incide·

682 834 748 876 rent.
771 825 888 875 Possunt
904 834 993 874 autem
1007 833 1034 874 et
1048 823 1152 874 haecita
1167 820 1212 871 iu-

682 895 775 962 telligi‚
785 906 815 946 ut
824 894 852 945 in
867 894 1007 960 discipulis
1020 893 1154 944 universae
1168 891 1212 941 lo-

682 977 780 1033 quatur
809 965 943 1017 Dominus
970 964 1111 1024 Ecclesiae,
1139 963 1213 1013 velut

682 1037 763 1089 etiam
777 1037 814 1087 ibi
831 1038 923 1089 :Eece
936 1052 988 1102 ego
1005 1036 1140 1087 vobiscum
1154 1047 1212 1084 sum

683 1124 765 1176 usque
786 1110 824 1161 ad
840 1108 1093 1173 ¹consummationem
1119 1107 1212 1158 seculi.

683 1181 777 1231 Mundi
813 1182 886 1233 enim
924 1190 1056 1232 amatores
1087 1178 1212 1245 gaudent,

682 1254 747 1321 quia
773 1254 802 1305 in
828 1253 1003 1320 praesentibus
1031 1252 1212 1314 delectantur,

684 1329 758 1378 nulla
780 1327 890 1378 alterius
910 1325 971 1377 vitae
992 1324 1088 1391 gaudia
1100 1337 1213 1389 speran-

682 1406 738 1463 tes;
763 1400 808 1449 sed
833 1396 897 1447 boni
924 1396 952 1446 in
975 1395 1103 1447 aerumnis
1131 1393 1214 1459 hujus

682 1469 744 1520 vitae
759 1469 908 1527 tristantur,
923 1478 949 1517 et
962 1468 1070 1532 plorant
1082 1481 1131 1531 pro
1149 1479 1213 1530 pec-

683 1541 750 1593 catis
763 1539 889 1606 propriis,
908 1550 934 1590 et
947 1539 1052 1600 alienis,
1067 1554 1115 1604 pro
1133 1537 1214 1602 hujus

684 1612 778 1663 mundi
804 1611 923 1661 incolatu
943 1619 969 1660 et
987 1611 1115 1660 dilatione
1138 1607 1213 1676 regni

683 1683 811 1746 coelestis;
829 1692 854 1734 et
870 1697 917 1748 per
927 1681 1009 1746 hujus
1025 1680 1086 1731 vitae
1099 1680 1214 1731 tribula-

683 1753 771 1804 tiones
786 1763 812 1804 et
825 1750 970 1818 angustias,
986 1751 1019 1801 ad
1034 1760 1130 1801 aeterna
1148 1764 1214 1799 con-

683 1824 798 1875 tendunt
811 1823 908 1890 gaudia
920 1821 988 1882 coeli,
999 1820 1063 1887 quia
1075 1833 1125 1885 per
1144 1819 1215 1869 mul-

684 1904 727 1948 tas
738 1897 922 1948 tribulationes
935 1900 1041 1962 oportet
1052 1907 1100 1944 nos
1111 1893 1216 1943 intrare

684 1970 710 2021 in
732 1983 844 2035 regnum
868 1967 930 2018 Dei.
953 1966 1049 2017 Dicens
1067 1980 1130 2030 ergo
1157 1964 1215 2014 Do-

684 2039 776 2091 minus
799 2055 807 2089 :
825 2039 929 2090 Iterum
946 2043 1035 2088 autem
1052 2034 1144 2088 ridebo
1156 2048 1214 2098 vos,

684 2111 831 2164 secundum
873 2110 1007 2178 promittit
1046 2109 1215 2169 adventum,

683 2187 772 2252 quoad
790 2185 944 2236 universam
972 2182 1094 2234 videlicet
1121 2181 1215 2233 Eccle-

684 2260 762 2320 siam,
792 2259 825 2311 ad
840 2257 1069 2309 remunerandum
1090 2270 1123 2306 ex
1143 2253 1217 2304 inte-

684 2347 741 2398 gro.
772 2332 810 2381 Ac
836 2331 858 2381 si
884 2330 983 2380 diceret
1006 2346 1013 2379 ε
1039 2328 1139 2377 lterum
1173 2324 1217 2375 vi-

683 2405 788 2455 dendus
831 2403 964 2469 apparebo
1003 2400 1082 2452 vobis
1119 2407 1218 2449 aeterna
1302 2396 1309 2430 ἰ

682 2475 796 2537 visione,
825 2475 940 2540 eripiam
967 2489 1014 2524 vos
1040 2472 1073 2522 ab
1099 2472 1219 2521 adversa-

684 2545 741 2608 riis,
771 2560 907 2595 assumam
937 2559 986 2594 vos
1010 2543 1042 2592 ad
1070 2540 1216 2606 meipsum,

683 2617 818 2667 coronabo
838 2630 886 2665 vos
902 2615 1026 2673 victores,
1039 2612 1159 2678 probabo
1173 2624 1218 2660 me

684 2701 790 2752 semper
802 2687 902 2737 vidisse
914 2701 964 2736 vos
974 2686 1148 2735 decertantes.
1163 2681 1218 2732 Un-

685 2759 718 2808 de
736 2757 868 2809 Alcuinus
881 2775 889 2808 .·
903 2774 917 2803 a
932 2755 1028 2805 Mulier
1043 2765 1134 2804 autem
1153 2765 1217 2801 san-

685 2837 725 2879 cta
744 2828 863 2897 Ecclesia
882 2837 936 2887 est,
960 2834 1067 2892 propter
1091 2821 1218 2874 fecundi·

685 2908 766 2949 tatem
793 2898 927 2948 bonorum
947 2911 1074 2962 operum,
1101 2904 1127 2944 et
1154 2890 1219 2959 quia
1286 2900 1288 2904 ⁴

686 2968 839 3035 spirituales
859 2968 915 3018 Deo
932 2966 1002 3017 filios
1019 2973 1140 3032 generat;
1159 2963 1217 3014 haec

686 3041 781 3092 mulier
801 3041 863 3091 dum
880 3039 966 3106 parit,
985 3039 1012 3088 id
1037 3047 1078 3089 est
1100 3038 1165 3088 dum
1189 3035 1219 3085 in

687 3112 790 3162 mundo
810 3111 942 3162 virtutum
968 3109 1132 3177 profectibus
1150 3105 1219 3158 insi-

687 3182 741 3246 stit,
758 3182 824 3232 dum
839 3181 960 3248 undique
974 3190 1091 3232 tentatur
1104 3187 1130 3229 et
1147 3175 1218 3226 affli-

687 3253 768 3319 gitur,
784 3253 924 3303 tristitiam
939 3253 1018 3304 habet
1031 3250 1136 3311 dehoc,
1155 3244 1219 3312 quia

687 3323 758 3374 venit
780 3323 848 3374 liora
871 3332 901 3373 ut
917 3323 1042 3389 patiatur,
1060 3318 1219 3384 quia.nemo

687 3407 794 3445 earnem
819 3408 896 3444 suam
916 3394 978 3444 odio
1003 3390 1096 3442 habuit
1097 3424 1145 3439 .....
1164 3386 1220 3438 Sed

688 3476 746 3517 ciem
757 3465 872 3531 peperit,
889 3465 916 3514 id
930 3473 970 3514 est
981 3477 1053 3521 cum,
1066 3460 1170 3511 devicto
1186 3459 1221 3508 la·

689 3535 762 3587 boris
782 3534 936 3597 certamine,
961 3532 994 3583 ad
1015 3532 1133 3598 palmam
1156 3542 1220 3594 per-

687 3608 800 3668 venerit,
808 3609 869 3674 iam
884 3620 934 3656 non
953 3603 1070 3655 meminit
1079 3613 1220 3668 pressurae

683 3678 874 3747 praecedentis,
889 3685 997 3741 propter
1013 3683 1144 3739 perceptae
1160 3685 1222 3736 gau·

688 3749 764 3799 dium
785 3745 981 3807 retributionis,
999 3743 1063 3810 quia
1083 3744 1222 3793 natusest

688 3822 765 3872 ltomo
779 3821 806 3870 in
825 3819 959 3869 muntium.
974 3817 1048 3868 Sicut
1065 3814 1140 3866 enirn
1157 3828 1222 3865 mu-

690 3893 749 3954 lier,
765 3900 828 3943 nato
848 3890 877 3941 in
901 3891 952 3941 hoc
976 3887 1079 3940 mundo
1100 3885 1222 3947 homine,
