2632 4320
168 290 216 339 DE
233 289 448 349 QUAESTIONE
466 288 579 341 SUPER
596 288 754 341 TRIBUTO
771 291 972 355 SOLVENDO,
983 293 1060 344 ETC.
1127 311 1176 360 271

58 409 130 458 Deus
146 406 261 466 dicebat,
270 407 323 472 jam
335 406 373 456 illi
387 405 487 456 mortui
502 415 594 458 erant:

57 480 133 530 Deus
151 484 240 528 autem
256 493 307 528 non
324 484 363 528 est
378 484 552 541 mortuorum,
567 478 594 527 id

57 558 98 600 est
121 548 236 598 omnino
258 563 313 597 non
334 548 517 608 existentium,
546 549 594 598 sed

57 619 209 682 viventium,
223 628 249 669 et
263 618 442 675 existentium,
457 633 520 684 ergo
542 619 594 684 ipsi

57 689 154 740 vivunt
170 698 196 738 et
217 689 344 737 existunt.
356 687 434 737 Ratio
461 689 522 738 talis
538 699 592 738 est:

58 762 130 811 Deus
147 775 204 808 non
231 759 331 808 dicitur
349 758 483 808 Dominus
504 775 593 813 rerum

58 848 116 882 non
136 830 321 894 existentium,
344 832 385 881 vel
412 846 506 880 eorum
534 847 594 897 quae

59 911 123 954 sunt
138 902 227 964 nihil,
239 905 302 968 quia
323 916 448 953 creaturae
464 903 496 952 ad
507 902 593 951 Deum

59 984 98 1025 est
121 975 201 1025 realis
224 974 332 1035 relatio,
348 991 408 1041 quae
432 991 486 1025 non
508 984 594 1040 potest

59 1046 169 1097 fundari
196 1047 225 1096 in
253 1046 353 1110 nihilo,
378 1047 424 1098 sed
445 1048 520 1098 Deus
548 1047 592 1097 di-

58 1117 129 1167 citur
151 1117 299 1180 Abraham,
321 1124 347 1168 et
367 1118 441 1168 Deus
452 1120 541 1181 Isaac,
568 1125 593 1169 at

58 1191 134 1241 Deus
157 1191 252 1254 Jacob,
279 1191 326 1256 qui
343 1191 442 1243 mortui
463 1202 536 1254 sunt,
554 1208 592 1242 er-

58 1279 93 1330 go
118 1264 171 1329 ipsi
206 1264 343 1327 eristunt;
367 1280 420 1315 non
449 1265 523 1314 enim
547 1264 591 1314 di-

56 1337 196 1403 xitsEgo
224 1337 281 1401 fui,
310 1340 356 1388 sed
387 1356 394 1388 ι
423 1339 488 1403 Ego
517 1351 590 1401 sum,

57 1419 187 1474 tanquam
211 1409 250 1458 illi
275 1419 419 1474 praesentes
453 1409 568 1458 existant
581 1425 589 1471 ;

55 1489 84 1530 at
108 1495 163 1529 non
188 1495 312 1546 corpore,
342 1496 404 1546 ergo
427 1480 535 1539 anima,
565 1489 592 1529 et

57 1551 118 1602 ideo
138 1551 231 1600 anima
252 1568 307 1601 non
323 1553 438 1602 moritur
451 1568 513 1602 cum
532 1567 592 1602 cor-

57 1637 131 1688 pore,
155 1623 202 1672 sed
224 1632 264 1673 cst
288 1634 394 1674 aeterna.
420 1625 453 1674 Et
475 1639 521 1690 per
541 1624 593 1674 hoc

57 1697 155 1762 probat
169 1697 390 1748 resurrectionem
406 1714 548 1763 corporum
560 1713 591 1748 ex

57 1768 169 1821 veritate
199 1768 319 1834 justitiae.
342 1770 410 1819 Nam
435 1786 498 1820 cum
524 1770 593 1819 dicat

58 1854 88 1891 se
106 1838 196 1890 Deum
216 1838 398 1900 Abraham,et
411 1841 528 1891 aliorum
544 1841 592 1907 qui

57 1909 211 1962 servierunt
234 1910 257 1960 ei
289 1910 316 1961 in
340 1911 496 1977 corporibus
525 1912 591 1972 suis,

57 1982 161 2047 iustum
183 1990 223 2032 est
244 1990 276 2031 ut
302 1993 506 2032 remunerentur
530 1999 592 2033 cum

58 2054 220 2122 corporibus
247 2054 313 2120 ipsis
344 2054 370 2103 in
408 2055 509 2121 quibus
532 2071 593 2106 me-

58 2135 181 2176 rnerunt.
197 2126 231 2176 Et
254 2124 440 2176 universaliter
468 2127 592 2177 omnium

59 2210 171 2264 corpora
196 2205 224 2245 et
242 2195 348 2255 animae,
366 2196 436 2246 bona
457 2197 500 2246 vel
524 2198 594 2248 mala

58 2267 140 2318 simul
156 2265 287 2333 recipient
298 2280 359 2331 quae
385 2265 467 2317 simul
486 2282 593 2316 merue-

57 2347 130 2390 runt.
145 2337 217 2398 Quia
238 2336 312 2387 enim
324 2337 408 2387 homo
425 2337 532 2398 meruit,
551 2338 592 2388 vel

57 2408 201 2469 demeruit,
213 2407 302 2459 anima
324 2407 406 2458 simul
423 2416 449 2457 et
465 2423 591 2473 corpore3

56 2479 119 2532 ideo
147 2479 176 2530 in
204 2477 298 2529 futuro
318 2478 456 2543 punietur,
479 2480 520 2528 vel
548 2494 592 2529 re·

56 2550 261 2611 numerabitur,
290 2548 371 2598 simul
408 2549 435 2598 in
468 2559 592 2616 utroque.

57 2624 115 2675 Hoc
138 2633 230 2675 autem
255 2637 311 2672 non
338 2632 427 2688 potest
449 2621 518 2682 fieri,
539 2623 592 2674 nisi

56 2694 103 2745 fiat
128 2693 292 2744 resurrectio
313 2709 470 2760 corporum;
493 2704 519 2748 et
533 2695 593 2745 ideo

58 2773 163 2816 constat
196 2764 314 2815 futuram
354 2781 411 2816 esse
450 2781 592 2831 corporum

58 2835 293 2888 resurrectionem.
318 2834 410 2887 Unum
443 2852 505 2903 ergo
528 2853 616 2903 pro--

646 403 690 454 bat
726 405 858 455 Dominus
900 423 1037 472 expresse,
1076 409 1181 461 scilicet

644 474 717 540 quod
753 475 850 525 animae
871 492 977 542 semper
1001 479 1100 540 vivant,
1128 496 1176 531 nec

645 561 708 594 cum
735 547 892 612 corporibus
923 550 1070 613 intereant;
1110 553 1178 601 alte-

644 634 705 668 rum
732 634 778 684 per
794 635 969 685 consequens,
990 621 1090 672 scilicet
1104 624 1177 689 quod

644 705 756 754 corpora
779 701 927 755 resurgant.
961 692 1041 752 Item,
1069 704 1179 759 propter

644 764 791 812 naturalem
816 763 964 828 appetitum
997 774 1023 813 et
1062 765 1179 817 inclina-

644 833 746 883 tionem
761 833 909 882 animarum
932 834 964 883 ad
991 850 1102 900 corpora
1115 853 1178 900 sua;

644 904 708 969 quia
731 903 850 953 naturale
876 913 915 953 est
941 904 1083 956 animabus
1104 908 1176 958 desi-

643 975 735 1024 derare
755 990 804 1024 sua
828 989 954 1040 corpora,
975 985 1004 1024 ut
1027 992 1088 1027 cum
1111 979 1180 1043 ipsis

642 1043 833 1111 glorificentur,
859 1060 921 1094 cum
942 1045 1043 1110 quibus
1072 1063 1179 1099 merue-

642 1127 719 1180 runt;
749 1128 774 1167 et
792 1119 853 1168 ideo
874 1134 907 1168 ne
932 1134 1017 1168 asuo
1045 1120 1177 1172 desiderio

642 1191 807 1251 fraudentur,
829 1207 937 1242 necesse
954 1203 994 1242 est
1018 1202 1048 1242 ut
1069 1194 1106 1243 eis
1129 1210 1179 1245 sua

641 1276 752 1326 corpora
766 1262 918 1323 reddantur,
934 1263 998 1329 quia
1014 1263 1102 1313 anima
1122 1281 1177 1314 non

642 1343 729 1399 potest
754 1348 811 1383 esse
840 1334 953 1399 perfecte
987 1337 1086 1400 quieta,
1129 1352 1177 1387 nec

644 1403 728 1463 beata,
753 1404 805 1453 nisi
830 1404 941 1454 uniatur
968 1421 1030 1455 cum
1057 1422 1176 1472 corpore,

643 1480 676 1527 ad
697 1478 773 1542 cujus
803 1477 930 1528 unionem
955 1479 1037 1542 habet
1059 1481 1176 1531 inclina-

643 1552 746 1601 tionem
773 1552 929 1613 naturalem,
961 1563 987 1602 et
1016 1553 1051 1602 ita
1079 1570 1178 1620 corpo-

643 1636 672 1671 ra
694 1632 847 1686 resurgent.
873 1621 925 1672 Ubi
960 1623 1148 1690 Hieronymus
1169 1643 1178 1676 .·

644 1694 735 1744 «Cum
752 1703 840 1743 autem
851 1693 917 1743 dicit
926 1694 1015 1745 :Deus
1027 1696 1173 1760 Abraham,

643 1765 717 1815 Deus
731 1764 820 1826 Isaac,
838 1765 912 1814 Deus
926 1765 1020 1827 Jacob,
1033 1774 1072 1815 ter
1091 1767 1176 1816 Deum

644 1836 811 1887 nominando
836 1836 997 1886 Trinitatem
1026 1837 1177 1901 intimavit3

643 1925 705 1960 cum
728 1918 817 1960 autem
842 1909 909 1960 dicit
934 1927 941 1959 :
966 1909 1030 1960 Non
1045 1916 1086 1961 est
1104 1911 1179 1960 Deus

643 1987 819 2044 mortuorum,
840 1997 926 2031 unum
952 1981 1039 2031 Deum
1070 1982 1179 2040 iterans

643 2070 726 2106 unam
747 2054 926 2105 substantiam
941 2048 1108 2121 significavit.
1124 2075 1137 2103 n

675 2126 858 2192 9Aoirrnnr10
880 2141 972 2176 rursm
996 2143 1028 2176 ns
1048 2143 1180 2177 nocuum

644 2195 764 2246 Cmusrt.
790 2224 821 2233 -
843 2195 883 2246 Et
918 2190 1057 2247 audientes
1082 2199 1178 2256 turba,

643 2269 811 2318 narrabantur
827 2269 855 2319 in
869 2269 994 2320 doctrina
1015 2270 1083 2336 ejus.
1096 2271 1175 2323 Unde

642 2340 786 2406 Remigius
802 2355 810 2388 ε
828 2359 841 2387 a
859 2341 918 2390 Non
944 2342 1055 2408 quidem
1076 2343 1180 2392 Saddu-

643 2409 706 2470 caei,
747 2410 793 2460 sed
823 2411 908 2460 turbae
943 2412 1084 2461 mirantur.
1123 2413 1180 2460 Hoc

643 2479 724 2529 etiam
739 2479 862 2546 quotidie
887 2480 975 2546 agitur
1000 2481 1028 2529 in
1052 2481 1178 2531 Ecclesia.

643 2553 712 2604 Cum
730 2552 804 2602 enim
829 2551 919 2601 divina
935 2551 1110 2616 inspiratione
1124 2553 1178 2620 ad-

642 2623 752 2673 versarii
776 2623 899 2673 Ecclesiae
922 2634 1090 2689 superantur,
1119 2633 1179 2672 tur-

643 2696 684 2745 bae
710 2694 831 2745 fidelium
856 2696 1002 2747 laetantur:
1020 2716 1033 2743 »
1051 2695 1108 2746 haec
1128 2697 1180 2746 Re-

643 2767 753 2835 migius.

559 3060 696 3111 ORATIO

91 3229 211 3281 Domine
229 3230 292 3281 lesu
313 3230 430 3292 Christe,
447 3231 512 3281 dote
532 3245 576 3281 me
605 3230 717 3281 astutias
735 3229 906 3280 seductorum
926 3228 1076 3294 intelligere
1093 3238 1119 3278 et
1135 3243 1180 3278 ca-

60 3317 141 3368 sere3
158 3318 208 3355 nec
232 3318 288 3353 non
306 3302 446 3354 veritatem
460 3303 524 3354 vitae
543 3319 573 3354 ac
598 3303 726 3353 doctrinae
746 3312 771 3352 et
789 3301 897 3366 justitiae
913 3316 1019 3366 semper
1035 3300 1178 3351 custodire.

56 3377 98 3431 Da
127 3377 199 3430 mihi
216 3377 343 3445 insigniri
365 3388 412 3430 tua
436 3379 564 3445 imagine,
588 3394 643 3429 non
660 3378 773 3439 inimici,
804 3387 834 3427 ut
857 3392 887 3428 ea
914 3393 974 3443 quae
996 3376 1091 3426 mundi
1116 3385 1181 3426 sunt

57 3448 253 3516 relinquendo,
279 3460 306 3500 et
341 3449 391 3500 tibi
412 3450 463 3501 soli
489 3449 660 3510 adhaerendo,
689 3449 798 3500 reddam
818 3447 914 3498 tibica
934 3447 1175 3513 quaedetuagra-

56 3518 96 3573 tis
114 3534 131 3570 a
146 3528 174 3572 te
201 3520 318 3586 percepi,
342 3519 372 3571 in
393 3520 460 3587 ipsis
482 3520 533 3571 tibi
554 3519 668 3571 fideliter
696 3520 845 3571 serviendo.
866 3520 964 3568 Praesta
995 3517 1074 3567 etiam
1099 3514 1181 3576 mihi,

56 3599 89 3641 ut
108 3591 245 3643 carnalem
263 3600 290 3642 et
308 3592 473 3643 mundanam
500 3590 738 3651 conversationem,
766 3606 827 3656 quae
853 3589 951 3640 sterilis
968 3599 1017 3647 est,
1035 3588 1125 3653 fugere
1150 3601 1181 3636 ac

57 3659 231 3727 spiritualem
247 3671 274 3714 et
295 3662 429 3715 coelestem
453 3662 548 3713 sectari
575 3662 696 3726 valeam3
721 3672 746 3712 et
765 3661 851 3727 gloria
871 3657 1077 3710 resurrectionis
1103 3657 1180 3707 inno·
1262 3658 1267 3666 '

10 3786 13 3811 ἱ
56 3740 147 3793 vatus,
163 3748 227 3785 cum
249 3733 362 3858 llArpgelis
386 3733 435 3786 Dei
454 3732 484 3786 in
505 3733 573 3788 coelo
595 3733 797 3786 immortalitate
812 3730 865 3782 frui
880 3744 993 3794 merear,
1016 3737 1042 3780 et
1053 3736 1184 3795 perpetua

10 3816 12 3827 '
57 3804 99 3859 tui
115 3804 233 3860 visione.
308 3821 351 3861 en.
