2632 4320
144 262 195 299 200

143 362 276 415 hominum
300 361 421 425 sedit,....
436 361 463 411 in
480 360 550 412 bivio
566 368 592 412 et
614 360 674 411 loco

142 433 251 499 publico
267 432 401 498 alligatos,
417 442 442 482 et
467 432 501 483 ad
523 431 675 483 ministeria

143 519 289 570 pauperum
316 503 465 569 deputatos.
492 505 551 554 Mos
574 502 675 570 quippe

143 584 199 626 erat
222 574 249 624 in
268 573 322 624 illis
341 574 508 640 regionibus,
526 584 557 624 ut
571 574 600 624 in
614 573 675 623 sin-

145 646 215 712 gulis
238 643 390 696 civitatibus
409 656 435 697 et
452 647 558 706 viculis,
573 646 674 709 asinus,

144 717 186 766 vel
200 716 340 781 quodlibet
358 716 468 780 animal,
486 718 519 767 ad
538 731 616 783 opus,
633 717 676 766 vel

144 789 177 839 ad
197 789 345 838 sedendum
369 799 472 855 aptum,
498 799 676 856 praeparatum

145 859 287 910 haberetur
310 877 358 926 pro
376 862 538 928 pauperibus
551 861 598 928 qui
613 878 676 928 pro-

146 931 203 996 pria
222 931 341 996 jumenta
367 948 422 982 non
444 932 588 991 habebant,
612 931 676 982 etsi

145 1001 187 1054 cui
212 1018 319 1054 necesse
342 1015 412 1055 esset
434 1020 514 1071 opere
526 1006 568 1055 vel
581 1005 676 1056 itinere

145 1073 226 1123 unius
244 1073 307 1133 diei,
325 1090 357 1124 eo
378 1085 536 1137 utereretur;
564 1075 597 1126 de
626 1091 676 1126 cu-

144 1144 186 1208 jus
207 1144 398 1195 sustentatione
418 1144 582 1196 habitatores
601 1146 677 1196 urbis

144 1214 324 1264 communiter
351 1214 514 1281 cogitabant,
538 1217 584 1267 sed
615 1232 677 1267 cum

144 1287 206 1352 quis
230 1302 261 1336 eo
277 1287 410 1347 utebatur,
431 1303 479 1353 pro
495 1298 616 1355 tempore
630 1289 676 1339 illo

143 1356 272 1421 pabulum
295 1357 318 1406 ei
346 1358 438 1419 dabat,
464 1369 572 1427 etpost
596 1376 676 1411 usum

144 1426 176 1477 ad
192 1426 281 1476 locum
295 1428 503 1481 determinatum
524 1431 676 1482 reducebat.

144 1497 203 1547 Mos
231 1498 314 1563 igitur
339 1499 390 1551 iste
417 1510 480 1551 tunc
504 1499 677 1567 ierosolymis

144 1571 307 1633 servabatur,
331 1573 378 1622 ubi
401 1573 430 1624 in
443 1575 503 1625 loco
526 1576 633 1641 publico
648 1575 678 1625 li·

145 1654 204 1709 gata
219 1655 274 1695 erat
294 1645 377 1708 asina,
400 1656 426 1697 et
449 1663 511 1698 cum
527 1664 558 1699 ea
576 1649 676 1714 pullus,

145 1717 192 1782 qui
223 1718 322 1784 pariter
347 1721 381 1770 ad
412 1736 493 1787 opera
522 1722 677 1773 communia

145 1789 340 1842 nutriebantur.
365 1792 492 1843 Nondum
509 1793 583 1843 enim
599 1793 677 1860 quis-

144 1874 226 1925 quam
240 1876 303 1911 eum
323 1864 490 1927 ascenderat,
504 1873 530 1914 et
544 1863 590 1930 qui
603 1865 678 1915 asina

144 1934 277 1995 utebatur,
295 1936 403 2002 utrique
435 1937 467 1987 de
489 1938 587 2003 pabulo
611 1954 676 2004 pro-

143 2003 260 2055 videbat.
286 2007 384 2056 Subdit
406 2016 497 2059 autem
510 2025 517 2058 :
532 2009 636 2060 Solvite
652 2016 677 2059 et

143 2072 268 2124 adducite
283 2074 355 2124 mihi.
372 2076 425 2126 Ubi
447 2076 676 2143 chrysostomus:

144 2141 240 2192 «Ecce
257 2143 340 2208 igitur
356 2160 438 2210 quam
455 2146 560 2196 humile
571 2156 598 2196 et
612 2162 676 2196 con-

143 2214 294 2279 temptibile
324 2217 424 2266 animal
454 2217 581 2268 Christus
618 2220 676 2268 Rex

141 2284 235 2347 regu’m
251 2284 330 2350 elegit
352 2287 384 2336 ad
411 2285 592 2349 insidendum,
613 2305 674 2339 curn

142 2355 288 2406 Jerusalem
321 2358 512 2425 ingrederetur.
540 2380 554 2408 i
586 2362 626 2412 Et
651 2364 676 2414 si

142 2426 201 2491 quis
223 2429 297 2481 vobis
320 2432 425 2497 aliquid
448 2433 568 2497 dixerit,
595 2435 676 2486 dicite

142 2499 205 2564 quio
234 2503 383 2566 Dominus,
411 2505 510 2557 scilicet
534 2506 674 2570 omnium,

140 2568 184 2620 iris
200 2587 266 2638 opus
287 2574 380 2639 habet;
405 2582 431 2627 et
451 2578 600 2643 confestim,
617 2578 675 2630 sine

142 2646 361 2710 contradictione,
387 2650 502 2701 dimittet
524 2666 578 2702 eos.
604 2653 675 2703 Dicit

142 2713 213 2764 enim
247 2716 318 2768 idem
348 2720 574 2786 chrysostomus,
602 2724 674 2789 quod

143 2784 229 2837 virtus
251 2788 353 2840 Christi
370 2791 455 2841 movit
472 2801 498 2842 et
519 2795 676 2858 praeparavit

143 2871 189 2906 cor
200 2858 319 2920 domini,
331 2860 358 2910 id
374 2870 414 2912 est
429 2860 550 2913 custodis
565 2863 674 2915 illorum

142 2927 310 2991 animalium,
329 2940 360 2982 ut
380 2947 443 2983 mox
454 2934 487 2984 ad
499 2934 611 2985 verbum
625 2950 674 2986 eo-

141 3010 201 3047 rum
215 2999 290 3051 daret
303 3000 351 3066 eis,
366 3004 490 3069 quamvis
502 3004 611 3071 ignotis.

173 3065 187 3117 3
211 3071 329 3123 Mtsrrcn
343 3089 516 3126 s1ou1rrcnrto
531 3092 671 3142 casrrruct,

144 3155 346 3205 ntscrrunonun,
374 3163 457 3197 Astura
484 3163 517 3198 ar
541 3165 672 3201 nuum.-

144 3214 264 3280 Mystice,
287 3218 425 3269 castellum
446 3219 574 3281 mundus,
596 3222 673 3272 disci·

142 3285 199 3350 puli
231 3302 294 3338 vero
322 3289 527 3354 pradicatores3
553 3293 672 3343 mundus

142 3373 206 3409 vero
222 3370 263 3410 est
279 3371 369 3411 contra
389 3361 583 3426 praedicatores,
608 3364 673 3429 quia

142 3430 261 3481 mundus
292 3442 363 3482 amat
396 3431 522 3492 divitias,
557 3433 673 3485 honores

142 3510 168 3550 et
194 3501 312 3564 delicias,
340 3518 355 3552 e
386 3513 478 3553 contra
515 3504 673 3568 praedicato-

142 3586 184 3623 res
198 3573 340 3639 praedicant
348 3582 539 3641 paupertatem,
551 3576 674 3641 abjectio·

146 3657 208 3693 nem
223 3656 248 3695 et
261 3646 438 3712 asperitatem.
450 3645 542 3708 Asina,
557 3649 673 3714 populus

142 3713 266 3766 iudaicus
281 3727 389 3784 propter
399 3716 555 3782 stultitiam
573 3719 672 3784 pullus,

144 3787 260 3849 populus
271 3788 387 3839 Gentilis
406 3798 512 3855 propter
525 3786 672 3851 lasciviam,

54 3878 56 3883 ·
144 3864 170 3904 et
195 3859 319 3920 peccandi
342 3859 574 3910 consuetudinem.
601 3859 673 3911 Dicit

420 243 595 296 SECUNDAE
616 242 740 293 PARTIS
758 242 875 294 CAPUT
890 243 982 295 xxvi.

730 372 793 424 ergo
811 357 953 424 discipulis
967 375 974 409 ε
991 360 1032 411 Ite
1044 360 1078 410 ad
1091 358 1263 426 pradicatio-

728 427 773 477 nis
803 427 941 491 officium,
971 430 1005 480 ad
1032 441 1263 483 sacramentorum

730 497 931 566 ministerium3
955 500 981 550 in
1007 501 1155 565 castellum,
1170 502 1197 552 id
1220 513 1262 554 est

728 570 757 620 in
779 573 921 630 mundum,
940 573 988 638 qui
1003 574 1191 640 multipliciter
1208 575 1264 625 im·

728 654 827 710 pugnat
849 646 945 706 Deum,
968 646 1094 698 scilicet:
1116 648 1263 710 erroribus,

728 717 756 768 in
771 719 930 786 incredulis;
945 718 1112 783 fictionibus,
1125 722 1154 772 in
1173 722 1264 789 hypo·

728 789 817 855 critis;
838 791 1030 856 voluptatibus,
1051 791 1078 841 in
1103 792 1263 858 impudicis;

727 860 900 921 vanitatibus,
914 861 942 911 in
954 862 1094 927 superbis3
1108 862 1266 928 cupiditati·

730 929 790 990 bus,
816 931 844 980 in
866 932 951 982 avaris
970 943 996 983 et
1010 933 1172 983 ambitiosis.
1188 934 1266 985 Unde

728 1001 867 1051 loannes:
886 1002 971 1053 Totus
993 1002 1107 1052 mundus
1132 1003 1159 1053 in
1182 1003 1265 1055 mali-

729 1088 793 1139 gno,
817 1073 844 1122 id
865 1076 949 1125 estin
973 1076 1044 1125 malo
1064 1074 1137 1141 igne,
1156 1077 1266 1143 positus

729 1149 770 1194 est
777 1159 788 1205 ,·
803 1145 917 1209 -quod
939 1151 1033 1196 contra
1052 1160 1100 1196 vos
1113 1153 1163 1211 est,
1178 1147 1265 1199 dissi-

730 1215 787 1265 mili
805 1217 1015 1278 conversatione,
1037 1219 1141 1269 tumida
1165 1219 1266 1270 mentis

730 1285 921 1346 obstinatione,
934 1289 1091 1353 pudibunda
1107 1288 1163 1339 oris
1177 1289 1267 1354 objur-

729 1355 845 1422 gatione.
860 1358 900 1408 Et
917 1359 1008 1409 statim
1029 1359 1178 1422 invenietis,
1199 1360 1265 1427 quia

729 1428 789 1478 sine
800 1443 897 1494 magna
915 1430 1096 1481 sollicitudine
1113 1429 1265 1496 quarendi,

727 1500 832 1550 asinam
857 1500 1011 1566 alligatam,
1033 1509 1059 1552 et
1078 1502 1184 1568 pullum
1203 1516 1264 1553 cum

728 1583 777 1634 ea;
800 1587 927 1637 quorum,
955 1573 1103 1623 secundum
1123 1572 1262 1635 Glossam,

729 1658 814 1693 unum
840 1644 873 1693 ad
894 1645 1015 1704 ludaeos,
1043 1644 1146 1695 scilicet
1170 1645 1264 1705 asina,

729 1716 842 1766 alterum
864 1717 897 1767 ad
919 1717 1028 1776 Gentes,
1050 1717 1152 1768 scilicet
1171 1718 1264 1778 pullus

729 1785 851 1838 refertur.
878 1787 961 1854 Igitur
986 1789 1085 1850 Judaea,
1111 1791 1264 1840 secundum

729 1858 831 1919 Deum,
854 1868 880 1909 et
902 1859 931 1909 in
952 1859 1153 1925 spiritualibus,
1178 1869 1265 1911 mater

729 1939 771 1980 est
792 1930 928 1990 Gentium,
955 1931 1071 1997 quiade
1093 1931 1160 1981 Sion
1180 1929 1266 1983 exivit

729 2003 793 2053 Lex.
809 2004 875 2054 Ecce
892 2004 988 2068 triplex
1003 2004 1112 2055 miseria
1125 2003 1264 2055 conditio-

729 2072 773 2123 nis
798 2083 980 2139 peccatorum,
1010 2090 1071 2141 quae
1104 2075 1185 2126 debet
1214 2089 1264 2125 nos

729 2159 835 2194 movere
858 2145 891 2193 ad
915 2145 1116 2211 quaerendum:
1142 2145 1264 2197 bestialis

727 2216 887 2276 similitudo,
902 2217 967 2283 quia
982 2218 1015 2268 de
1031 2217 1144 2275 homine
1161 2219 1264 2283 jumen·

729 2295 787 2336 tum
810 2295 850 2337 est
871 2285 965 2345 factus,
981 2298 1007 2338 et
1025 2288 1085 2338 ideo
1101 2287 1188 2338 dicit:
1203 2287 1263 2339 asi·

728 2369 789 2406 nam
820 2362 847 2406 et
876 2357 981 2423 pullum
1004 2358 1080 2424 ejus3
1112 2356 1263 2424 spiritualis

728 2425 829 2492 ligatio,
854 2426 919 2494 quia
942 2428 976 2478 de
1000 2429 1085 2478 libero
1107 2428 1195 2480 factus
1223 2438 1263 2480 est

728 2499 856 2565 captivus,
881 2511 908 2550 et
921 2500 981 2551 ideo
996 2501 1083 2551 dicit:
1098 2501 1262 2568 alligatam,-

727 2571 788 2622 talis
800 2571 955 2632 multitudo,
974 2572 1038 2638 quia
1058 2572 1203 2623 stultorum
1218 2572 1262 2624 in·

727 2642 819 2699 finitus
842 2648 883 2692 est
898 2656 1033 2704 numerus,
1052 2653 1078 2692 et
1099 2642 1160 2693 ideo
1173 2641 1261 2695 dicit:

727 2716 819 2766 statim
842 2716 989 2778 invenietis,
1005 2714 1107 2782 ubique
1121 2716 1199 2767 enim
1211 2730 1261 2767 oc·

729 2796 840 2837 currunt
860 2797 1017 2851 peccatores.
1035 2788 1071 2839 Ut
1085 2798 1176 2838 autem
1197 2786 1262 2839 dicit

728 2856 955 2924 Chrysostomus,
988 2866 1096 2924 propter
1130 2859 1262 2925 quasdam

727 2928 920 2979 similitudines
939 2930 1105 2981 animalibus
1123 2930 1169 2983 his
1191 2929 1261 2984 assi·

726 2999 812 3050 milati
828 3011 892 3051 sunt
906 3000 1041 3062 homines,
1056 3003 1144 3053 Deum
1153 3003 1197 3054 vel
1213 3000 1280 3053 uei·

726 3072 827 3122 Filium
842 3088 896 3122 non
911 3085 1111 3139 cognoscentes.
1125 3075 1174 3126 Est
1188 3074 1261 3127 enim

724 3142 825 3193 animal
840 3142 890 3194 hoc
904 3142 1087 3205 immundum,
1102 3144 1179 3205 rude,
1194 3143 1263 3197 stul·

725 3226 784 3267 tum
799 3227 825 3267 et
847 3215 1001 3280 infirmum3
1026 3218 1065 3268 sic
1086 3217 1197 3270 fuerunt
1211 3219 1262 3269 ho-

726 3287 813 3338 mines
838 3296 899 3338 ante
927 3287 1029 3338 Christi
1050 3288 1198 3341 adventum
1212 3307 1220 3340 2
1236 3299 1262 3340 et

725 3357 826 3424 alligati
841 3373 920 3424 prava
934 3359 1131 3410 consuetudine
1149 3359 1260 3426 peccati.

725 3429 798 3494 quod
820 3427 962 3478 vinculum
986 3428 1083 3480 fortius
1097 3439 1137 3480 est
1155 3429 1261 3494 ceteris,

725 3500 789 3566 quia
802 3499 864 3550 lioet
873 3498 926 3549 alia
939 3500 1046 3551 vincula
1060 3511 1194 3554 vetustate
1209 3519 1262 3570 pu·

725 3583 847 3635 trescant,
870 3582 897 3623 et
918 3584 1141 3640 corrumpantur,
1165 3575 1262 3627 vineu-

725 3646 782 3695 lum
812 3655 902 3695 tamen
928 3647 1025 3711 peccati
1051 3662 1100 3697 sua
1128 3657 1262 3703 vetustate

726 3715 898 3782 fortificatur3
912 3731 992 3784 super
1007 3732 1082 3783 quem
1096 3733 1173 3771 nemo
1182 3720 1260 3784 sedit,

726 3788 789 3856 quia
803 3789 871 3841 nulli
887 3790 947 3840 vult
964 3791 1082 3842 obedire.
1099 3792 1206 3844 Solvite
1219 3803 1262 3845 ta·

726 3876 799 3920 men,
818 3860 929 3911 monitis
947 3861 1044 3912 vestris
1068 3862 1102 3913 ab
1122 3864 1262 3916 erroribus
