2632 4320
135 268 184 327 DE
197 267 358 317 TRlBUTO
374 267 443 318 PRO
461 267 604 318 DOlleO
622 268 670 318 ET
693 269 812 320 PETRO
829 270 983 329 SOLUTO,
996 269 1077 320 ETC.
1139 269 1172 321 35

48 384 155 434 midiam
167 382 279 433 unciam
291 382 402 443 faciunt,
416 384 451 434 de
464 383 579 449 oreejas

47 469 147 505 smttens
163 471 214 520 pro
227 454 346 504 Domino
357 464 386 504 et
407 471 456 520 pro
473 471 502 505 se
522 456 579 504 sol-

47 536 121 576 veret.
138 527 250 591 Exque
268 524 395 575 divinitas
411 528 468 591 ejus
483 525 578 590 patuit,

47 613 102 648 cum
122 596 215 646 futura
230 596 415 661 contingentia
437 596 579 646 certitudi-

46 671 138 720 naliter
177 668 310 735 predixit.
335 669 411 719 Unde
434 670 579 734 Hierony-

47 756 101 790 mus
123 759 132 790 .·
154 758 168 785 a
190 740 263 799 Quid
281 739 401 804 primum
425 740 512 789 miror
535 738 580 788 hic

48 811 144 870 nescio,
167 825 203 860 an
223 809 394 875 praesentiam
420 810 525 861 stateris
550 809 578 858 in

48 899 89 934 ore
102 883 195 949 piscis,
210 897 246 932 an
262 882 476 947 magnitudinem
490 883 579 932 virtu-

48 955 87 1014 tis,
107 955 130 1004 si
150 955 184 1004 ad
207 954 321 1004 verbum
341 954 398 1018 eius
421 970 483 1003 mox
499 965 580 1004 stater

49 1026 134 1076 inore
154 1025 239 1092 piscis
256 1035 361 1074 creatus
385 1025 436 1074 est!
457 1045 470 1071 n
490 1024 580 1090 Spiri-

48 1099 150 1148 tualiter
174 1096 258 1162 piscis
287 1105 327 1145 est
342 1096 477 1154 Christus,
506 1110 580 1145 mare

50 1169 172 1225 mundus,
199 1166 298 1234 hamus
322 1183 405 1227 mors,
429 1177 510 1216 stater
534 1166 580 1215 in-

50 1251 138 1290 tentus
164 1240 191 1288 in
221 1254 268 1288 ore
289 1239 371 1304 piscis
396 1240 513 1305 pretium
536 1255 581 1289 re-

52 1312 208 1377 demptionis
249 1322 349 1361 nostrae
395 1313 580 1378 praenuntiatae

53 1386 145 1435 Christi
160 1400 222 1447 ore;
238 1394 265 1434 et
284 1385 323 1434 sic
337 1386 457 1434 solutum
475 1396 515 1435 est
529 1385 581 1435 tri-

55 1457 151 1515 butum,
164 1467 191 1506 et
206 1472 256 1506 nos
274 1456 378 1506 liberati
393 1473 498 1506 sumus.
520 1458 581 1506 Mo·

55 1530 133 1580 taliter
147 1528 290 1594 poenitenti
311 1529 409 1579 dicitnr
427 1547 435 1579 ε
458 1530 531 1580 Vade
545 1530 582 1580 ad

57 1614 126 1662 trare,
149 1599 177 1648 id
203 1608 245 1647 est
267 1598 461 1649 amaritudines
484 1600 581 1664 peccati

58 1671 271 1729 consideratione,
296 1676 323 1720 et
343 1672 416 1722 trtitte
432 1672 537 1721 hamum
551 1672 581 1721 in

58 1741 217 1792 contritionis
234 1742 455 1806 compunctione,
467 1749 493 1792 et
508 1757 582 1808 aper-

10 1822 13 1845 2
58 1819 81 1861 to
90 1827 133 1862 ore
146 1813 172 1861 in
187 1811 359 1862 confessione
374 1813 506 1863 inventum
522 1820 582 1863 sta-

60 1889 131 1932 terem
152 1883 185 1932 da
209 1882 238 1932 in
268 1883 466 1948 satisfactione3
493 1895 519 1933 et
545 1884 583 1933 sic

59 1953 175 2004 liberator
187 1963 313 2020 peccator
326 1971 341 2004 a
360 1955 462 2005 tributo
482 1956 583 2006 diaboli

60 2027 183 2077 exactoris.
215 2028 302 2078 Solvit
330 2038 421 2077 autem
452 2028 584 2079 Dominus

60 2099 177 2149 tributum
201 2116 259 2150 non
275 2115 308 2150 ex
330 2101 431 2160 debito,
455 2102 520 2167 quia
541 2117 584 2152 se-

60 2166 163 2222 cundum
195 2183 342 2238 utramque
375 2184 498 2224 naturam
529 2185 585 2224 emt

60 2242 118 2294 filius
134 2246 215 2312 regis,
229 2255 255 2294 et
270 2260 317 2310 per
333 2262 500 2311 consequens
517 2247 586 2297 liber

61 2315 184 2375 atributa,
200 2331 295 2380 regum
310 2317 384 2366 enim
399 2315 448 2366 filii
463 2319 493 2367 in
508 2318 583 2367 omni

62 2398 130 2450 regno
145 2396 212 2435 sunt
229 2385 323 2447 liberi3
339 2387 386 2436 sed
404 2402 435 2436 err
454 2387 585 2437 humani-

36 2510 39 2518 Ι
61 2462 101 2504 tate
114 2466 220 2506 tantum
239 2457 292 2506 hoc
306 2454 377 2517 fecit,
397 2459 536 2508 subdendo
558 2473 586 2508 se

61 2525 155 2584 minori,
175 2537 202 2576 et
221 2528 351 2578 solvendo
374 2530 447 2594 quod
469 2546 523 2578 non
544 2530 587 2578 de-

61 2593 135 2655 bebat,
149 2608 176 2646 et
193 2613 229 2647 ne
243 2609 390 2662 quaestores
403 2615 500 2650 census
514 2617 587 2651 scan-

61 2666 181 2727 dalizaret,
207 2670 307 2719 docens
323 2686 370 2736 per
391 2670 444 2720 hoc
460 2688 509 2721 nos
528 2689 587 2723 esse

60 2736 176 2798 humiles,
200 2749 227 2789 et
245 2740 331 2790 vitare
350 2757 384 2791 ne
398 2743 520 2793 scandala
541 2760 588 2809 per

60 2824 100 2859 nos
120 2809 195 2859 fiant.
219 2810 313 2860 Voluit
336 2811 417 2861 etiam
439 2828 488 2878 pro
510 2815 587 2864 Petro

58 2878 110 2929 dare
134 2881 283 2940 tributum,
317 2881 346 2930 in
380 2883 488 2948 signum
514 2887 587 2951 quod

60 2947 142 3000 Petras
178 2949 233 2999 fuit
258 2961 337 3016 caput
371 2953 502 3014 aliorum,
526 2956 589 3021 quia

60 3036 148 3071 census
167 3022 285 3072 dabatur
302 3039 350 3088 pro
372 3025 457 3088 capite
479 3042 527 3077 seu
542 3043 589 3076 ca-

59 3090 155 3153 pitaneo
168 3102 287 3142 tantum.
305 3093 477 3156 Didrachma,
498 3107 529 3147 ut
545 3098 589 3147 di-

58 3171 120 3212 eum
136 3173 187 3222 est,
204 3162 324 3212 continet
334 3163 434 3230 duplex
449 3166 589 3230 drachma,

58 3242 78 3280 et
92 3249 139 3298 per
153 3249 244 3282 unum
259 3243 347 3300 potest
362 3234 478 3302 intelligi
494 3253 590 3302 poena-

58 3303 109 3356 litas
121 3307 254 3372 corporis,
269 3307 393 3358 scilicet:
410 3308 503 3370 fames,
519 3312 590 3372 sit-is,

58 3375 266 3439 ethuiusnrodi3
287 3392 337 3442 per
359 3378 433 3427 aliud
453 3381 591 3445 poenalitas

59 3448 160 3507 nentis,
192 3447 328 3498 scilicet:
360 3449 452 3511 tiraor,
482 3453 592 3504 tristitia

60 3526 79 3565 et
99 3518 268 3583 huiusmodi.
294 3520 351 3570 Hoc
373 3531 464 3571 autem
493 3523 592 3589 duplex

59 3587 181 3641 drachma
221 3591 301 3640 debet
333 3593 444 3643 reddere
476 3595 593 3662 quilibet

61 3656 209 3725 Imperatori
241 3663 380 3723 onanitnn,
407 3680 457 3730 pao
486 3678 592 3731 peccato

60 3728 202 3788 primorum
236 3743 395 3796 parentum,
426 3737 499 3800 quod
527 3735 593 3786 iacit

60 3798 183 3875 mienter
192 3802 335 3852 tolerando
346 3805 514 3868 poenalitates
527 3822 593 3870 prae·

61 3864 151 3935 dictas3
183 3869 247 3921 licet
271 3883 360 3924 autern
388 3874 512 3925 Christus
536 3892 591 3927 non

641 384 749 433 haberet
776 395 923 450 peecatum,
951 394 1042 434 tamen
1066 383 1177 435 reddere

640 454 726 504 voluit
747 471 795 520 pro
811 457 897 506 salute
910 456 1045 506 omnium.
1061 457 1097 505 Et
1112 456 1177 521 quia

640 538 745 573 carnem
768 524 917 590 assumpsit
939 525 1058 575 similem
1082 539 1178 588 pecca-

640 595 710 654 trici,
732 595 778 644 sed
801 611 856 646 non
878 607 1024 662 paccatum,
1038 595 1099 661 ipse
1113 595 1179 661 qui·

640 667 700 716 dem
725 667 887 731 Redemptor
905 683 1003 732 corpus
1016 678 1043 717 et
1056 667 1176 717 animam

640 737 669 785 in
683 737 770 801 pretio
785 737 884 801 posuit,
899 747 926 787 et
943 737 981 787 sic
1000 736 1064 786 bina
1078 736 1178 786 drach-

641 821 711 860 mata
733 809 828 873 solvit3
849 811 998 875 eodemque
1015 809 1100 875 pretio
1121 809 1176 858 Ec-

640 880 720 930 clesia
743 879 828 929 libera
846 878 917 929 facta
937 879 998 938 fuit,
1020 889 1045 930 et
1067 881 1176 929 Petrum

641 951 766 1002 Ecclesiae
787 950 915 1016 praefecit,
934 950 994 1000 ideo
1021 950 1102 1000 etiam
1126 965 1176 1015 pro

640 1039 672 1073 eo
696 1039 808 1073 censum
834 1021 929 1072 solvit.
959 1020 1010 1072 Ubi
1036 1023 1176 1088 Hierony-

640 1111 720 1146 mus:
735 1114 748 1141 u
770 1097 803 1146 Et
823 1095 934 1160 pulchre
951 1094 1071 1159 idipsum
1096 1095 1176 1145 datur

641 1169 768 1234 pretium,
788 1169 835 1218 sed
858 1167 1053 1234 quiadivisum
1072 1177 1112 1216 est
1126 1183 1175 1232 pro

641 1241 729 1299 Petro,
746 1239 824 1305 quasi
840 1255 889 1304 pro
903 1249 1038 1304 peccatore
1059 1239 1176 1303 pretium

642 1313 810 1372 reddebatur,
829 1313 965 1362 Dominus
979 1323 1068 1362 autmn
1085 1320 1177 1362 noster

642 1394 780 1450 peccatum
795 1399 851 1433 non
869 1383 940 1434 fecit.
953 1383 1114 1434 Ostenditur
1125 1397 1177 1433 au-

642 1466 697 1505 tern
712 1454 863 1505 similitudo
876 1455 976 1517 carnis,
995 1456 1061 1504 dum
1083 1453 1178 1503 eodem

643 1538 668 1579 et
687 1527 823 1578 Dominus
843 1538 869 1578 et
894 1543 988 1578 servus
1008 1527 1094 1592 pretio
1109 1527 1180 1576 libe·

642 1609 742 1648 rantur.
765 1598 901 1648 Dominus
924 1613 988 1664 ergo
1008 1599 1109 1647 tributa
1124 1613 1181 1647 non

643 1671 764 1729 debebat,
787 1671 833 1720 sed
856 1671 904 1735 qui
926 1671 1014 1720 carnis
1038 1670 1181 1720 humilita-

644 1752 699 1790 tem
714 1749 904 1805 assumpserat,
926 1756 1034 1790 0mnem
1050 1739 1182 1804 iustitiam

645 1813 763 1878 implere
773 1813 888 1862 volebat.
915 1813 962 1862 llle
988 1821 1098 1876 propter
1121 1810 1181 1861 exi-

645 1887 729 1936 miam
750 1885 887 1935 caritatem
908 1901 957 1950 pro
977 1884 1056 1935 nobis
1073 1899 1180 1934 crucem

644 1956 783 2015 sustinuit,
807 1955 955 2005 attributa
977 1954 1112 2016 reddidit,
1131 1968 1181 2004 nos

644 2040 744 2088 autem,
765 2028 898 2086 infelices,
922 2044 971 2094 pro
985 2027 1058 2077 illius
1078 2027 1182 2077 honore

645 2100 745 2150 tributa
760 2115 815 2149 non
827 2099 975 2157 reddimus,
991 2109 1017 2149 et
1036 2098 1113 2164 quasi
1131 2097 1181 2148 filii

645 2175 716 2238 regis
741 2171 949 2237 avectigalibus
970 2171 1108 2220 immunes
1132 2185 1181 2220 su-

645 2259 707 2292 mus
723 2259 729 2292 :
747 2261 761 2289 n
775 2242 833 2292 haec
845 2242 1041 2308 Hieronymus

677 2330 694 2377 4
708 2315 840 2363 Scanntnn
853 2328 961 2362 vrrnrto
975 2331 992 2362 a
1006 2312 1133 2363 Canrsro.
1151 2338 1182 2349 -

646 2387 682 2437 Et
705 2397 768 2436 nota
790 2387 863 2452 quod
880 2385 1015 2434 Dominus
1032 2400 1112 2450 supra
1123 2399 1181 2433 non

646 2457 740 2507 vitarit
778 2456 933 2506 scandalum
968 2455 1184 2516 Pharisaeorum,

647 2528 756 2594 quando
785 2529 818 2576 de
845 2525 914 2576 escis
945 2527 1115 2591 disputabat3
1140 2525 1185 2575 hic

646 2609 736 2648 antem
756 2598 823 2647 vitat
837 2597 993 2647 scandalum
1019 2611 1113 2645 eorum
1136 2595 1184 2660 qui

642 2670 780 2721 »tributum
795 2668 969 2734 colligebant,
987 2666 1053 2734 quia
1076 2666 1115 2716 illi
1139 2681 1185 2717 sa-

648 2741 761 2807 pientes,
778 2739 824 2805 isti
839 2738 976 2804 simplices
996 2748 1085 2802 erant·,
1098 2737 1139 2787 illi
1151 2752 1186 2788 ex

648 2824 719 2863 certa
737 2810 848 2871 malitia,
871 2810 915 2860 isti
931 2809 1082 2875 ignorantia
1095 2808 1185 2859 offen-

648 2886 756 2935 debant.
778 2884 939 2933 Scandalum
959 2899 1023 2948 ergo
1038 2882 1110 2947 quod
1126 2881 1185 2931 ori-

649 2968 693 3006 tur
709 2973 741 3006 ex
754 2955 858 3005 malitia
881 2965 921 3005 est
940 2953 1185 3017 contemnendum

650 3027 695 3076 sed
718 3025 791 3090 quod
812 3025 899 3074 oritur
922 3039 953 3074 ex
976 3023 1128 3089 ignorantia
1145 3032 1186 3073 est

650 3097 801 3154 vitandum,
823 3096 895 3146 salva
912 3105 1004 3144 tamen
1023 3093 1123 3159 triplici
1138 3109 1187 3144 ve-

651 3169 738 3224 ritate,
755 3167 880 3218 scilicet:
899 3167 1019 3232 iustitiae,
1039 3166 1111 3226 vitae,
1134 3167 1187 3216 do·

651 3235 759 3301 ctrinae'3
776 3240 864 3289 ettale
872 3248 932 3289 erat
945 3238 1099 3288 scandalum
1114 3236 1186 3286 istud

653 3310 725 3376 quod
745 3311 789 3361 hic
807 3309 912 3371 vitavit,
932 3310 997 3376 quia
1018 3310 1058 3360 illi
1080 3308 1127 3373 qui
1142 3306 1186 3358 hic

653 3382 813 3448 colligebant
824 3381 966 3444 tributum,
980 3391 1055 3430 erant
1067 3376 1188 3429 Gentiles

654 3455 752 3519 Legem
767 3461 794 3502 et
809 3452 955 3517 Prophetas
977 3451 1141 3517 ignorantes,
1160 3457 1190 3500 et

654 3535 762 3591 propter
783 3525 835 3574 hoc
852 3524 1012 3590 ignorabant
1026 3520 1098 3586 quod
1113 3519 1192 3571 cnti-

654 3607 712 3646 stus
730 3605 799 3645 esset
823 3595 954 3645 immunis
967 3610 983 3644 a
996 3592 1108 3650 tribute,
1131 3600 1191 3641 tam

653 3667 718 3732 quia
738 3667 759 3715 F
761 3665 826 3716 ili-us
840 3666 889 3714 Dei
904 3663 1053 3715 secundum
1069 3669 1192 3711 naturam

654 3737 784 3796 divinam,
800 3735 936 3801 tuatonis
951 3733 1025 3783 filius
1040 3731 1125 3782 David
1147 3746 1192 3780 se-

654 3808 774 3857 cundum
794 3807 961 3867 humanam
986 3813 1013 3853 et
1036 3803 1100 3853 talia
1123 3801 1192 3851 scite

655 3877 695 3928 illi
722 3893 777 3928 non
806 3877 978 3929 tenebantur.
1005 3874 1073 3923 Dare
1103 3881 1191 3921 autem
