2632 4320
395 276 572 329 SECUNDAE
590 280 717 331 Pauus
732 280 849 333 CAPUT
864 282 945 333 XLV.

526 680 695 751 CAPUT
717 682 815 750 XLV

200 936 252 1004 De
270 936 329 1005 die
350 937 496 1006 Domini
515 943 624 1025 juxta
647 943 837 1034 exemplam
860 945 948 1025 Noe,
972 946 1025 1015 vel
1046 949 1143 1017 Loth

308 1051 425 1121 sttbito
447 1065 612 1136 venturo,
634 1079 678 1125 ae
696 1057 738 1126 de
765 1081 833 1126 mm
857 1072 1035 1152 assitmpto

519 1169 650 1238 etalio
675 1169 811 1239 relicto.

351 1415 497 1479 Matthaei
518 1438 586 1500 cap.
611 1440 654 1499 24
673 1433 704 1480 et
722 1418 821 1484 Lucae
843 1443 910 1507 cap.
932 1446 981 1509 17.

142 1673 153 1708 1
170 1657 330 1707 Sutttruno
349 1672 382 1706 na
400 1671 564 1707 ramnus
580 1657 639 1706 Noa

107 1742 219 1778 autern
234 1755 264 1765 -
280 1728 342 1776 Post
356 1725 414 1776 haec
424 1726 543 1777 declarat
557 1726 639 1776 incer-

107 1796 252 1848 titudinem
261 1795 315 1847 diei
330 1796 452 1859 Domini,
462 1796 638 1847 introducens

104 1877 234 1919 terrorem
250 1868 381 1933 insperati
401 1867 507 1932 diluvii,
527 1879 553 1919 et
571 1869 637 1918 hor-

105 1948 165 1989 tans
177 1948 209 1988 ut
222 1937 376 2003 vigilemus,
396 1948 423 1988 et
437 1953 487 1988 nos
503 1953 637 2004 ptmpare-

106 2026 167 2061 mua
190 2012 258 2062 bene
279 2011 424 2076 operando,
447 2027 482 2061 ne
502 2012 561 2062 dies
577 2012 660 2067 lto-2

105 2081 175 2131 mini
206 2081 324 2132 inveniat
352 2096 401 2130 nos
424 2081 577 2147 imparatos.
605 2082 635 2130 ln

104 2153 176 2203 hanc
188 2164 277 2203 autem
290 2153 515 2217 comparationem
529 2165 636 2218 tempo-

103 2223 142 2273 ris
154 2223 256 2287 judicii,
276 2233 300 2272 et
321 2223 408 2288 ipsius
420 2223 528 2283 diluvii,
542 2223 635 2290 impli-

101 2307 197 2347 camur
206 2296 259 2346 duo
270 2295 369 2361 judicia
382 2296 533 2361 generalia:
547 2312 634 2346 unum

103 2370 177 2435 quod
199 2369 346 2435 praecessit,
360 2369 462 2419 scillcet
475 2385 523 2435 per
536 2385 633 2436 aquam

103 2440 130 2489 in
145 2439 247 2491 diluvio
257 2457 265 2504 3
280 2440 353 2491 aliud
363 2441 436 2507 quod
447 2439 570 2491 futurum
583 2451 634 2505 est,

102 2511 203 2562 scilicet
222 2527 269 2578 per
289 2511 427 2578 ignomin
448 2512 565 2578 generali
588 2512 634 2562 in-

103 2585 208 2636 cendi0.
233 2585 345 2635 Ponitur
369 2600 432 2650 ergo
460 2585 633 2650 comparatio,

102 2668 233 2724 quantum
251 2659 283 2708 ad
299 2658 516 2709 incertitudinem
530 2658 634 2708 utrius-

102 2746 164 2795 que,
182 2729 269 2794 quoad
287 2739 394 2794 tempus
415 2729 632 2788 determinatum,

102 2809 128 2849 et
142 2799 220 2849 etiam
238 2800 326 2865 quoad
341 2799 552 2850 incredulitatem
567 2801 634 2850 mul·

101 2878 192 2920 torum
223 2871 379 2921 carnalium.
405 2871 482 2921 Sicut
511 2871 578 2920 enim
605 2871 632 2921 in

99 2939 193 2991 diebus
215 2941 285 3002 Noe,
315 2957 347 2992 oo
370 2941 517 2992 fabricante
534 2957 632 3004 arcam,

99 3019 126 3059 et
149 3009 312 3074 praedicante
334 3012 467 3062 diluvium
489 3011 631 3074 futurum,

98 3085 177 3129 eram
190 3079 308 3131 homines
321 3083 484 3133 comedentes
496 3089 525 3133 et
540 3083 631 3134 biben-

100 3157 148 3212 tes,
163 3167 193 3201 nc
207 3152 381 3203 matrimonia
395 3153 533 3214 facientes,
549 3154 631 3205 idest

100 3223 180 3286 gulae,
204 3232 231 3273 et
255 3223 386 3283 ebrietati,
402 3239 433 3275 ac
451 3225 564 3276 luxuriat
587 3226 632 3276 de-

99 3296 159 3357 diti,
174 3307 201 3348 et
214 3296 272 3347 sine
295 3297 393 3346 timore
415 3298 580 3350 lascivientes
592 3315 632 3350 se·

99 3369 172 3431 curi3
194 3380 221 3420 ot
240 3368 280 3420 eis
299 3370 407 3420 credere
420 3370 585 3431 nolentibus,
601 3387 631 3421 ac

99 3439 263 3490 vanitatibus
282 3440 449 3500 vacantibus,
469 3450 496 3491 et
518 3441 587 3490 nihil
600 3441 632 3491 ti-

100 3510 247 3571 mentibus,
269 3510 358 3562 subito
376 3510 488 3560 veniens
503 3511 630 3561 diluvium

98 3580 244 3632 submersit
258 3593 283 3632 et
297 3582 419 3648 perdidit
438 3596 543 3643 omnes‚·
558 3598 628 3648 prae-

100 3657 139 3699 ter
162 3651 220 3702 Noe
244 3663 269 3702 et
291 3668 352 3702 cum
374 3668 405 3703 eo
430 3652 456 3701 in
482 3667 543 3702 arca
560 3653 630 3702 exi-

98 3731 217 3787 stentes;
241 3725 278 3775 sic
306 3736 332 3775 et
350 3724 417 3776 circa
439 3725 511 3774 diem
533 3725 624 3790 judicii

98 3792 257 3847 hominibus
274 3797 430 3848 vacantibus
445 3797 628 3862 voluptatibus

98 3875 124 3916 et
139 3868 309 3929 vanitatibus,
326 3885 356 3919 ac
371 3869 399 3919 in
414 3869 557 3920 securitate
570 3869 630 3919 exi-

92 3939 237 4006 stentibus,
261 3950 286 3991 et
306 3941 337 3990 dc
360 3941 434 3990 nullo
460 3940 628 4002 timentibuS,

691 1657 824 1710 advenms
847 1660 950 1711 Christi
974 1663 1067 1713 subito
1084 1673 1113 1715 et
1134 1665 1228 1733 inspe-

690 1739 748 1781 rate
771 1731 879 1797 veniet3
903 1743 928 1783 et
949 1750 1044 1786 omnes
1059 1751 1132 1802 quos
1146 1753 1226 1804 repe-

689 1799 742 1850 riet
761 1811 836 1852 extra
854 1818 953 1866 arcam,
971 1804 998 1854 id
1012 1818 1054 1855 est
1068 1807 1225 1869 Fccleaiam,

691 1871 784 1935 perdet
797 1882 823 1922 et
833 1874 1043 1936 condemnabit,
1058 1878 1108 1927 sed
1126 1877 1157 1928 in
1175 1876 1224 1929 Ec·

690 1940 770 1991 alesia
798 1957 845 2007 per
871 1941 952 1993 fidem
981 1956 1007 1995 et
1038 1947 1224 2012 operatiorem

690 2009 835 2063 existentes
873 2015 1007 2066 custodiet
1043 2028 1070 2067 et
1100 2018 1222 2071 uitabit.

690 2099 704 2127 a
716 2081 780 2132 Nou
794 2082 848 2144 hic,
862 2094 893 2134 ut
906 2085 971 2135 dicit
986 2086 1071 2146 Beda,
1089 2088 1225 2156 conjugia,

689 2151 731 2202 vel
750 2151 877 2203 alimenta
896 2154 1071 2217 damnantur,
1099 2158 1147 2208 aed
1170 2158 1224 2209 im·

689 2223 844 2274 moderatus
855 2222 991 2274 licitorum
1013 2241 1079 2276 usus
1093 2227 1223 2294 arguitur.

689 2295 782 2361 Neque
795 2295 868 2346 enim
891 2296 955 2362 quia
969 2296 1027 2347 haec
1040 2300 1166 2364 agebant,
1178 2300 1223 2351 sed

688 2366 753 2433 quia
770 2366 815 2417 his
834 2382 864 2416 se
887 2378 957 2417 totos
976 2368 1101 2420 dedendo
1121 2370 1171 2421 Dei
1183 2370 1224 2436 ju·

687 2439 757 2489 dicia
781 2441 1007 2502 contemnebant,
1034 2456 1106 2506 aqua
1133 2443 1222 2509 perie-

688 2521 750 2560 runt
766 2527 774 2560 2
790 2529 804 2557 »
817 2511 875 2561 hoec
890 2512 976 2561 Beda.
1003 2513 1131 2564 interitus
1156 2514 1221 2581 qui·

686 2583 748 2633 dem
768 2582 879 2633 illorum
901 2593 957 2633 erat
980 2584 1150 2645 subitaneus,
1165 2602 1220 2637 non

687 2652 751 2718 quia
775 2663 837 2703 ante
855 2653 969 2702 minime
993 2653 1152 2718 nuntiatus3
1175 2656 1220 2706 sed

687 2726 751 2791 quia
764 2741 779 2776 a
792 2726 867 2776 nullo
882 2726 1008 2777 creditus.
1026 2727 1104 2778 Unde
1119 2728 1220 2779 Maxi-

685 2810 745 2847 mus
760 2796 906 2862 Episcopus
923 2814 929 2846 :
946 2815 960 2842 a
973 2797 1039 2856 Noe,
1054 2797 1106 2848 etsi
1120 2799 1220 2849 tacebat

685 2883 759 2928 voce,
784 2884 865 2933 opere
888 2869 1066 2933 loquebatur;
1087 2869 1111 2920 si
1126 2870 1220 2920 silebat

686 2939 788 3004 lingua,
804 2938 975 2989 fabricatione
993 2939 1136 2990 clamabat.
1152 2940 1218 2991 Nam

685 3011 780 3077 utique
805 3027 868 3061 cum
893 3021 1050 3076 operaretur
1075 3026 1147 3076 opus
1169 3026 1218 3062 no-

684 3097 759 3141 vum,
785 3091 811 3131 et
838 3080 906 3131 nulli
932 3080 1079 3145 aliquando
1094 3096 1218 3147 comper·

685 3162 754 3211 tum,
777 3151 939 3201 admonebat
956 3160 1067 3200 cunctos
1086 3150 1166 3201 novis
1179 3164 1219 3217 pe

682 3221 776 3273 riculis
791 3237 860 3272 nova
873 3221 1042 3271 tabernacula
1057 3220 1213 3287 praeparatu

684 3292 843 3358 loquebatur
866 3307 928 3356 ergo
952 3304 1041 3355 opere,
1063 3298 1091 3340 et
1113 3290 1215 3342 dicebat

684 3363 752 3414 illud
767 3362 950 3427 evangelicum
969 3360 1081 3410 Domini
1096 3360 1212 3411 dictum:

682 3434 718 3486 Si
730 3433 795 3484 milti
817 3447 868 3483 non
890 3431 973 3481 vultis
992 3431 1113 3494 credere,
1129 3428 1214 3496 operi-

685 3508 733 3558 bus
753 3506 876 3557 credite:
891 3524 904 3551 n
921 3504 978 3553 haec
992 3502 1150 3554 Maximus.
1166 3500 1213 3553 Sed

683 3577 801 3646 perversi
816 3577 942 3626 homines
961 3591 1049 3625 arcam
1065 3576 1093 3625 in
1112 3585 1154 3626 tot
1174 3589 1214 3625 m·

683 3651 727 3700 nis
743 3658 923 3701 constructam
942 3647 1074 3708 videntes,
1093 3647 1154 3698 sine
1168 3647 1212 3696 do·

683 3723 739 3772 lore
762 3720 940 3778 lambuntur,
966 3717 1036 3768 nihil
1062 3717 1212 3769 futurorum

683 3793 867 3860 praevidentes,
891 3800 917 3841 et
942 3788 1042 3855 judicia
1068 3789 1119 3840 Dei
1150 3803 1211 3840 eon·

683 3866 848 3927 temnebant‚
865 3880 919 3914 non
941 3862 1112 3929 evigilantes,
1129 3860 1211 3915 sedin

683 3937 793 3989 malitiis
815 3935 1006 3996 dormitantes;
1029 3943 1056 3985 et
1085 3933 1178 3986 subito
1199 3944 1213 3979 a
