2632 4320
414 226 463 276 DE
478 225 600 277 DECEM
616 226 826 279 VIRGINIBUS.
1129 233 1178 284 351

56 344 172 413 quidem
193 352 266 405 tunt,
295 343 346 394 etsi
371 343 515 409 prudentes
534 357 592 393 esse

56 415 207 468 videantur.
234 415 299 465 Inde
321 414 395 465 enim
422 424 448 464 et
470 413 592 480 virginet

57 487 202 546 dicuntur,
220 485 285 552 quia
307 485 379 536 bona
400 495 545 552 operantur
566 492 592 535 et

57 560 123 610 boni
139 560 174 610 ab
193 557 355 609 hominibus
376 559 509 609 videntur.
524 559 594 608 Sunt

57 631 134 683 enim
162 629 191 680 in
216 629 320 681 actione
344 629 463 696 virgines
488 638 514 679 et
542 629 593 679 in-

57 702 181 754 tentione
200 703 328 768 corrupti,
352 702 417 768 quia
440 703 510 752 bona
532 715 593 767 quae

57 783 154 841 agunt,
174 789 228 823 non
244 782 315 823 casta
336 781 363 822 et
384 772 487 823 sincera
504 771 594 821 inten-

57 844 132 895 tione
156 842 273 903 faciunt,
299 852 324 893 et
347 844 445 892 merito
468 841 595 892 dicuntur

58 917 185 983 virgines
193 915 294 982 saluae,
316 915 381 982 quia
402 915 505 964 bonum
525 929 594 980 opus

58 989 91 1039 de
120 1003 219 1053 genere
245 987 378 1052 perdunt,
405 996 513 1052 propter
538 985 594 1037 de-

59 1058 161 1110 sectum
186 1057 346 1107 intentionis
372 1067 468 1120 rectae;
497 1071 595 1122 magna

59 1132 162 1199 quippe
181 1130 290 1181 fatuitas
310 1141 350 1181 est
368 1129 488 1181 difficilia
506 1139 533 1180 et
551 1145 595 1180 ar-

60 1203 115 1254 dua
127 1202 247 1268 aggredi,
262 1211 288 1251 et
304 1201 446 1266 sustinere,
464 1200 526 1252 sine
536 1199 596 1253 fru-

60 1283 104 1324 ctu
123 1282 150 1324 et
172 1272 296 1324 utilitate.
313 1274 409 1338 Magna
424 1273 498 1323 enim
512 1270 596 1322 fatui-

60 1354 101 1397 tas
124 1354 168 1395 est
193 1345 320 1410 ieiunare,
345 1345 465 1410 vigilare,
489 1359 596 1394 carnem

60 1418 190 1485 affligere,
205 1433 289 1479 orare,
305 1428 332 1468 et
348 1417 449 1468 similia
462 1418 556 1477 facere,
570 1426 597 1466 et

60 1490 167 1540 nullam
190 1488 270 1540 aliam
293 1490 453 1550 mercedem,
474 1488 528 1539 nisi
549 1504 597 1539 va-

61 1575 127 1611 nam
148 1559 264 1626 gloriam
289 1570 457 1625 exspectare,
477 1560 522 1611 de·
534 1557 596 1609 tali-

61 1631 112 1682 bus
136 1630 212 1680 enim
234 1630 369 1680 Dominus
393 1629 432 1680 ait
451 1647 458 1680 ι
477 1631 597 1695 Recepe-

61 1707 126 1752 runt
139 1700 287 1751 mercedem
300 1714 386 1750 suam.
403 1727 434 1738 -
446 1700 597 1751 Prudenter

61 1786 127 1823 vero
144 1779 229 1821 totam
249 1769 430 1820 intentionem
455 1771 488 1821 ad
510 1770 597 1821 Deum

61 1839 200 1901 referunt,
221 1850 248 1890 et
272 1855 322 1906 pro
344 1841 471 1906 operibus
501 1841 560 1890 suis
583 1855 598 1891 a

10 1930 12 1934 ·
62 1914 131 1976 Deo,
145 1913 189 1964 cui
202 1913 255 1964 soli
270 1914 372 1979 placere
385 1913 509 1980 cupiunt,
524 1928 598 1963 mer-

61 1985 156 2035 cedem
172 1982 320 2049 recipiunt;
342 1984 484 2049 prudentia
498 1983 599 2050 quippe

62 2068 163 2121 magna
181 2063 232 2115 est,
253 2068 286 2104 ex
307 2054 424 2104 modicIs
446 2069 552 2120 magna,
574 2065 599 2105 et

61 2140 96 2176 ex
120 2123 316 2190 temporalibus
336 2124 473 2190 acquirere
495 2124 598 2190 sempi-

62 2208 150 2249 terna
176 2195 209 2246 Et
237 2195 267 2245 in
296 2195 341 2246 his
371 2196 501 2246 dividitur
526 2206 599 2247 totus

63 2265 204 2327 nundus,
230 2275 257 2316 et
281 2275 337 2317 tota
359 2265 481 2317 fidelium
502 2267 599 2318 multi-

63 2343 144 2402 tudo,
160 2339 234 2407 quia,
253 2349 284 2390 ut
303 2341 369 2390 dicit
386 2341 599 2409 Hieronymus:

64 2431 80 2461 a
88 2414 187 2464 &ncta
196 2412 315 2464 Ecclesia
325 2412 392 2479 virgi
396 2429 445 2464 nes
455 2415 600 2480 prudentes

63 2484 149 2537 babet
168 2499 219 2550 pro
240 2483 297 2534 Deo
320 2485 389 2534 bene
409 2494 559 2550 operantes,
575 2495 601 2536 et

63 2555 165 2620 fatuas,
184 2569 252 2606 vana
269 2555 355 2620 gloria
368 2555 529 2607 laborantes.
549 2555 601 2606 Vi-

64 2629 129 2681 deat
147 2643 212 2695 ergo
234 2628 425 2695 unusquisque
445 2639 476 2679 ut
498 2629 601 2679 bonum

65 2715 138 2766 opus
156 2701 235 2763 bene,
254 2710 281 2750 et
303 2701 373 2750 bona
391 2701 543 2752 intentione
561 2701 602 2751 fa·

66 2771 129 2832 ciat,
150 2769 216 2837 quia
237 2786 293 2821 non
315 2771 418 2821 bonum
441 2771 534 2832 Iacere,
555 2771 602 2821 sed

67 2840 238 2894 benefacere
248 2842 383 2893 laudabile
396 2853 448 2906 est;
462 2843 603 2894 nonenim

65 2911 160 2963 verbis
179 2927 324 2973 meremur,
345 2913 393 2963 sed
411 2914 554 2973 adverbiis,
576 2913 603 2964 id

68 2991 110 3035 est
130 2997 188 3033 non
211 2982 241 3033 in
264 2984 390 3050 eoquod
410 2984 515 3050 aliquid
538 2984 603 3035 faci-

68 3067 149 3115 mus,
178 3053 226 3103 sed
251 3052 281 3103 in
308 3069 340 3104 eo
368 3055 441 3121 quod
466 3053 604 3105 benefaci-

68 3140 185 3177 nuscn
200 3125 468 3193 hoecHieronymus.
509 3165 513 3176 .

98 3204 127 3265 4'
147 3196 246 3248 Onsurc
270 3214 423 3250 cuatuor.
447 3229 478 3239 -
500 3201 604 3251 Omnes

69 3285 134 3322 vero
155 3270 317 3336 accipientes
335 3272 474 3338 lampades
487 3287 562 3336 suas,
577 3271 603 3322 id

70 3349 112 3393 est
136 3354 219 3406 opera
244 3341 317 3391 bona
342 3341 374 3392 de
399 3357 497 3408 genere
520 3343 604 3405 boni,

70 3412 200 3463 aierunt
212 3412 316 3464 obviam
333 3427 430 3479 sponso
444 3420 471 3464 et
483 3429 605 3481 sponsoe;

68 3482 104 3533 sd
116 3482 171 3535 hoc
186 3482 260 3533 enim
271 3484 350 3534 debet
364 3485 483 3536 ordinari
500 3487 605 3537 exerci-

69 3551 142 3605 tium
161 3551 226 3605 uitae
243 3564 349 3617 nostrae,
365 3565 396 3606 ut
418 3556 501 3608 homo
521 3557 607 3623 possit

70 3638 165 3676 secure
185 3634 212 3675 et
233 3625 356 3677 decenter
379 3626 488 3678 Christo
510 3629 543 3679 ad
560 3629 605 3694 iu·

70 3695 174 3749 dicium
186 3696 307 3749 venienti
327 3699 443 3751 obviare.
463 3702 519 3752 Sed
534 3702 607 3767 quitt-

70 3780 123 3834 que
131 3767 235 3835 satae,
251 3770 369 3836 acceptis
383 3769 561 3839 lampadibus,
578 3772 606 3823 id

72 3849 114 3894 tn
130 3840 261 3908 operibus
277 3842 344 3906 suis,
368 3858 419 3895 non
438 3851 607 3912 tempserunt

651 343 737 393 oleum
751 357 848 408 mem,
862 345 890 395 id
905 355 945 396 est
959 363 1014 398 non
1029 349 1182 403 habuerunt

652 414 791 480 spirituale
803 418 942 482 gaudium,
957 421 1030 486 quod
1047 423 1133 473 oritur
1149 440 1181 476 ex

652 487 779 552 operibus
801 488 890 551 bonis,
905 503 1016 556 propter
1037 495 1123 546 Deum
1139 496 1181 548 fa-

652 559 712 618 ctis,
727 569 753 608 et
771 559 823 609 hoc
835 571 942 626 propter
958 562 1092 615 defectum
1106 577 1182 620 recte

652 629 822 680 intentionis.
843 631 879 681 Ut
901 632 973 682 enim
997 635 1061 686 dicit
1083 639 1182 704 Auge-

652 699 758 764 rtt'rtttsi:
771 709 785 747 lt
797 701 850 761 Qui
863 718 915 751 non
929 715 1067 770 propterea
1078 710 1184 772 gaudet,

653 771 718 838 quia
728 771 889 822 intrinsecus
900 775 956 823 Deo
966 778 1059 840 placet,
1073 795 1128 830 non
1140 781 1185 831 ha-

653 844 706 895 bet.
715 844 807 895 oleum
822 860 923 895 secum.
937 865 951 893 v
967 848 1120 903 Prudenter
1136 867 1184 904 ve-

652 922 860 982 coacceperunt
878 917 963 968 oleum
984 919 1010 969 in
1029 923 1103 971 uasis
1117 925 1184 988 suis,

654 987 681 1036 id
696 996 736 1037 est
756 987 826 1038 intra
838 990 1024 1050 conscientias,
1039 1008 1097 1044 cum
1116 995 1185 1047 Iam-

650 1057 777 1123 padibus,
791 1057 819 1107 id
834 1068 873 1108 est
884 1075 944 1109 cum
961 1061 1039 1113 bonis
1048 1065 1185 1129 operibus.

655 1127 712 1177 Hoc
738 1137 793 1186 est,
817 1138 848 1178 ut
872 1129 936 1179 dicit
960 1130 1032 1181 idern
1052 1136 1187 1200 Augusti·

655 1212 714 1262 nus,
734 1198 854 1249 laetitiam
873 1200 1007 1251 bonorum
1026 1219 1139 1270 operum
1158 1207 1187 1257 ln

655 1269 734 1320 corde
751 1281 831 1337 atque
852 1272 1014 1323 conscientia
1029 1286 1187 1341 posuerunt,

655 1339 719 1406 quia
732 1351 841 1406 propter
853 1343 1039 1394 rectitudinem
1056 1345 1187 1400 intentio-

656 1412 699 1462 nis
712 1414 829 1478 gaudent
843 1414 873 1464 in
882 1416 1000 1467 Domino
1014 1419 1048 1469 de
1060 1420 1119 1470 suis
1129 1437 1189 1488 ope·

656 1485 732 1536 ribus
744 1486 833 1536 bonis.
845 1486 950 1537 Dicitur
959 1501 1048 1541 autem
1060 1495 1188 1558 gaudium

656 1555 728 1607 istud
753 1556 853 1621 oleum,
877 1558 941 1623 quia
963 1561 1047 1612 nutrit
1070 1573 1096 1613 et
1119 1564 1190 1616 fovet

655 1626 774 1676 caritatis
789 1628 886 1692 ignem.
902 1629 940 1679 Ex
959 1630 1010 1680 hoc
1029 1633 1102 1683 enim
1117 1638 1189 1701 quod

656 1695 755 1761 aliquis
775 1697 921 1747 delectatur
942 1698 970 1748 in
990 1716 1078 1766 opere,
1094 1704 1190 1757 fortius

657 1777 684 1817 et
705 1767 803 1817 melius
828 1779 952 1833 operatur
971 1780 997 1819 et
1023 1788 1069 1837 per
1093 1789 1189 1826 conse-

656 1855 745 1906 quens
766 1839 928 1906 disponitur,
948 1852 979 1892 ut
999 1844 1022 1893 ei
1037 1846 1123 1910 major
1142 1863 1189 1898 ca-

657 1911 722 1962 ritas
734 1910 901 1963 infundatur.
911 1913 1013 1965 Omnes
1025 1916 1126 1982 quippe
1138 1919 1190 1969 vir-

657 1981 735 2048 gines
753 1990 808 2032 tam
829 1981 918 2043 fatuae,
940 2001 1021 2051 quarn
1044 1989 1189 2053 prudentes

657 2063 815 2119 acceperunt
827 2055 918 2105 oleum
930 2056 958 2105 in
973 2057 1045 2107 vasis
1054 2073 1115 2108 cum
1127 2061 1191 2109 lam·

658 2124 793 2190 padibus,
815 2125 895 2176 fatuae
922 2137 1011 2177 autem
1042 2130 1131 2179 solum
1160 2129 1189 2181 in

658 2195 828 2260 lampadibus
841 2212 896 2256 non
916 2196 943 2246 in
964 2199 1043 2263 vasis,
1062 2200 1099 2250 ita
1118 2202 1191 2266 qnod

658 2281 721 2317 vasa
735 2267 887 2319 habuerunt
899 2284 993 2332 vacua3
1007 2270 1087 2321 sicin
1102 2273 1193 2322 Eccle-

659 2336 699 2387 sia
708 2337 820 2403 quidam
833 2339 968 2404 accipiunt
980 2343 1070 2392 oleum
1081 2341 1110 2392 in
1122 2343 1193 2392 lam-

659 2407 773 2472 padibus
791 2409 869 2473 quasi
889 2408 1029 2460 videantur
1045 2412 1079 2461 ab
1103 2411 1195 2462 homi-

661 2477 742 2527 nibus
766 2477 848 2539 boni,
873 2477 986 2530 interius
1012 2491 1102 2530 autem
1130 2492 1194 2531 sunt

662 2548 780 2599 bonitate
792 2549 867 2599 vacui
882 2560 908 2600 et
923 2552 996 2600 mali.

693 2620 707 2671 5
727 2621 807 2670 Mona
830 2623 934 2682 Saousr,
959 2638 1086 2673 nonurrro
1108 2639 1194 2675 tmer-

661 2706 764 2742 rtuunr
784 2707 889 2743 camon
914 2709 961 2743 ens
979 2711 995 2743 a
1017 2710 1102 2745 sonno
1119 2710 1194 2746 exca-

662 2776 738 2812 rms.
764 2790 795 2800 -
822 2763 933 2813 Moram
963 2770 1051 2814 autem
1074 2765 1198 2831 faciente

662 2833 781 2904 sponso,
792 2833 818 2884 id
831 2844 871 2884 est
882 2833 992 2884 Christo
1005 2835 1143 2886 differente
1154 2837 1198 2901 ju-

663 2903 782 2965 dicium,
812 2904 912 2954 scilicet
942 2906 1026 2955 donec
1053 2906 1197 2972 impleatur

662 2988 791 3024 numerus
812 2975 967 3037 electorum,
986 2977 1199 3029 dormitaverunt

663 3059 761 3109 umnec,
776 3056 908 3113 quantum
923 3049 955 3098 ad
971 3049 1128 3115 languorem
1144 3065 1199 3101 cor·

665 3118 748 3184 poris,
764 3125 791 3170 et
810 3120 984 3183 dormierunt,
1007 3134 1139 3188 quantum
1166 3123 1199 3174 ad

664 3204 792 3241 somnum
820 3191 935 3255 mortis;
960 3194 1002 3243 vel
1030 3194 1199 3244 dormitave-

664 3268 728 3312 runt
740 3277 787 3328 per
809 3261 934 3314 inertiam
955 3275 981 3315 et
998 3264 1211 3331 negligentiam!

666 3333 744 3385 Unde
765 3334 1006 3400 chrysostomus:
1029 3356 1042 3384 a
1066 3335 1200 3385 Tardante

665 3407 899 3459 consummatione
921 3409 1013 3469 seculi,
1035 3424 1090 3458 non
1110 3407 1200 3458 solum

666 3488 827 3544 peccatores,
844 3482 891 3532 sed
917 3481 979 3544 justi
1003 3490 1029 3531 et
1049 3479 1201 3546 spirituales

665 3556 699 3606 ad
720 3552 912 3619 negligentiam
936 3561 1000 3602 sunt
1024 3549 1200 3610 devolvendi,
1227 3576 1228 3580 =

666 3627 743 3678 etad
765 3624 880 3677 carnalia
901 3623 1091 3672 delectamenta
1109 3630 1202 3672 trans-

667 3699 742 3762 ituri,
754 3708 785 3750 ut
796 3698 939 3764 impleatur
954 3696 1019 3746 illud
1031 3695 1201 3745 Psalmistae:

668 3774 781 3826 Salvum
795 3785 837 3822 me
850 3770 902 3836 jac
920 3770 1002 3831 Deus,
1018 3768 1144 3834 quoniam
1160 3767 1204 3818 de·

663 3845 737 3910 fecit
762 3847 891 3903 sanctim
916 3841 1040 3906 quostiam
1065 3839 1204 3891 diminute
