2632 4320
156 314 209 362 42²

156 418 209 469 dat.
231 415 267 467 Et
287 429 377 464 revera
404 413 448 463 ille
477 410 525 476 qui
547 411 594 468 ait,
618 408 710 485 barbe}

156 486 291 537 caritatem
319 494 345 533 et
368 483 409 533 fac
434 496 613 548 quaecunque,
628 478 711 561 uis,¹

156 557 233 628 quasi
260 556 344 606 solam
382 553 517 604 caritatem
552 551 629 602 visus
648 560 711 611 ent·¹

156 628 326 696 precepisse,
352 635 378 676 et
407 625 520 684 merito,
544 623 608 693 quis
631 622 711 695 ipsa}

156 700 225 751 valet
247 698 305 748 sine
322 697 419 751 usibus
434 696 580 760 multarum
600 693 689 744 virtu·
707 744 710 749 ,

156 779 227 828 tum,
251 768 298 817 sed
326 779 412 817 cetera
433 766 525 817 omnia
552 780 608 814 non
640 774 710 817 va·}

155 840 214 891 ient
230 838 287 887 sine
300 853 338 888 ea.
360 838 445 897 Unde,
458 835 607 886 secundum
618 833 689 884 Gre-

157 909 282 976 gorium,
312 909 345 958 de
379 907 523 958 dilectione
554 903 630 971 qussi
655 904 689 953 de

158 980 289 1047 singulari
311 980 434 1030 mandato
451 976 582 1029 Dominus
596 976 689 1043 loqui-

155 1065 211 1116 tur,
235 1055 299 1121 qnia
312 1070 393 1103 omne
414 1051 570 1102 mandatum
584 1051 688 1101 desole

157 1127 301 1181 dilectione
318 1137 367 1189 est,
381 1136 407 1176 et
421 1125 513 1175 omnia
523 1140 606 1174 unuin
618 1139 688 1190 pne·

157 1210 266 1265 ceptum
280 1211 353 1249 sunt.
372 1197 510 1262 Quidquid
533 1197 604 1246 enim
618 1211 688 1260 prae-

156 1268 264 1337 cipitur,
286 1268 314 1317 in
335 1268 393 1317 sola
418 1266 525 1315 caritate
548 1265 688 1315 solidatur.

156 1341 242 1389 Multa
257 1349 319 1388 sunt
331 1353 381 1402 per
392 1336 574 1387 diversitatem
590 1336 687 1401 operis,

155 1426 242 1460 unum
259 1412 288 1460 in
303 1409 391 1459 radice
402 1409 563 1459 dilectionis.
580 1409 612 1458 Et
621 1409 687 1473 plu-

155 1495 185 1531 ra
197 1481 248 1531 alia
267 1479 425 1544 huiusmodi
447 1479 622 1530 dilectionem
641 1478 686 1527 in-

154 1550 265 1608 citantia
303 1549 438 1600 Dominus
474 1550 602 1609 dicebat,
626 1564 687 1615 quae

154 1621 270 1676 ioannes
294 1620 339 1670 hic
365 1620 533 1686 conscripsit.
557 1621 596 1673 De
617 1621 688 1670 dile-

155 1689 244 1741 ctione
254 1689 369 1741 fraterna
383 1692 476 1742 nullus
496 1691 687 1756 Apostolorum

151 1772 260 1815 nutum
282 1763 403 1828 loquitur
416 1773 549 1829 quantum
562 1762 687 1825 ioannes,

108 1878 114 1891 ,
155 1833 241 1883 ethic
261 1842 290 1882 ex
308 1833 336 1882 in
349 1833 471 1898 epistolis
490 1833 557 1882 suis.
577 1832 688 1901 Legitur

156 1903 238 1957 etiam
253 1903 285 1953 de
303 1919 335 1953 eo
355 1903 429 1969 quod
448 1904 504 1971 jam
525 1918 609 1953 senen
621 1902 709 1969 effes

156 1983 215 2024 ctus
228 1975 383 2038 portabatur
403 1974 436 2023 ad
457 1973 595 2025 ecelesiam
610 1990 625 2024 a
639 1975 688 2025 di-

154 2043 269 2110 scipulis
293 2045 360 2107 suis,
373 2053 406 2094 -ut
426 2043 517 2095 fideles
533 2043 686 2104 instrueret,

155 2117 257 2185 quibus
272 2118 323 2167 hoc
338 2128 447 2168 tantum
464 2117 568 2169 dicebat
583 2135 591 2168 :
605 2118 688 2169 Filio-

155 2189 184 2253 ii,
197 2191 325 2256 diligatis
345 2192 463 2253 invicem,
479 2200 507 2240 et
531 2191 560 2240 in
576 2191 631 2240 =hoc
644 2202 687 2241 est

154 2259 281 2324 perfectio
327 2261 476 2325 disciplinae
511 2261 685 2313 Christianae.

155 2329 233 2383 Unde
248 2330 347 2379 dicitur
367 2329 517 2395 specialiter
532 2345 547 2379 a
561 2331 618 2380 Deo
641 2332 685 2381 di-

153 2399 245 2463 lectus,
260 2416 313 2450 non
328 2401 417 2450 solum
442 2409 550 2467 propter
573 2402 684 2466 privile-

152 2470 229 2536 gium
250 2470 423 2537 virginitatis,
448 2471 494 2520 sed
513 2470 595 2521 exiam
616 2472 707 2539 pro-2

152 2550 212 2606 pter
225 2543 417 2606 specialitatem
431 2541 559 2593 caritatis.
703 2582 706 2605 ,

182 2612 200 2664 8
230 2615 422 2665 Mannnroauu
457 2629 629 2665 ossuavnrio.
653 2622 707 2681 -j

153 2682 255 2743 Tertio,
279 2683 347 2736 niuea
367 2697 522 2733 sermonem
535 2683 684 2744 mediteris,
703 2692 706 2723 ἓ

151 2756 290 2820 quomodo
304 2756 411 2805 monuit
427 2770 474 2804 eos
492 2754 525 2803 ad
538 2755 684 2805 observan-

151 2825 218 2878 tiam
234 2826 425 2876 mundanorum
437 2839 559 2884 suorum,
571 2824 665 2874 dicens
674 2842 683 2874 ἰ
703 2828 707 2859 2

152 2894 186 2946 Si
200 2896 321 2963 diligitis
336 2910 384 2957 me,
399 2894 528 2945 mandata
544 2908 604 2944 ntea
623 2909 684 2945 ser-

151 2971 221 3029 vate,
239 2966 376 3032 implendo
387 2981 420 3015 ea
444 2964 523 3024 facto,
540 2975 570 3017 et
592 2981 682 3031 opene.
702 3014 705 3033 1

150 3038 237 3099 Quasi
273 3039 407 3089 diceret:
435 3039 495 3089 Non
535 3040 705 3090 ostendatis¹

150 3124 270 3161 amorem
291 3126 373 3176 quem
388 3110 496 3160 habetis
508 3110 542 3160 ad
561 3126 603 3161 me
614 3110 682 3162 fietu

151 3181 249 3241 solum,
274 3180 320 3230 sed
343 3180 371 3229 in
398 3179 550 3231 obedientia
570 3183 682 3233 mande

148 3259 248 3304 terum.
265 3252 298 3301 ln
319 3251 374 3301 linc
395 3251 470 3300 enim
487 3252 583 3302 muudi
599 3253 680 3316 hujus

147 3335 290 3390 potestates
317 3340 381 3376 suos
408 3324 512 3375 'amicos
536 3336 565 3375 et
588 3325 680 3377 fideles

146 3397 262 3461 probant
281 3408 308 3448 et
330 3406 505 3463 cognoscunt,
520 3397 544 3447 ei
557 3397 598 3448 eis
608 3399 679 3449 obe·

144 3467 241 3529 diunt,
263 3479 293 3519 et
316 3485 410 3521 eorum
437 3468 559 3518 mandata
584 3479 678 3519 custo·

143 3538 230 3598 diunt,
243 3540 317 3606 quia,
329 3541 479 3591 secundum
502 3538 676 3603 Gregorium,

143 3611 267 3674 probatio
294 3611 448 3662 dilectionis
475 3609 610 3661 exhibitio
637 3621 678 3661 est

141 3682 239 3746 operis.
255 3684 288 3732 Et
303 3682 401 3733 iterum
417 3701 424 3732 ι
440 3683 495 3744 Qui
506 3681 585 3732 hobel
599 3696 676 3730 mau-

143 3752 208 3803 data
229 3767 287 3804 mee
307 3761 333 3805 et
348 3762 439 3805 emat
451 3769 493 3816 ea,
515 3753 562 3804 ille
579 3750 694 3821 estqui

145 3823 238 3890 diligit
251 3839 300 3886 me,
313 3826 414 3876 scilicet
428 3841 508 3891 opere
523 3835 549 3876 et
557 3825 676 3884 veritate,

145 3905 171 3947 et
191 3913 248 3947 non
266 3908 372 3950 tuntum
390 3899 482 3964 lingua
501 3909 528 3949 et
541 3913 675 3958 sermone,

448 293 622 345 SECUNDAE
640 289 765 340 palliis
781 288 897 339 CAPUT
911 287 990 338 Lvll.

744 404 796 453 boc
810 414 868 455 est:
880 403 928 453 ille
952 403 1032 452 babet
1045 417 1136 451 raam
1150 402 1277 455 dilectio-

744 489 806 525 nem
843 474 876 523 ad
914 489 965 523 me.
1003 472 1055 524 Ubi
1083 473 1274 539 Augustinus:

744 565 757 593 n
770 547 826 606 Qui
848 547 930 597 babet
951 547 978 595 in
994 546 1135 606 memoria,
1149 556 1178 596 ct
1192 557 1277 598 servat

743 617 770 667 in
781 618 853 682 vitu,
865 618 913 686 qui
936 617 1017 668 habet
1035 616 1065 667 is
1093 617 1275 678 sermonibus,

741 697 769 737 et
786 698 877 738 servet
902 687 930 737 in
956 686 1097 749 moribus3
1116 686 1167 755 qui
1194 687 1276 739 habet

742 761 885 821 audiendo,
901 770 928 810 et
951 769 1046 820 servat,
1059 761 1280 824 pommerando:

743 834 801 899 ipse
828 840 882 896 est,
910 833 1014 900 inquit,
1041 832 1089 898 qui
1108 832 1207 898 diligit
1229 848 1278 885 me.

742 905 831 969 Opere
856 914 897 954 est
924 904 1136 954 demonstranda
1155 903 1280 962 dileetio,

742 992 777 1026 ne
791 977 827 1026 sit
845 977 1013 1026 infructuosa
1023 975 1149 1026 nominis
1156 977 1278 1043 appula·

741 1046 790 1096 tio.
805 1064 819 1092 n
833 1047 913 1096 Unde
931 1057 959 1096 et
978 1047 1096 1096 ioannes
1107 1062 1119 1095 ·:
1131 1045 1189 1106 Qui
1213 1046 1280 1098 dicit

742 1119 805 1184 quia
820 1119 914 1185 attigit
928 1120 1022 1181 Men,
1037 1125 1065 1167 et
1075 1119 1212 1170 murem
1221 1118 1280 1187 ejus

742 1205 793 1241 non
809 1191 934 1253 custodit,
959 1191 1082 1241 mendax
1104 1197 1158 1242 est.
1173 1191 1209 1242 Et
1226 1190 1279 1242 ite-

742 1279 822 1312 rum:
837 1263 870 1313 Si
883 1263 943 1329 quis
956 1263 1051 1329 diligit
1064 1277 1115 1331 me,
1128 1263 1157 1313 id
1167 1274 1213 1315 est
1227 1264 1273 1314 di·

742 1333 882 1383 lectionem
905 1333 934 1382 in
955 1338 999 1384 me
1017 1333 1115 1395 tendit,
1130 1347 1276 1386 sermonem

741 1419 825 1455 metm
861 1404 987 1466 servabit,
1015 1403 1042 1453 id
1075 1413 1118 1454 est
1153 1405 1279 1455 mandata

742 1491 801 1525 mea
822 1476 854 1526 ad
881 1474 1034 1525 faciendum
1056 1489 1100 1538 εις
1120 1474 1189 1541 quia
1208 1475 1279 1526 obe·

740 1549 842 1599 dientia
854 1549 975 1614 procedit
998 1564 1030 1599 ex
1048 1564 1149 1612 amore,
1162 1549 1212 1615 qui
1235 1559 1279 1600 est

741 1621 769 1671 in
784 1621 873 1673 corde.
891 1622 1053 1671 Sermonem
1070 1637 1135 1691 ergo
1147 1631 1175 1672 et
1196 1623 1279 1672 verba

740 1692 789 1742 Dei
808 1702 873 1744 tunc
897 1707 1054 1752 servamus,
1078 1693 1189 1759 quando
1216 1692 1280 1743 iaci

739 1777 803 1812 mus
830 1778 891 1828 quae
921 1763 1057 1828 praecem,
1082 1773 1111 1813 et
1130 1763 1277 1831 diligimus

740 1847 800 1897 quoe
814 1831 948 1898 promisit.
959 1832 1017 1895 Qui
1032 1842 1124 1883 autem
1138 1834 1224 1885 verbs
1234 1844 1278 1884 te—

739 1912 786 1952 net
801 1918 849 1968 per
865 1903 1035 1966 memoriam,
1046 1913 1078 1953 et
1090 1920 1147 1958 uon
1157 1905 1278 1957 -oouaeret

739 1974 796 2026 illis
817 1991 865 2041 per
880 1975 1072 2036 obedientiam,
1097 1992 1157 2027 non
1171 1986 1239 2029 sunt
1251 1978 1274 2028 ei

740 2046 769 2096 in
784 2046 955 2107 beneficium,
973 2048 1023 2098 sed
1041 2047 1071 2097 in
1095 2048 1278 2101 detentionis

741 2118 940 2170 testimonium.
974 2119 1053 2171 Unde
1088 2120 1243 2187 Gregorius
1267 2138 1277 2170 ε

739 2191 838 2240 «Vere
853 2190 1003 2256 diligimus,
1022 2191 1044 2242 si
1067 2207 1082 2240 a
1101 2190 1200 2241 metris
1223 2206 1274 2241 nos

739 2260 924 2325 voluptatibus
937 2271 1117 2313 coarctamus.
1137 2261 1208 2311 liam
1223 2262 1272 2327 qui

738 2330 827 2380 adhuc
843 2345 890 2396 per
907 2330 1001 2381 illicita
1020 2331 1156 2383 desideria
1163 2331 1271 2390 defluit,

739 2399 856 2466 proiecto
872 2401 959 2451 Deum
983 2417 1040 2452 non
1062 2412 1152 2468 amau,
1173 2402 1272 2469 quiaei

738 2473 767 2522 in
788 2489 838 2527 sua
869 2476 1006 2526 voluntate
1034 2475 1206 2526 connudieit.
1231 2476 1274 2524 llle

737 2560 802 2611 ergo
811 2561 873 2596 vere
886 2555 966 2605 amat,
978 2546 1054 2610 cuius
1066 2546 1193 2599 videlieet
1205 2562 1272 2597 men

737 2627 793 2667 tem
815 2617 956 2669 delectatio
978 2633 1068 2683 prava,
1081 2634 1118 2669 ex
1140 2633 1271 2669 comensis

739 2703 794 2738 non
809 2697 925 2753 superat.
941 2689 1012 2738 Nam
1033 2699 1111 2738 tanto
1128 2688 1246 2755 quisque
1257 2703 1273 2736 a

738 2775 855 2824 superno
876 2775 968 2809 amore
982 2759 1160 2827 disiungitur,
1175 2771 1270 2827 quanto

737 2829 854 2880 inferius
877 2831 1042 2880 delectatur:
1058 2849 1071 2878 n
1085 2832 1147 2885 haec
1162 2832 1270 2899 Grego-

736 2902 805 2953 rius.
820 2902 853 2951 Fit
868 2901 971 2951 iterum
984 2919 994 2950 τ
1008 2902 1043 2951 Si
1056 2909 1201 2968 pilae-epta
1215 2916 1268 2952 mea

736 2972 918 3034 rennuens,
933 2972 1074 3023 manebitis
1086 2974 1116 3022 in
1130 2973 1271 3025 dilectione

737 3055 804 3104 mea,
823 3043 852 3092 id
869 3052 909 3092 est
923 3057 956 3091 ex
967 3042 1021 3095 hnc
1040 3042 1134 3093 scietis
1145 3043 1269 3095 vosdile-

736 3122 792 3164 ctm
804 3127 821 3162 a
834 3128 896 3173 noe,
919 3123 946 3163 et
970 3113 1046 3178 quod
1071 3113 1101 3163 in
1122 3113 1268 3165 dilectione

736 3198 795 3234 mea
811 3198 868 3249 qua
883 3187 931 3233 vos
957 3182 1054 3248 diligo,
1080 3193 1108 3235 ct
1135 3183 1166 3237 tn
1187 3181 1267 3250 grstia

734 3270 794 3306 mea
814 3255 938 3315 mannis,
959 3255 982 3304 si
998 3265 1131 3321 precepta
1142 3271 1206 3309 mea
1216 3268 1266 3305 ser-

733 3329 867 3379 vaveritis.
891 3328 1010 3380 servatio
1030 3329 1105 3382 enim
1120 3329 1265 3383 mnne-

734 3416 794 3450 rum
808 3410 849 3451 est
861 3401 972 3451 effectus
986 3410 1015 3452 et
1035 3401 1147 3466 signum
1168 3399 1265 3452 divinae

733 3470 899 3537 dilectioni85
930 3487 985 3525 non
1012 3472 1102 3522 solum
1127 3471 1186 3536 ejus
1216 3483 1265 3536 qua

733 3557 782 3592 nos
795 3542 947 3608 diligimus,
964 3544 1010 3594 sed
1028 3553 1054 3592 et
1066 3543 1198 3610 ejusque
1208 3542 1264 3607 'ipae

731 3614 820 3681 diligit
835 3632 900 3680 nos3
916 3632 949 3669 ex
963 3617 1015 3667 hoc
1028 3617 1103 3667 enim
1118 3620 1195 3682 quod
1209 3615 1264 3680 ipse

731 3700 781 3735 nos
802 3685 901 3752 diligit,
913 3697 1010 3737 monet
1033 3703 1087 3739 nos
1112 3698 1141 3739 et
1160 3687 1265 3752 adiurat

730 3754 952 3821 adimplendum
973 3758 1030 3821 ejus
1047 3757 1184 3817 mandata,
1205 3769 1264 3823 que

731 3825 837 3893 impleri
850 3843 905 3877 non
925 3838 1039 3894 possunt
1059 3827 1113 3879 nisi
1133 3843 1185 3895 per
1206 3842 1264 3895 grs-

730 3896 805 3947 tiam.
840 3897 967 3949 Ostendit
992 3914 1074 3964 ergo,
1109 3899 1262 3950 secundum
