2632 4320
120 272 168 324 DE
183 273 446 334 MALEDMCUL,
462 219 570 324 CRAN.
586 273 778 334 FRUMENT,
791 273 837 324 ET
855 272 968 323 PRINC.
982 272 1104 323 MUNDl.
1135 271 1187 336 245
1206 326 1209 331 ⁴

72 397 168 438 testate
184 386 304 450 inimici;
324 403 339 437 a
357 397 476 453 tempore
497 402 606 453 quoque

74 458 211 508 Passionis
223 458 323 509 Christi
338 459 445 509 discreti
459 469 522 508 sunt
536 458 605 508 lide·

72 534 111 581 les
132 532 277 591 credentes,
294 531 328 581 ab
339 531 490 601 obstinatis
513 540 606 580 contra

72 603 162 654 tidem.
178 605 208 654 ln
228 604 318 654 futuro
339 614 438 664 autem,
459 604 511 654 erit
532 603 606 669 judi-

71 675 145 726 cium
160 675 393 726 condemnationis
407 675 567 736 infidelium,
579 685 605 726 et

71 748 268 813 praemiationis
278 749 452 799 credentium.
467 748 545 799 Unde
556 764 603 798 ex-

71 821 199 885 ponendo
220 821 310 871 subdit
333 820 456 871 effectum
480 819 573 884 judicii
596 835 602 869 :

72 892 154 942 Nunc
167 892 295 959 princeps
310 891 388 958 hujus
403 891 501 952 mundi,
517 891 544 940 id
564 900 604 941 est

71 970 223 1012 amatorum
243 962 348 1024 mundi,
363 972 388 1011 et
402 961 536 1012 malorum
550 961 603 1011 ho-

72 1033 180 1083 minum
190 1034 238 1100 qui
251 1034 374 1084 habitant
385 1033 414 1082 in
425 1032 537 1093 mundo,
550 1031 603 1083 sci-

71 1108 132 1157 licet
146 1108 280 1167 diabolus,
295 1107 342 1173 qui
357 1106 391 1157 ab
409 1106 495 1156 Adam
517 1120 603 1172 usque

71 1196 142 1230 nunc
157 1179 385 1239 fundaminum,
404 1188 430 1228 et
449 1178 538 1228 adhuc
550 1178 602 1227 do-

71 1254 191 1304 minatur
203 1254 232 1303 in
245 1253 324 1304 malis
333 1253 436 1303 mundo
450 1250 561 1313 deditis;
576 1259 602 1300 et

70 1323 172 1374 dicitur
188 1324 316 1390 princeps
334 1322 440 1383 mundi,
462 1336 516 1370 non
536 1320 602 1386 quia

69 1395 104 1444 sit
118 1394 248 1444 dominus
261 1393 418 1444 substantiae
433 1389 540 1453 mundi,
554 1390 600 1440 sed

69 1460 602 1521 hominummundialitffviventium,in

69 1548 203 1604 quantum
221 1554 249 1588 se
269 1539 293 1588 ei
309 1535 457 1602 subjiciunt
478 1548 525 1600 per
538 1548 602 1599 pec-

69 1619 169 1669 catum,
194 1609 322 1671 ejicietur,
340 1618 366 1657 et
386 1606 531 1672 repelletur
556 1603 602 1661 fo-

69 1697 126 1747 res,
139 1699 155 1734 a
167 1683 314 1748 redemptis
327 1692 354 1732 et
366 1679 495 1737 liberatis,
510 1686 536 1728 et
550 1692 601 1742 po-

69 1764 193 1808 testatem
209 1754 334 1804 homines
350 1761 410 1818 post
427 1766 456 1801 se
476 1748 600 1799 trahendi

69 1825 162 1891 perdet
175 1824 227 1874 hoc
240 1824 348 1888 iudicio,
363 1838 410 1888 per
424 1819 565 1873 Christum
575 1827 601 1869 et

68 1895 196 1945 virtutem
214 1894 351 1944 Passionis
370 1894 435 1957 ejus,
451 1906 498 1957 per
517 1904 600 1956 quam

68 1975 160 2032 aperta
183 1975 223 2015 est
247 1967 327 2031 janua
349 1963 459 2030 gloriae,
482 1977 499 2012 a
523 1960 600 2024 cuius

68 2037 259 2088 consecutione
284 2036 406 2086 diabolus
434 2047 488 2084 non
514 2043 601 2098 potest

68 2107 210 2172 impedire,
227 2117 253 2156 et
271 2116 331 2171 post
351 2121 380 2156 se
403 2105 507 2154 trahere
530 2105 599 2154 San-

67 2189 125 2228 ctos
145 2177 217 2227 sicut
237 2187 298 2227 ante
320 2175 442 2226 faciebat.
465 2175 513 2225 Per
532 2174 598 2223 Pas-

68 2250 174 2299 sionem
189 2249 269 2299 etiam
290 2248 403 2299 Domini
418 2249 477 2297 data
493 2254 531 2296 est
546 2245 599 2294 ho-

68 2320 137 2370 mini
151 2319 236 2370 virtus
250 2318 390 2370 resistendi
405 2317 523 2376 diabolo,
535 2315 599 2382 quia

68 2407 115 2458 per
137 2406 196 2442 earn
219 2390 343 2441 fortiores
364 2405 459 2440 sumus
477 2389 509 2438 ad
529 2388 599 2439 resi-

69 2463 212 2526 stendum;
235 2479 283 2513 nec
299 2462 380 2512 modo
397 2461 434 2511 ita
454 2460 530 2511 facile
544 2460 598 2510 ho-

70 2533 157 2583 mines
172 2533 297 2584 seducere
305 2532 347 2584 vel
360 2533 426 2583 adeo
440 2541 542 2581 tentare
556 2545 601 2595 po·

69 2613 119 2653 test
132 2613 164 2654 ut
178 2603 262 2669 prius,
275 2619 323 2653 nec
337 2602 502 2669 permittitur
514 2601 600 2652 facere

69 2683 200 2738 quantum
212 2684 298 2742 potest
306 2685 332 2724 et
343 2674 430 2724 vellet.
442 2674 548 2724 Justum
560 2682 601 2723 est

69 2745 142 2794 enirn
166 2745 239 2810 quod
265 2745 335 2794 sicut
358 2743 482 2810 princeps
503 2742 599 2794 mortis

69 2831 114 2880 per
128 2827 265 2881 peecatum
281 2815 421 2866 hominem
435 2815 488 2865 sibi
505 2815 597 2880 subje-

68 2885 105 2934 cit
123 2887 155 2936 ad
178 2895 292 2934 mortem
300 2902 307 2949 ;
328 2885 366 2935 sic
389 2885 436 2951 qui
457 2884 598 2934 Christum

69 2955 218 3019 procuravit
235 2955 350 3006 interfici
370 2956 478 3022 iniuste,
501 2954 597 3005 merito

68 3034 91 3074 et
102 3025 185 3090 digne
199 3025 328 3090 ejiciatur,
339 3040 372 3076 ne
383 3026 507 3092 deinceps
520 3023 597 3091 justis

68 3094 227 3145 hominibus
253 3110 299 3160 per
323 3097 463 3147 Christum
488 3097 595 3146 redem-

67 3168 134 3231 ptis,
159 3167 332 3234 principetur.
365 3169 530 3220 Permittitur
554 3179 596 3220 ta·

66 3253 128 3288 men
150 3249 252 3289 tentare
277 3239 411 3301 homines,
436 3241 469 3291 ad
492 3241 595 3291 exerci-

65 3307 149 3373 tium,
176 3318 202 3359 et
225 3309 355 3360 meritum
379 3313 535 3362 electorum.
561 3312 597 3362 Et

64 3378 178 3428 declarat
200 3379 312 3428 modum
325 3395 373 3444 per
386 3395 467 3446 quem
490 3381 595 3446 ejicitur

64 3448 145 3510 foras,
164 3451 230 3516 quia
255 3466 301 3516 per
325 3462 440 3502 mortem
460 3454 546 3503 crucis
569 3464 595 3505 et

63 3523 287 3574 resurrectionem
294 3538 302 3587 ;
325 3525 395 3575 unde
415 3525 506 3576 subdit
527 3542 534 3577 :
556 3527 595 3576 Et

62 3607 123 3659 ego,
147 3593 182 3657 ai,
207 3593 234 3643 id
260 3604 300 3645 est
318 3611 390 3656 curn,
416 3612 472 3646 non
489 3597 594 3648 dubitat

61 3662 184 3715 futurum
207 3665 355 3730 essequod
375 3666 448 3717 venit
470 3667 591 3732 implere,

61 3737 203 3787 exaltatur
216 3734 301 3802 suero
315 3753 332 3788 a
346 3744 429 3802 ter-ra,
445 3740 546 3791 scilicet
558 3741 592 3791 ,in

59 3822 147 3870 cruce,
162 3806 262 3870 omniu,
275 3807 375 3859 scilicet
386 3808 467 3860 electa
481 3820 507 3861 et
522 3826 592 3876 prce-

58 3876 193 3929 destinata
218 3877 251 3926 ad
278 3878 410 3939 salutem,
436 3894 469 3930 ex
492 3881 592 3947 quibus

659 387 783 439 diabolus
805 389 921 453 ejicitur,
945 389 1050 440 traham
1075 389 1113 439 ad
1133 404 1189 441 me-

659 460 754 524 ipsum,
770 471 799 510 ut
819 461 871 511 sim
888 472 977 528 caput,
997 473 1023 513 et
1041 462 1086 512 illa
1100 476 1188 511 mern-

659 533 714 595 bra,
730 533 871 598 spoliando
888 535 966 586 illum
982 534 1029 601 qui
1048 533 1185 599 decipien-

657 603 692 653 do
710 604 807 670 injuste
828 607 997 672 depraedatus
1019 605 1114 656 fuerat.
1129 606 1187 663 Vel,

658 676 746 724 omnia
769 692 865 741 genera
889 678 1043 736 hominum,
1067 678 1131 743 quia
1155 677 1188 726 de

657 745 784 795 omnibus
804 748 948 812 generibus
971 748 1113 798 hominum
1135 749 1187 798 ali-

657 815 704 879 qui
720 826 782 866 sunt
794 817 880 878 tracti,
895 818 995 868 scilicet
1013 819 1046 868 de
1059 818 1187 869 omnibus

657 887 773 952 linguis,
798 889 831 938 de
857 889 984 939 omnibus
1010 889 1127 949 ritibus,
1154 889 1186 939 de

657 959 785 1009 omnibus
809 949 943 1021 aetatibus:
959 971 985 1011 et
1005 961 1038 1011 de
1059 961 1185 1011 omnibus

657 1030 798 1095 gradibus;
814 1043 840 1083 et
854 1033 893 1084 sic
907 1033 987 1084 traxit
996 1035 1029 1083 ad
1044 1048 1072 1083 se
1083 1034 1183 1097 omnia,

656 1103 719 1168 quia
738 1105 821 1156 homo
834 1106 932 1158 dicitur
948 1107 1038 1157 omnis
1056 1116 1184 1158 creatura.

657 1174 725 1224 Nam
746 1191 845 1241 amore,
860 1193 915 1244 quo
929 1194 977 1244 pro
998 1178 1077 1228 nobis
1092 1193 1186 1242 passus

656 1256 704 1305 est,
714 1247 798 1298 trahit
807 1264 857 1299 nos
870 1249 903 1299 ad
919 1249 1052 1314 seipsum;
1067 1264 1098 1298 ex
1108 1265 1185 1298 amo-

656 1333 684 1368 re
704 1320 776 1370 enim
801 1332 910 1372 ostenso
932 1322 960 1371 in
981 1337 1058 1373 cruce
1081 1323 1114 1371 ad
1138 1338 1185 1388 ge-

656 1409 707 1444 nus
721 1395 881 1456 humanum,
897 1398 980 1448 habet
994 1398 1050 1447 vim
1067 1397 1186 1447 attracti-

654 1478 715 1513 vam
734 1466 876 1526 mentium,
895 1466 965 1517 sicut
984 1467 1051 1532 lapis
1072 1481 1182 1532 magnes

654 1535 763 1585 attrahit
781 1537 813 1585 ad
832 1552 860 1586 se
880 1535 990 1588 ferrum.
1006 1536 1109 1587 Christi
1134 1552 1184 1587 au-

654 1615 706 1654 tem
738 1607 874 1658 crucifixio
900 1607 960 1658 ideo
978 1604 1085 1658 'dicitur
1108 1609 1185 1659 exal·

653 1677 728 1736 tatio,
742 1678 806 1743 quia
823 1693 920 1743 corpus
939 1679 996 1742 ejus
1013 1677 1066 1729 fuit
1080 1681 1179 1730 exalta-

653 1758 712 1797 tum
737 1748 767 1797 in
793 1764 878 1811 cruce,
903 1749 973 1798 sicut
996 1750 1125 1800 vexillum
1158 1751 1186 1801 in

652 1834 720 1879 aere,
733 1820 765 1869 ad
774 1820 963 1870 debellandum
972 1835 1061 1871 aereas
1070 1829 1189 1885 potesta-

653 1898 709 1955 tes,
724 1901 750 1941 et
764 1892 828 1957 quia
841 1907 869 1942 se
886 1890 1039 1942 humiliavit
1053 1908 1140 1957 usque
1151 1895 1183 1942 ad

653 1972 768 2013 mortem
786 1963 881 2023 crucis,
892 1964 952 2013 ideo
973 1964 1046 2014 Deus
1063 1965 1187 2016 exaltavit

653 2032 745 2096 illum,
772 2044 798 2084 et
825 2033 882 2099 ipse
906 2035 1037 2084 exaltatus
1062 2035 1186 2086 exaltavit

653 2119 725 2154 suos.
752 2105 801 2155 Per
823 2105 978 2156 Passionem
1001 2121 1065 2171 ergo
1089 2106 1185 2156 habuit

652 2177 790 2228 victoriam
802 2178 836 2229 de
850 2179 971 2243 diabolo;
989 2180 1061 2229 unde
1075 2179 1126 2229 hoc
1140 2179 1186 2244 ip-

653 2263 714 2298 sum
734 2250 823 2300 omnia
844 2250 958 2310 trahere,
976 2259 1016 2300 est
1034 2249 1183 2314 principem

653 2319 748 2369 mnndi
767 2319 847 2384 hujus
866 2320 969 2385 ejicere,
985 2335 1036 2370 non
1056 2319 1130 2369 enim
1147 2327 1187 2371 est

652 2391 788 2442 conventio
801 2391 903 2442 Christi
913 2391 950 2441 ad
964 2389 1063 2450 Belial,
1076 2396 1103 2440 et
1117 2389 1185 2441 lucis

652 2463 690 2512 ad
703 2464 836 2513 tenebras.

684 2550 700 2601 9
715 2535 773 2584 Con
786 2533 920 2584 Crrmsrus
932 2549 959 2582 nr
974 2548 1041 2582 runa
1053 2549 1183 2583 axanrnm

652 2621 685 2655 ar
697 2621 722 2655 rn
738 2620 820 2654 cauca
830 2619 894 2654 uonr
908 2603 1028 2654 vonurr?
1043 2604 1117 2654 -Et
1130 2620 1183 2655 no-

652 2688 677 2727 ta
699 2677 772 2743 quod
798 2675 1031 2726 Christusnoluit
1054 2675 1124 2727 mori
1153 2676 1181 2726 in

651 2748 740 2814 aliqua
756 2749 847 2808 domo,
866 2761 915 2796 nec
932 2747 983 2796 sub
1001 2756 1079 2808 tecto,
1093 2747 1140 2798 sed
1154 2747 1183 2799 in

651 2835 710 2871 aere
719 2819 805 2870 voluit
816 2817 924 2868 exaltari
935 2834 967 2868 ex
978 2834 1055 2869 causa
1064 2819 1163 2885 triplici
1175 2838 1181 2883 ;

651 2905 695 2940 aer
709 2891 820 2956 quidem
832 2889 995 2939 elementum
1005 2900 1046 2941 est
1057 2906 1181 2942 commu-

651 2975 693 3021 ne,
709 2972 734 3010 et
743 2968 831 3024 potest
842 2959 924 3008 homo
935 2958 1032 3011 habere
1044 2961 1179 3028 propriam

650 3041 757 3089 terram,
768 3030 918 3096 aquam,vel
929 3031 1068 3095 proprium
1077 3032 1179 3098 ignem,

649 3102 695 3152 sed
710 3117 790 3152 nemo
814 3112 901 3167 potest
922 3103 1021 3154 habere
1035 3104 1175 3169 proprium

648 3187 746 3222 aerem.
761 3173 886 3224 Christus
903 3189 967 3240 ergo
978 3176 1065 3226 voluit
1080 3176 1108 3225 in
1118 3190 1179 3226 aere

648 3243 757 3294 exaltari
781 3259 788 3293 ι
820 3245 920 3306 Primo,
947 3246 979 3296 ad
1006 3246 1176 3296 innuendum

649 3315 721 3380 quod
745 3314 814 3365 sicut
833 3331 878 3367 aer
900 3326 940 3367 est
962 3317 1125 3380 communis,
1140 3315 1180 3367 sic

648 3395 674 3436 et
700 3385 801 3436 Christi
828 3387 928 3449 Passio,
948 3403 1011 3438 nam
1036 3386 1175 3453 passiones

647 3459 762 3509 aliorum
792 3462 950 3511 Sanctorum
978 3459 1087 3510 fuerunt
1110 3474 1176 3525 pro-

646 3530 721 3595 priae,
738 3530 801 3597 quia
815 3533 929 3598 quilibet
949 3547 1043 3596 passus
1059 3539 1099 3580 est
1117 3545 1181 3595 pro·

646 3609 705 3664 pter
718 3614 746 3649 se
754 3615 762 3662 ;
778 3600 872 3651 Passio
886 3611 975 3651 autem
989 3599 1091 3650 Christi
1107 3615 1182 3650 eom-

647 3670 739 3720 munis
762 3670 814 3721 fuit
840 3687 847 3721 :
876 3672 997 3737 Angelis,
1025 3671 1090 3737 quia
1117 3681 1180 3723 sunt

646 3741 774 3806 reparati;
787 3742 954 3802 hominibus,
965 3741 1029 3809 quia
1041 3743 1104 3792 inde
1116 3751 1180 3794 sunt

645 3812 747 3862 salvati.
760 3813 932 3872 -,Secundo,
946 3813 978 3862 ad
1001 3812 1172 3864 innuendum

645 3884 718 3949 quod
732 3885 802 3936 sicut
816 3895 909 3936 aerest
923 3885 1028 3936 medius
1039 3885 1110 3938 inter
1123 3902 1174 3939 coe·
