2632 4320
144 305 195 360 308

142 432 271 490 poterunt
287 438 349 474 eum
368 422 533 476 sufficienter
548 424 673 490 aspicere.

141 497 176 547 Et
200 496 270 547 sicut
296 496 349 561 jam
377 497 503 548 instruxit
527 498 674 563 discipulos

142 566 175 617 de
199 567 281 617 modo
303 566 480 632 apparitionis
509 582 582 628 suae,
611 567 675 633 quia

142 639 212 690 sicut
230 637 335 704 fulgur
356 639 496 690 manifeste
515 641 619 703 veniet;
636 640 674 690 sic

141 726 214 762 nunc
230 721 427 777 consequenter
445 712 557 763 instruit
580 727 628 762 eos
643 713 675 762 de

141 781 201 832 loco
216 779 245 830 in
259 796 314 847 quo
328 790 457 832 venturus
471 791 519 833 est.

176 869 209 905 to
226 854 286 905 Cua
297 854 431 905 Cnatsrus
445 870 553 904 nrc1rua
567 869 675 913 conaus,

142 941 176 976 ar
190 927 287 976 Sancrr
300 942 407 985 aquius
419 927 631 978 assrunanrua?
646 955 675 966 —

144 997 221 1047 Unde
234 997 396 1063 subiungit:
418 997 569 1063 Ubicunque
592 996 677 1054 fuerit

144 1079 250 1134 corpus,
268 1067 295 1116 id
310 1076 350 1117 est
365 1067 490 1118 Christus
504 1067 532 1116 in
547 1067 677 1118 humani-

142 1147 205 1202 tate,
230 1138 294 1205 quia
318 1138 446 1203 judicabit
469 1138 497 1187 in
521 1137 607 1190 forma
622 1139 677 1188 hu-

144 1223 233 1269 mana,
249 1207 350 1258 scilicet
364 1208 495 1275 gloriosa;
514 1209 552 1259 ibi
568 1223 678 1275 congre·

143 1281 280 1346 gabuntur
303 1287 329 1331 at
349 1281 457 1347 aquilea,
483 1281 510 1332 id
535 1293 575 1332 est
588 1282 676 1332 Sancti

144 1361 315 1402 occurrentes
329 1351 437 1418 obviam
453 1352 564 1403 Christo
586 1353 617 1402 ad
633 1354 677 1418 ju-

142 1421 243 1471 dicium
268 1421 395 1486 venienti,
424 1423 523 1488 quibus
550 1423 677 1473 innovata

144 1500 189 1541 est·
216 1491 316 1556 aquilae
343 1497 371 1542 ut
388 1492 527 1558 juventus.
553 1492 678 1544 Christus

143 1559 241 1610 dicitur
256 1575 354 1627 corpus
371 1563 403 1612 ad
422 1562 605 1613 denotandum
619 1579 678 1614 car-

143 1629 187 1681 nis
201 1630 357 1693 veritatem,
383 1642 409 1683 et
433 1633 598 1685 ostensionis
614 1649 677 1700 spe-

142 1700 211 1752 ciem
242 1701 270 1751 in
295 1718 348 1768 qua
371 1703 473 1754 videbit
499 1720 562 1755 eum
589 1705 679 1756 omnis

143 1773 237 1823 oculus
247 1788 254 1836 3
271 1774 348 1824 electi
357 1789 420 1825 vero
430 1774 558 1827 dicuntur
568 1777 676 1842 aquilae,

144 1853 253 1908 propter
284 1845 489 1896 resurrectionis
525 1846 678 1898 innovatio-

145 1929 217 1974 nem,
236 1924 262 1966 et
287 1914 402 1965 visionis
416 1915 618 1981 subtilitatem!
625 1932 679 1983 qua

146 1986 238 2037 Solem
257 1987 367 2051 justitiae
381 1987 580 2039 irreverberatis
593 1990 679 2041 oculis

144 2055 305 2107 videbimus.
332 2057 415 2116 Quasi
437 2058 551 2119 diceret,
579 2076 679 2110 secun-

144 2127 210 2176 dum
235 2127 456 2194 chrysostomum
481 2144 489 2179 .·
514 2146 527 2175 u
548 2130 619 2180 Dum
649 2131 677 2181 in

145 2197 263 2262 glorioso
287 2212 398 2262 corpore
432 2199 568 2250 advenerit
592 2201 679 2254 Filius

145 2266 274 2326 hominis,
300 2282 357 2316 non
386 2277 491 2332 oportet
518 2269 547 2319 in
572 2273 679 2337 angulis

146 2338 277 2389 aestimare
291 2353 354 2389 eum
369 2355 445 2405 esse;
468 2341 532 2407 quia
545 2353 617 2395 tanta
628 2346 679 2398 erit

146 2408 355 2475 obsequentium
368 2410 420 2461 sibi
436 2413 592 2464 Sanctorum
605 2418 679 2467 mul·

438 307 613 361 SECUNDAE
629 306 754 358 PARTIS
768 308 886 360 CAPUT
900 310 956 361 XL.

727 424 824 485 titudo,
850 435 880 476 ut
905 426 1054 493 unicuique
1077 435 1164 492 pateat
1188 427 1262 493 quod

728 495 786 561 ipse
807 507 847 548 est
873 496 999 547 Christus
1024 497 1169 557 Dominus,
1184 507 1264 562 caput

728 567 811 618 totius
834 568 971 628 Ecclesiae,
998 578 1024 618 et
1046 583 1128 634 super
1152 583 1264 618 omnem

728 637 912 704 Principatum
935 649 960 688 et
976 639 1122 701 Virtutem,
1144 647 1171 688 et
1183 653 1265 704 super

728 725 808 759 omne
819 710 891 775 quod
905 710 1059 760 nominatur
1073 709 1101 759 in
1113 709 1165 759 hoc
1174 711 1265 761 seculo

728 790 755 829 et
763 778 864 830 futuro.
889 780 940 829 Per
957 780 1061 845 aquilas
1075 779 1148 829 enim
1168 779 1266 829 multi-

728 850 851 900 tudinem
876 851 1042 916 Angelorum
1057 860 1083 901 et
1104 851 1265 900 Sanctorum

728 919 919 971 universorum
949 921 1075 971 ostendit.
1104 920 1166 970 ldeo
1190 920 1266 971 enim

729 990 818 1040 Sancti
845 991 944 1057 aquilis
969 991 1168 1054 assimilantur,
1201 990 1267 1056 quia

728 1062 798 1113 sicut
817 1061 867 1113 filii
882 1064 1034 1130 aquilarum
1050 1063 1082 1113 ad
1097 1064 1184 1114 solem
1199 1078 1267 1128 pro·

729 1133 833 1194 bantur,
848 1142 878 1184 ut
898 1133 1035 1200 siquidem
1057 1142 1130 1183 recto
1155 1144 1266 1199 aspectu

729 1204 866 1255 intendere
892 1205 1032 1271 potuerint
1053 1215 1146 1256 contra
1175 1206 1267 1258 radios

730 1275 804 1339 solis,
820 1275 1005 1351 intelligantur
1019 1292 1076 1327 esse
1101 1275 1265 1343 legitimi,'
1245 1292 1266 1327 si

729 1356 820 1397 autem
835 1361 890 1396 non
905 1347 1052 1427 potuerint,
1069 1357 1268 1412 cognoscantur

729 1416 887 1482 adulterini3
905 1417 943 1467 sic
957 1428 984 1468 et
998 1417 1048 1468 filii
1063 1417 1112 1468 Dei
1129 1418 1162 1468 ad
1184 1417 1268 1468 Chri·

731 1485 765 1537 sti
789 1486 923 1551 justitiam
949 1488 1122 1553 probantur:
1138 1487 1161 1538 si
1191 1487 1265 1538 enim
1298 1516 1305 1531 ι

731 1556 869 1622 potuerint
887 1557 967 1638 pleno
985 1558 1064 1608 corde
1084 1557 1196 1622 justitiae
1210 1558 1269 1623 ejus

730 1629 813 1678 verba
826 1628 971 1709 suscipere,
994 1628 1188 1704 intelliguntur
1212 1644 1268 1680 esse

730 1698 862 1765 legitimi,
891 1699 914 1749 si
937 1709 1027 1750 autem
1043 1715 1098 1749 non
1121 1700 1268 1765 potuerint,

731 1780 930 1852 cognoscuntur
950 1771 983 1820 de
1007 1771 1116 1822 diabolo
1140 1786 1202 1824 esse
1219 1787 1268 1823 na-

731 1842 752 1892 ti
776 1858 783 1890 ε
811 1860 825 1889 »
858 1842 914 1892 haec
947 1843 1172 1908 Chrysostomus.
1199 1843 1268 1904 Quia

731 1930 795 1982 ergo
816 1915 946 1966 adventus
969 1915 1071 1966 Christi
1089 1917 1141 1967 erit
1159 1917 1199 1969 ita
1215 1933 1267 1983 pu·

732 1988 846 2039 blicatus
859 1999 885 2039 et
905 1988 1073 2050 manifestus,
1090 1999 1118 2040 et
1132 2000 1266 2056 quantum

731 2059 763 2110 ad
782 2059 894 2110 modum
913 2069 939 2110 et
962 2071 1094 2126 quantum
1114 2061 1147 2111 ad
1170 2063 1268 2121 locum,

731 2129 791 2180 ideo
813 2129 871 2214 ipse
892 2147 947 2180 non
968 2131 1071 2197 indiget
1095 2132 1268 2198 praeconibus

731 2213 757 2253 et
780 2203 883 2253 nuntiis
909 2203 1010 2254 talibus
1035 2204 1083 2270 qui
1114 2205 1195 2256 vobis
1217 2220 1269 2256 an·

732 2275 872 2335 nuntient,
898 2276 1050 2327 dicentes:
1075 2278 1151 2330 Ecce
1174 2279 1218 2330 lric
1243 2283 1269 2328 et

731 2361 789 2398 ecce
808 2348 865 2399 illic
890 2358 930 2399 est
953 2349 1096 2400 Christus·
1089 2350 1207 2417 igitur
1220 2365 1268 2402 no·

734 2421 772 2470 ite
786 2421 888 2472 talibus
901 2423 1021 2473 credere.

634 2630 774 2693 ORATIO

171 2804 288 2855 Domine
309 2805 371 2855 Jesu
389 2805 496 2856 Christe
511 2805 565 2872 pie,
583 2807 617 2857 da
630 2808 709 2871 mihi,
721 2809 788 2861 visis
802 2811 897 2861 mundi
911 2811 1166 2863 abominationibus
1177 2821 1202 2864 et
1217 2826 1266 2863 sae-

145 2877 283 2931 vientibus
297 2877 530 2941 tribulationibus,
549 2881 581 2931 ad
594 2892 700 2933 montes
713 2893 739 2934 et
756 2885 874 2935 culmina
885 2885 1014 2937 virtutum
1028 2885 1132 2952 fugere,
1145 2895 1172 2939 et
1183 2886 1211 2938 in
1223 2901 1269 2937 cos·

146 2953 259 3005 lestibus
271 2955 454 3005 conversando
469 2955 502 3005 de
516 2955 650 3020 spirituali
666 2958 834 3011 sublimitate
845 2961 878 3010 ad
888 2961 1001 3012 camalia
1011 2960 1148 3012 desideria
1160 2972 1187 3012 et
1197 2971 1266 3012 actus

145 3026 268 3094 pristinae
283 3027 498 3079 conversationis
513 3030 658 3082 mundanae
672 3048 726 3082 non
740 3033 911 3095 descendere,
925 3035 967 3085 vel
984 3050 1028 3085 me
1046 3034 1190 3096 inclinare,
1202 3045 1228 3086 et
1240 3034 1265 3084 in

146 3098 281 3151 anteriora
296 3115 340 3148 me
357 3101 532 3162 extendendo,
555 3113 581 3153 et
601 3118 650 3168 pro
671 3101 759 3154 fructu
784 3105 918 3157 bonorum
938 3122 1050 3190 operum
1071 3104 1248 3169 laborando,
1242 3119 1266 3155 rn

147 3171 294 3239 posteriora
305 3181 331 3223 et
344 3173 376 3223 ad
393 3175 550 3240 temporalia
561 3176 663 3242 quibus
675 3191 719 3227 me
731 3178 793 3229 exui
809 3195 864 3229 non
879 3180 1019 3246 respicere
1035 3180 1077 3231 Da
1092 3180 1177 3232 etiam
1192 3177 1266 3239 mihi,

149 3256 180 3298 ut
190 3245 272 3297 nullis
286 3246 475 3298 seductoribus
487 3247 606 3310 credens,
624 3265 740 3316 regnum
752 3245 854 3334 gratiae,
870 3253 965 3320 quod
959 3264 1029 3305 intra
1040 3270 1090 3305 nos
1100 3264 1191 3322 potest
1205 3266 1265 3314 esse,

147 3333 276 3386 quaeram,
287 3327 313 3369 et
331 3317 370 3368 sic
384 3319 416 3370 ad
432 3334 543 3385 regnum
560 3319 653 3387 gloriae
665 3323 830 3386 perveniam.
842 3326 939 3377 Amen.
