2632 4320
193 229 267 289 QUA
282 228 341 278 DIE
361 228 407 280 ET
421 226 494 279 CUR
511 223 617 276 JUDns
634 222 806 274 VENDIDlT
825 221 1003 274 DOMINUM.

50 376 147 433 dante,
170 386 253 439 quam
285 370 313 420 in
341 368 498 434 recipiente,
525 366 586 416 ideo

51 461 109 496 non
132 442 224 494 solum
246 440 361 506 peccavit
374 439 455 490 Judas
477 438 506 488 in
519 452 588 488 ven-

52 513 144 565 dendo
158 512 308 572 Christum,
332 510 380 560 sed
401 508 481 560 etiam
502 506 587 558 ludaei

53 588 84 638 in
106 584 220 636 emendo
236 583 385 633 Christum
400 581 476 632 Emit
498 589 587 631 autem

51 674 69 709 a
90 671 135 706 me
162 653 313 713 Christum,
341 651 389 717 qui
414 652 501 700 dando
518 649 588 699 mihi

52 725 166 792 alieruod
201 723 364 789 temporale,
404 719 491 772 aufert
518 718 588 770 mihi

53 795 212 856 Christum3
237 794 312 843 verbi
346 793 440 858 gratia,
455 793 479 842 si
495 791 589 841 adula-

54 878 97 918 tor
111 867 157 916 dat
172 865 241 916 mihi
256 865 363 915 laudem
375 864 481 924 falsam,
494 878 527 913 ex
535 877 590 928 qua

54 957 100 992 cor
119 954 216 990 meum
239 937 384 999 extollitur,
411 936 498 987 aufert
519 934 590 987 mihi

55 1013 208 1072 Christum,
235 1022 261 1061 et
281 1027 331 1077 ego
351 1010 523 1061 consentiens
541 1023 590 1074 pro

55 1100 125 1137 vana
141 1083 221 1136 laude
236 1082 326 1134 vendo
340 1081 493 1132 Christum.
512 1082 589 1138 Item,

56 1156 127 1207 daus
137 1153 210 1204 mihi
224 1152 374 1218 pecuniam,
386 1168 440 1219 qua
451 1151 534 1202 allicit
548 1165 591 1201 me

56 1227 92 1277 ad
108 1233 249 1291 *peccatum
270 1224 392 1283 mortale,
409 1223 496 1274 aufert
522 1220 589 1272 mihi

57 1298 211 1359 Christum3
248 1304 275 1346 et
312 1311 361 1361 ego
399 1292 592 1345 consentiendo

57 1370 144 1422 vendo
169 1367 319 1420 Christum.
349 1368 404 1418 Nec
429 1376 520 1418 tamen
546 1366 593 1416 ille

58 1440 175 1494 emendo
191 1438 298 1498 retinet,
315 1438 384 1488 sicut
405 1453 453 1488 nec
476 1453 534 1503 ego,
545 1435 592 1486 sed

60 1528 109 1566 nec
126 1510 197 1563 mihi
213 1527 263 1561 nee
278 1510 339 1562 tibi.
355 1511 399 1560 Sic
423 1509 476 1560 fuit
488 1510 523 1560 de
541 1510 592 1558 Ju-

60 1585 111 1647 da,
139 1591 167 1633 et
194 1581 317 1641 Judaeis,
351 1596 469 1646 quorum
501 1589 594 1635 neuter

60 1655 203 1708 Chrismm
226 1653 352 1718 retinuit;
379 1653 426 1703 sed
445 1651 594 1719 acquisitus

61 1737 103 1779 est
123 1724 205 1776 nobis
224 1723 398 1775 Christianis.
428 1724 505 1773 Unde
534 1723 595 1772 Ra-

61 1800 147 1851 tanus
161 1815 171 1849 .·
186 1814 201 1843 u
223 1796 347 1856 Exsulta,
366 1796 542 1854 Christiane,
566 1794 595 1844 in

61 1865 227 1921 commercio
239 1866 415 1916 inimicorum
429 1876 540 1915 tuorum
552 1863 596 1914 vi-

60 1938 131 2001 cisti,
157 1937 232 2002 quod
252 1937 334 1987 ludas
357 1935 489 1996 vendidit,
505 1945 532 1985 et
555 1935 598 1984 Ju-

61 2010 136 2061 doeus
157 2006 233 2067 emit,
248 2007 302 2057 hoc
320 2017 350 2057 tu
375 2006 530 2072 acquisisti,
546 2021 597 2055 no-

62 2077 202 2131 steterim
216 2077 353 2138 Christus,
364 2093 420 2127 non
433 2077 597 2134 ludaeorum,

64 2151 112 2218 qui
139 2165 204 2201 eum
223 2159 356 2201 emerunt.
372 2170 386 2198 n
400 2178 431 2187 -
446 2149 598 2200 Secundum

63 2233 113 2283 eat,
132 2231 164 2273 ut
176 2221 257 2272 etiam
277 2232 305 2272 et
323 2238 373 2272 nos
388 2222 467 2272 vendi
490 2230 516 2272 et
534 2218 598 2271 rili-

64 2293 146 2360 pendi
171 2307 221 2358 pro
232 2293 311 2343 laude
324 2293 372 2343 Dei
388 2293 536 2358 patiamur;
550 2291 599 2358 qui

64 2363 139 2414 enim
164 2362 259 2413 vendit
281 2378 338 2412 rem
358 2363 485 2429 aliquam,
501 2363 529 2412 id
551 2377 599 2428 pro

65 2449 200 2501 quorem
221 2434 321 2494 rendit,
341 2436 402 2501 plus
426 2434 600 2501 appretiatur,

66 2520 149 2572 quam
173 2520 231 2555 rem
254 2505 351 2570 ipsam.
365 2507 443 2557 Unde
457 2506 480 2555 si
497 2505 601 2571 quiete

67 2575 183 2627 minoris
195 2576 295 2628 valoris
312 2578 340 2627 in
353 2578 433 2628 corde
447 2592 497 2628 suo
515 2586 542 2626 et
559 2576 601 2626 fa-

67 2648 117 2699 ctis
138 2647 266 2709 aestimet,
291 2665 375 2715 quarn
401 2648 468 2699 forte
482 2647 530 2710 sis,
546 2663 601 2698 non

68 2717 198 2778 turberis,
222 2728 250 2768 et
262 2719 380 2770 maxime
396 2719 426 2769 in
441 2734 520 2769 causa
536 2718 600 2783 Dei;

68 2788 184 2841 sienim
205 2788 264 2855 ipse
283 2791 418 2841 Dominus
435 2801 462 2842 et
483 2790 603 2840 Salvator

70 2869 173 2920 noster,
195 2858 244 2925 qui
264 2870 304 2911 est
327 2876 468 2910 summum
489 2860 602 2920 bonum,

70 2939 96 2982 et
115 2929 233 2981 infinitae
255 2930 390 2995 bonitatis,
416 2932 446 2981 in
466 2947 521 2997 quo
540 2941 604 2981 sunt

70 3015 170 3053 omnes
186 3001 307 3053 thesauri
323 3003 465 3064 reconditi,
479 3003 605 3068 dignatus

71 3083 111 3123 est
143 3087 194 3138 pro
211 3074 291 3124 nobis
308 3083 363 3124 tam
390 3073 437 3125 vili
458 3084 485 3124 et
507 3074 605 3140 exiguo

71 3145 160 3211 pretio
181 3145 319 3205 aestimari,
342 3162 373 3196 ac
391 3147 469 3196 vendi
493 3157 519 3200 et
541 3146 606 3196 vili-

72 3216 154 3283 pendi
169 3215 277 3281 injuste,
292 3233 344 3268 uos
357 3218 405 3283 qui
419 3218 546 3268 veraciter
562 3218 606 3267 vi-

72 3291 122 3351 les,
131 3299 160 3341 et
174 3291 211 3340 ob
224 3290 279 3341 hoc
291 3291 488 3357 vilipensibiles
502 3307 607 3351 sumus,

74 3363 98 3417 ai
137 3364 303 3415 conditionis
341 3375 437 3415 nostrae
470 3365 608 3414 miseriam

74 3435 194 3500 aspicere
229 3436 369 3496 volumus,
403 3453 450 3487 cur
473 3452 529 3486 non
560 3451 608 3501 pro

76 3505 185 3556 Christo
207 3504 347 3571 vilipendi,
368 3507 425 3557 imo
447 3506 609 3572 nihilipendi

10 3570 15 3587 '
77 3578 212 3644 patiemur
236 3581 306 3645 juste
323 3579 333 3630 i
358 3581 434 3632 Unde
461 3582 584 3632 Psalmus
602 3597 608 3630 ι

10 3892 30 3983 ,ἱ

76 3650 143 3716 Ego
166 3658 281 3718 propter
315 3658 339 3703 te
366 3654 482 3703 sustInui
510 3668 610 3720 oppro-

76 3719 148 3774 bria.
166 3749 197 3762 ·-
210 3722 334 3772 Tertium
354 3723 546 3774 documentum
561 3733 611 3782 est,

10 3820 14 3843 r
78 3792 152 3856 quod
164 3792 250 3843 homo
263 3793 343 3844 debet
357 3795 472 3845 vendere
488 3795 609 3860 seipsum

80 3876 128 3926 pro
143 3878 237 3931 regno.
252 3863 280 3915 Si
301 3865 375 3916 enim
390 3880 504 3932 regnum
526 3867 611 3918 coelo-

1117 216 1168 270 383

640 380 701 414 rum
724 366 818 416 venale
836 374 898 424 est,
922 373 948 414 et
974 370 1078 411 tantum
1101 360 1171 410 valet

639 446 771 503 quantum
786 438 884 492 habes:
899 436 945 487 sed
958 445 987 484 tu
1002 433 1072 484 nihil
1084 434 1170 483 habes

641 508 737 560 melius
754 508 849 574 teipsa,
869 508 955 559 rende
975 521 1038 571 ergo
1052 505 1171 570 teipsum

641 598 689 649 pro
705 597 786 648 regno
804 582 942 639 coelorum,
958 579 1029 629 sicut
1043 578 1172 629 Christus

639 651 725 714 ¹voluit
749 652 838 712 vendi,
867 661 897 701 ut
918 649 998 700 nobis
1025 648 1173 714 acquireret

641 739 754 791 regnum
769 724 907 773 coelorum.

674 795 687 845 5
704 795 775 854 Qum
794 807 956 843 aecoorrnns
981 805 1066 839 neser
1087 788 1174 838 Cram-

641 880 752 916 srmnus
760 879 828 914 ransc
841 877 1017 912 vanmrronrn
1027 858 1174 909 neutrius?

641 968 673 977 -
691 940 720 989 ln
746 937 888 988 recolendo
910 934 993 985 istum
1018 930 1174 992 articulum,

642 1011 769 1078 recogitet
793 1010 877 1060 homo
911 1007 1044 1058 vilitatem
1074 1020 1173 1063 suam,

643 1085 744 1155 quiesi
762 1085 833 1150 justo
851 1082 936 1149 pretio
951 1079 1075 1131 aestimari
1091 1079 1174 1128 debe-

643 1170 691 1218 ret,
704 1157 751 1209 vix
766 1173 853 1208 unum
869 1156 979 1206 obolum
993 1154 1102 1211 valeret,
1114 1151 1172 1201 imo

642 1230 721 1289 nihil,
738 1229 766 1278 in
779 1225 978 1293 comparatione
998 1223 1110 1285 Christi,
1128 1221 1175 1288 qui

643 1312 699 1352 tam
717 1301 815 1367 exiguo
833 1309 860 1349 et
879 1298 926 1348 vili
943 1296 1026 1364 pretio
1048 1295 1176 1345 venditus

644 1383 692 1423 est.
704 1373 780 1431 Item,
795 1370 926 1435 recogitet
939 1384 973 1418 an
984 1367 1041 1434 ipse
1053 1380 1176 1432 unquam

646 1444 786 1494 Christum
816 1441 966 1492 vendiderit
989 1457 996 1490 :
1020 1439 1125 1504 ipsum,
1151 1445 1177 1487 et

646 1516 770 1567 mandata
786 1515 854 1578 ejus,
869 1528 918 1578 pro
933 1527 961 1561 re
976 1509 1116 1576 temporali
1135 1508 1178 1559 vel

646 1603 695 1654 pru
724 1583 898 1636 delectatione
924 1581 1079 1632 transitoria
1099 1581 1179 1630 dese-

646 1658 739 1709 rendo.
763 1656 838 1715 Item,
854 1653 981 1718 recogitet
995 1651 1110 1717 qualiter
1121 1650 1180 1715 ipse

648 1728 786 1779 Christum
810 1725 848 1775 sic
871 1723 1012 1774 venditum
1032 1721 1115 1786 gratis
1130 1734 1179 1769 sua

648 1814 720 1849 mera
730 1795 849 1847 bonitate
861 1793 1012 1860 acquisivit.
1024 1793 1100 1850 Item,
1115 1790 1181 1856 quia

649 1868 774 1921 Christus
796 1865 976 1916 adhuchodie
999 1861 1103 1914 venalis
1130 1869 1180 1924 est,

649 1940 709 1990 ideo
728 1938 796 1988 sicut
816 1936 899 1986 ludas
919 1932 1043 2001 nequiter
1056 1930 1180 1982 vendidit
1202 1946 1204 1951 ·

650 2013 800 2071 Christum,
830 2009 868 2059 sic
893 2017 922 2058 tu
948 2023 994 2073 per
1015 2004 1181 2056 contrarium

651 2103 712 2137 cum
735 2083 914 2148 eleemosynis
935 2096 994 2146 eme
1014 2080 1121 2144 ipsum,
1137 2077 1183 2127 vel

651 2158 673 2207 si
687 2155 760 2206 aliud
777 2170 832 2204 non
846 2152 940 2211 habes,
961 2151 996 2200 da
1015 2165 1063 2215 pro
1086 2163 1117 2198 eo
1137 2161 1183 2197 cor

651 2241 739 2290 tuum,
748 2228 800 2278 hoc
818 2226 892 2276 enim
904 2225 1037 2275 desiderat
1050 2238 1103 2288 prae
1120 2237 1182 2271 om-

652 2303 679 2352 ni
694 2317 723 2351 re
737 2299 843 2356 mundi,
855 2298 928 2362 juxta
944 2296 1011 2345 illud
1029 2292 1183 2359 Sapientis:

652 2373 759 2434 Praebe,
776 2371 832 2438 fili,
851 2375 985 2420 cortuum
1008 2366 1080 2416 mihi.
1107 2365 1183 2422 Item,

653 2446 776 2514 quilibet,
792 2451 1032 2509 quantumcunque
1041 2437 1184 2504 perfectus,

654 2536 709 2570 non
739 2523 886 2583 praesumat
910 2513 943 2561 de
971 2527 1019 2572 se,
1048 2524 1109 2558 curn
1140 2521 1185 2556 au·

654 2590 693 2639 dit
716 2586 817 2640 Christi
840 2583 1010 2649 Apostolum,
1026 2579 1186 2644 Magistrum

656 2671 681 2710 et
698 2658 846 2709 Dominum
863 2670 954 2712 suum,
978 2653 1035 2702 imo
1054 2660 1079 2699 et
1099 2650 1186 2698 Deum

655 2745 681 2784 et
697 2734 848 2784 Creatorem
870 2727 1004 2786 omnium,
1026 2721 1186 2790 prodidisse.

655 2802 764 2869 thuia
778 2810 871 2868 quarta
892 2798 958 2849 feria
979 2794 1113 2846 Dominus
1136 2791 1189 2841 fuit

655 2874 789 2934 venditus,
803 2872 842 2923 sie
859 2880 932 2920 sexta
947 2867 1014 2918 feria
1032 2865 1085 2915 fuit
1098 2861 1189 2913 cruci-

657 2945 737 3004 fixum
746 2943 808 2992 ideo
822 2941 850 2990 in
862 2937 1022 2990 memoriam
1037 2936 1118 3000 hujus
1127 2948 1191 2984 ven·

657 3015 767 3067 ditionis
785 3011 907 3074 Domini,
917 3025 966 3076 per
978 3017 1067 3058 totum
1087 3005 1191 3056 anirum

658 3087 766 3154 jejuniis
776 3081 1007 3151 poenitentialibus
1018 3078 1083 3129 feria
1098 3084 1194 3142 quarte

659 3157 806 3207 secundum
832 3162 894 3218 post
924 3160 1026 3201 sertam
1050 3156 1122 3198 tenet
1150 3144 1193 3193 lo-

660 3244 730 3279 cum.
758 3227 826 3275 Hinc
848 3234 888 3272 est
909 3222 990 3272 etiam
1011 3219 1083 3284 quod
1112 3212 1192 3263 multi

660 3297 764 3365 quartis
780 3305 807 3346 et
831 3294 914 3344 sextis
934 3293 1050 3357 jejunare
1077 3299 1193 3336 consue-

660 3378 766 3426 verunt,
788 3365 868 3415 multi
892 3376 1001 3430 quoque
1022 3357 1158 3408 abstinent
1178 3367 1193 3403 a

661 3437 786 3490 carnibus
811 3445 905 3500 quarta
933 3431 1010 3488 feria,
1036 3426 1099 3493 quia
1127 3434 1193 3473 tunc

662 3525 723 3560 caro
745 3506 846 3557 Christi
870 3503 921 3565 luit
944 3498 1066 3559 vendita;
1081 3511 1112 3546 ex
1127 3504 1193 3543 tunc

663 3581 744 3631 etiam
768 3586 828 3643 post
853 3572 946 3623 feriam
963 3578 1086 3635 quartam
1108 3564 1194 3622 illam,

664 3667 718 3718 qua
735 3650 786 3700 fuit
798 3646 933 3702 venditus,
943 3643 1030 3692 tribus
1043 3638 1140 3688 diebus
1151 3649 1195 3684 se·

665 3721 813 3789 quentibus
829 3715 907 3766 initia
925 3722 951 3763 et
972 3711 1039 3761 fines
1065 3710 1196 3758 horarum

665 3791 828 3847 omittimus,
845 3784 921 3852 quasi
944 3782 1023 3832 nobis
1043 3780 1149 3830 ablatus
1162 3775 1198 3826 sit

666 3863 748 3931 alpha
765 3867 791 3912 et
807 3871 912 3923 omega,
928 3864 953 3905 et
965 3852 1061 3919 impiis
1073 3849 1197 3902 traditus.
