2632 4320
298 218 347 301 nn
359 215 470 302 srems
485 250 678 304 novemus
691 253 828 315 nomm,
852 254 930 305 ere.

555 503 693 554 oltntlo

88 695 208 747 Domine
225 696 291 747 lesu·
303 696 418 757 Christe,
430 698 480 764 qui
487 697 554 765 Legi
565 709 593 750 et
604 698 742 765 praeceptis
756 700 812 750 tuis
826 699 1017 751 obedientibus
1029 702 1076 751 das
1094 701 1178 751 bene·

58 766 199 828 dictiones,
214 778 241 818 et
254 767 474 819 inobedientibus
489 769 708 831 maledictioneS,
731 771 764 820 da
780 771 849 821 mihi
864 772 896 821 de
914 782 959 821 tue
973 771 1096 836 largitate
1112 772 1180 836 ipsis
1240 810 1243 819 .

59 838 114 891 tuis
130 838 271 904 praeceptis
286 854 392 904 semper
406 840 598 907 obtemperare,
614 851 640 891 et
657 857 760 892 errores
776 842 977 908 hypocritarum
1002 841 1032 892 in
1048 842 1178 893 omnibus

56 911 172 976 etitere3
187 913 221 962 da
235 913 304 962 mihi
319 912 374 962 tuis
389 913 596 974 monitionibus,
612 923 638 964 et
656 914 831 980 beneplacitis
840 914 899 965 sine
916 915 997 964 taedio
1007 915 1180 980 acquiescere

58 992 87 1033 et
102 998 147 1032 me
161 982 221 1033 sine
234 981 395 1048 negligentia
409 983 551 1034 emendare
559 999 568 1047 3
593 993 623 1034 ut
638 984 746 1035 tandem
759 985 789 1034 in
805 986 920 1035 adventu
934 985 1063 1035 claritatis
1077 995 1130 1035 tuae
1144 985 1178 1035 ad

57 1055 202 1120 judicium,
215 1065 242 1106 te
256 1055 437 1115 benedictum,
452 1057 485 1106 ad
499 1058 606 1122 plenam
621 1068 743 1108 nostram
755 1059 978 1124 redemptionem,
994 1058 1046 1108 hoc
1060 1068 1101 1109 est
1115 1073 1179 1124 per-

56 1125 155 1178 fectam
169 1127 289 1193 corporis
305 1138 330 1177 et
344 1128 442 1178 annuae
450 1128 600 1180 libertatem
611 1129 754 1181 mauideste
767 1130 930 1191 venientem,
944 1131 1025 1183 laetus
1034 1130 1178 1197 aspiciam3

58 1211 87 1251 et
98 1217 163 1251 cum
171 1201 263 1252 electis
277 1201 333 1252 tuis
344 1213 370 1251 te
381 1201 439 1252 sine
452 1201 506 1252 fine
518 1203 685 1255 benedicam.
703 1205 801 1256 Amen.

441 1691 608 1762 CAPUT
641 1691 794 1765 XXXIX

150 1992 204 2059 De
226 1989 343 2080 siguis
365 1992 532 2060 adtentus
553 1989 699 2061 Domini
721 2001 757 2058 et
778 1987 1091 2059 consenum-ationis

560 2105 680 2175 seculi.
925 2118 928 2124 ·

144 2409 290 2472 Matthaei
310 2429 376 2490 cap.
403 2429 455 2490 24,
481 2408 583 2471 Marci
607 2428 675 2489 cap.
697 2411 734 2471 13
756 2420 787 2470 et
816 2407 911 2469 Lucae
942 2426 1010 2488 cap.
1041 2426 1093 2467 er.

95 2699 598 2749 rPenmcrru-nnnsrnucrrormnr.
625 2713 629 2740 ι
653 2695 725 2761 quod
747 2711 794 2744 nec
819 2694 886 2759 rapi,
911 2708 959 2744 nec
981 2691 1064 2742 everti
1084 2705 1189 2760 posset,

65 2800 94 2811 -
108 2770 148 2822 Et
167 2785 232 2820 cum
250 2769 385 2819 Dominus
397 2770 478 2819 ,lesus
503 2769 596 2818 eadem

66 2841 134 2894 laria
145 2842 229 2892 tertia
250 2855 379 2906 egressus
399 2852 468 2890 esset
481 2841 514 2891 de
528 2848 598 2890 tem-

66 2914 120 2980 plo¹
147 2913 211 2979 ipso
237 2927 346 2977 egressu
366 2910 508 2976 designans
522 2910 596 2976 quod

64 2986 178 3047 dixerat,
200 2984 300 3035 scilicet
315 2985 428 3034 domum
443 2985 598 3034 ludaeorum

65 3058 251 3117 deserendam,
265 3057 292 3106 id
302 3067 341 3107 est
351 3057 484 3107 civitatem
497 3066 524 3106 et
534 3066 600 3106 tem·

65 3131 155 3195 plum,
167 3127 295 3194 discipuli
309 3127 473 3177 admirantes
488 3127 511 3177 si
528 3136 598 3176 tem·

65 3200 143 3265 plum
165 3209 246 3249 tantae
268 3198 478 3264 pulchritudinis
496 3208 522 3247 ct
541 3197 599 3248 for-

64 3272 193 3324 itudinis
220 3273 420 3331 destrueretur,
450 3271 477 3320 id
503 3279 543 3321 est
565 3271 599 3320 acl

65 3343 186 3394 nihilum
198 3342 372 3408 redigeretur,
389 3342 561 3393 ostenderunt
574 3343 599 3392 εἰ

64 3414 260 3482 edificationes
280 3414 378 3478 templi,
404 3429 459 3462 non
482 3413 598 3478 ignotas,

65 3486 112 3536 sed
130 3495 263 3550 tanquam
283 3484 465 3543 admirandas,
489 3493 521 3532 ut
539 3498 600 3547 pro-

64 3566 123 3623 pter
138 3555 310 3606 nobilitatem
323 3564 349 3605 et
368 3553 597 3620 magnificentiam

64 3627 253 3687 edificiorum,
271 3642 331 3693 quae
353 3627 386 3677 ad
404 3626 526 3676 divinum
540 3628 599 3676 cul-

66 3710 126 3751 tum
138 3700 210 3751 facta
222 3710 308 3762 erant,
325 3698 474 3748 flecteretur
494 3699 527 3748 ad
544 3697 600 3747 mi-

66 3771 267 3834 sericordiam,
282 3781 308 3821 et
334 3770 468 3836 mitigaret
492 3785 600 3834 poenam

66 3843 270 3893 comminatam.
294 3841 442 3892 Videbatur
461 3841 543 3889 etiam
559 3839 601 3891 eis

652 2770 694 2818 vel
722 2768 824 2818 dirimi.
847 2767 918 2816 Non
944 2764 1129 2832 respiciebant,
1150 2769 1185 2818 nl

653 2839 747 2905 templi
760 2838 939 2896 sanctitatem,
953 2837 999 2886 sed
1014 2837 1047 2886 ad
1062 2835 1186 2891 redificio-

653 2929 714 2962 rum
729 2911 925 2977 pretiositatem
941 2920 967 2960 et
981 2909 1185 2973 fortitudinem

653 2984 692 3032 sic
727 2982 808 3033 hodie
837 2983 917 3032 multi
949 2982 1011 3047 plus
1044 2981 1189 3034 attendunt

652 3055 685 3105 ad
712 3055 816 3104 cultum
854 3053 976 3104 Ecclesia>
1007 3053 1188 3118 corporalem,

653 3143 735 3193 quem
756 3127 934 3193 spiritualem.
954 3127 1031 3178 Unde
1053 3127 1191 3194 Hierony-

653 3213 711 3248 mus
736 3217 743 3249 :
771 3218 785 3245 <r
810 3199 932 3249 Gemmis
960 3198 1053 3249 altaria
1074 3198 1189 3262 fulgent,

653 3279 679 3321 et
703 3269 894 3321 ministrorum
920 3270 972 3321 Dei
991 3270 1069 3321 nulle
1090 3267 1188 3318 electio

653 3351 702 3390 est.
728 3340 780 3390 Sed
809 3340 975 3391 contrarium
1001 3339 1052 3390 fuit
1079 3338 1108 3386 in
1130 3337 1188 3402 pri-

653 3411 747 3460 mitiva
775 3412 914 3475 Ecclesia,
948 3411 1012 3476 quia
1036 3409 1124 3472 maior
1147 3407 1189 3458 vie

652 3484 732 3535 fiebat
745 3483 774 3535 in
789 3495 885 3535 ornatu
901 3482 1045 3550 spirituali,
1060 3496 1145 3546 quam
1158 3479 1188 3530 in

654 3554 793 3605 materiali.
812 3575 826 3602 u
848 3556 925 3606 Unde
944 3558 971 3604 el
987 3552 1186 3617 Augustius:

654 3644 667 3671 u
682 3625 766 3685 Olim,
778 3635 855 3676 erant
871 3625 983 3689 parietes
1005 3621 1131 3673 Ecclesiae
1144 3621 1189 3673 ri-

654 3699 703 3757 les,
717 3707 743 3748 et
761 3696 811 3748 viri
828 3696 952 3761 pretiosi;
968 3694 1059 3753 modo,
1081 3708 1095 3743 e
1119 3709 1186 3744 ton·

653 3784 739 3818 verso.
779 3768 903 3819 Ecclesiae
937 3765 1038 3832 quippe
1073 3770 1185 3821 ornatus

655 3855 710 3890 non
725 3848 765 3890 est
788 3839 818 3888 in
833 3837 952 3888 aedificiis
976 3846 1003 3887 et
1024 3834 1184 3894 redditibus,
