2632 4320
377 246 426 296 DE
439 244 645 296 sarlatione
663 246 841 298 LUNATlCl.
1139 251 1169 303 31

71 361 200 412 recidivum
229 361 297 427 pati,
312 371 338 412 et
361 361 521 427 contingant
538 360 588 411 tibi

10 470 20 504 Ξ
69 431 201 483 laenora:
219 453 233 480 n
249 434 306 482 baec
320 433 488 483 Bernartius.
513 432 589 482 Unde

69 513 87 554 et
105 505 251 569 Apostolus
273 504 395 554 hortatur
414 518 465 554 nos
479 518 487 551 τ
503 503 547 554 Ne
561 503 588 552 in

10 615 19 647 Ι
67 591 163 628 mnam
200 578 324 642 gratiam
359 577 412 627 Dei
439 576 587 641 recipiatis.

68 649 100 701 llle
121 650 197 700 enim
224 651 336 716 gratiam
353 650 400 700 Dei
423 649 452 700 in
474 664 588 700 vacuum

10 768 16 788 ‚
66 719 156 786 ncipit,
173 721 224 786 qui
252 721 331 770 sein
356 720 434 770 bonis
461 720 588 785 operibus

10 828 15 860 ξ
65 808 108 843 mn
145 805 264 856 exercet;
293 794 365 843 unde
402 793 426 843 si
461 794 588 844 volumus

10 894 13 928 :
64 863 124 928 quod
148 863 235 930 gratia
255 863 304 913 Dei
320 863 349 912 in
373 862 453 913 nobis
474 879 529 912 non
544 878 587 912 re-

64 944 157 984 naneat
182 949 276 992 vacua,
298 949 404 984 necesse
421 943 462 984 est
483 944 514 984 ut
528 949 585 983 earn

63 1003 129 1054 bonis
154 1004 286 1070 operibus
312 1013 338 1054 et
359 1003 488 1055 virtuosis
508 1019 586 1054 exer-

62 1074 121 1126 citiis
154 1076 327 1137 nutriamus,
347 1084 374 1124 ct
401 1090 451 1125 nos
477 1090 492 1124 a
513 1075 587 1125 vitiis

61 1147 245 1197 custodiamus.
278 1147 414 1196 Debemus
449 1145 530 1195 etiam
557 1145 586 1194 in

61 1217 191 1284 preceptis
207 1217 265 1277 uei,
280 1228 306 1267 et
328 1217 357 1266 in
376 1216 504 1266 omnibus
518 1231 585 1281 ope-

59 1285 126 1338 ribus
154 1287 256 1338 nostris
279 1289 431 1348 attendere,
457 1303 511 1337 non
539 1302 586 1336 so-

60 1357 109 1408 lum
136 1369 167 1410 ut
205 1373 236 1410 ea
265 1359 413 1420 faciamus,
439 1357 585 1408 sedetiam

10 1444 12 1453 ·
59 1439 85 1480 ut
102 1445 133 1482 ea
162 1431 313 1481 secundum
339 1431 504 1481 voluntatem
539 1427 587 1478 Dei

58 1499 211 1567 dirigamus.
246 1502 322 1553 Unde
351 1501 474 1551 Basilius
509 1498 588 1564 ponit

57 1573 205 1638 exemplum
222 1572 256 1622 de
278 1571 354 1622 fabro
372 1570 486 1620 faciente
508 1585 587 1620 secu-

55 1641 112 1702 rim,
129 1644 171 1693 vel
194 1642 324 1709 quiddam
347 1641 435 1701 aliud,
450 1640 497 1706 qui
520 1655 588 1691 sem-

56 1727 98 1776 per
106 1713 232 1764 meminit
242 1714 300 1777 ejus
315 1713 363 1778 qui
379 1712 496 1776 injunxit
506 1726 585 1777 opus,

55 1793 80 1834 et
95 1785 191 1836 retinet
215 1786 243 1835 in
263 1785 343 1835 corde
363 1800 413 1834 suo
437 1785 511 1849 cuius
526 1799 586 1834 ma-

57 1853 213 1918 gnitudinis,
228 1855 271 1904 vel
296 1853 442 1920 qualitatis,
463 1853 505 1902 vel
530 1853 587 1903 for-

57 1940 108 1976 mae
131 1925 174 1976 ille
196 1926 343 1992 injunxerit
371 1925 428 1975 fieri
453 1925 585 1986 securim;

57 2006 81 2047 et
92 1996 120 2046 in
143 1995 210 2047 illud
230 2013 338 2063 semper
356 1997 496 2047 intendens
513 1996 587 2062 quod

56 2066 102 2118 sibi
119 2068 248 2118 meminit
263 2084 279 2119 a
293 2068 406 2121 domino
428 2067 517 2133 operis
541 2067 586 2116 in-

56 2140 183 2204 iunctum,
202 2142 236 2192 ad
261 2142 313 2192 hoc
340 2141 433 2207 dirigit
454 2156 586 2191 manuum

56 2213 245 2273 ministerium,
260 2225 290 2266 ut
304 2215 390 2265 forma
411 2215 499 2280 operis
523 2230 586 2264 cum

56 2285 108 2349 eius
121 2285 170 2352 qui
185 2285 304 2351 injunxit
315 2286 405 2335 animo
420 2296 446 2336 et
459 2286 586 2335 volunta-

56 2356 237 2408 teconveniat.
251 2357 295 2407 Sic
307 2368 333 2407 et
349 2372 398 2407 nos
409 2371 520 2406 omnem
537 2372 586 2406 co-

55 2436 141 2479 murm
159 2437 188 2479 et
200 2444 282 2479 omne
296 2428 418 2479 studium
435 2428 465 2478 in
483 2427 587 2478 actibus

56 2501 149 2551 rostris
164 2502 266 2552 habere
279 2502 418 2560 debemus,
434 2511 464 2552 ut
488 2517 586 2552 secun-

55 2571 116 2622 dum
128 2573 298 2623 voluntatem
320 2573 379 2635 Dei,
394 2573 442 2639 qui
458 2589 527 2639 opus
542 2573 586 2622 in-

55 2641 145 2706 iunxit,
170 2653 295 2694 nostrum
324 2643 472 2710 dirigamus
503 2658 584 2709 opus;

55 2721 79 2762 et
102 2722 166 2764 tunc
196 2715 345 2780 poterimus
374 2715 487 2781 implere
519 2714 586 2765 illud

56 2785 173 2850 Apostoli
199 2802 206 2835 ε
229 2786 294 2836 Sive
321 2787 507 2849 manducatis,
530 2787 586 2837 sive

56 2853 158 2918 libitis,
194 2855 252 2906 sire
277 2857 353 2907 aliud
380 2856 444 2922 quid
462 2856 585 2921 sacius,

56 2930 138 2979 moria
158 2928 197 2978 ad
210 2929 330 2994 gloriam
346 2929 397 2980 Dei
407 2929 505 2994 facite.

83 2998 100 3050 6
116 3001 177 3052 Cun
192 3017 427 3059 rnrournnnonas
440 3018 467 3052 nr
483 3019 586 3053 resumo

55 3088 160 3124 ηκτοι
175 3090 208 3124 ar
228 3090 360 3124 onrrrons
371 3090 435 3124 auci
451 3073 587 3126 rossuur?

54 3143 129 3195 -Et
151 3143 245 3194 subdit
271 3145 419 3204 Dominus,
444 3146 587 3195 ostendens

54 3215 189 3280 quomodo
216 3216 376 3280 protervitas
408 3215 510 3266 diaboli
538 3231 587 3266 su-

55 3295 167 3348 peretur,
193 3295 221 3335 et
234 3285 299 3336 dicit
312 3302 319 3335 ι
332 3286 394 3336 Hoc
416 3298 502 3351 genus
527 3286 587 3336 dae-

55 3355 209 3419 aioariorum,
232 3355 261 3406 in
283 3355 380 3421 spiritu
404 3364 430 3406 et
446 3370 524 3406 carne
546 3356 587 3406 si-

56 3428 117 3489 mul,
132 3429 288 3481 secundum
308 3444 417 3480 causam
433 3428 587 3491 radicatam,

56 3500 128 3564 quie
148 3501 352 3567 supradictum
375 3510 433 3561 est,
456 3501 484 3550 in
504 3501 587 3564 nullo,

57 3571 190 3634 potestatis
205 3571 334 3631 remedio,
355 3571 385 3622 id
404 3582 445 3623 est
465 3571 494 3621 in
516 3573 590 3623 nulla

58 3650 199 3704 potestate,
242 3641 342 3695 scilicet
379 3643 588 3705 ministrorum,

55 3718 138 3775 polest
161 3713 250 3776 exire,
276 3713 313 3773 ita
326 3714 398 3780 quod
419 3729 475 3764 non
493 3714 589 3764 habeat

59 3792 211 3844 potestatem
227 3783 256 3834 in
272 3784 392 3846 homine,
408 3785 461 3836 nisi
477 3786 503 3836 in
524 3799 589 3835 ora-

59 3850 136 3919 tione,
161 3869 224 3922 quae
253 3865 328 3907 curat
351 3866 438 3921 pestes
464 3855 586 3922 spiritus,

643 361 786 429 etjejunio,
802 363 874 428 quod
889 375 963 415 curat
976 373 1064 430 pestes
1079 381 1176 432 corpo-

643 435 695 496 ris3
715 449 775 499 quae
791 435 891 485 scilicet
905 437 992 487 oratio
1007 448 1034 487 et
1043 438 1175 503 jejunium

642 519 705 556 sunt
720 507 830 557 effectus
843 507 905 559 fidei
922 509 1056 570 ferventis,
1077 527 1107 561 ac
1126 527 1174 576 per

641 578 776 627 caritatem
805 578 928 630 formatae
966 592 992 632 et
1028 582 1174 648 operantis.

643 649 719 698 Unde
742 648 848 699 videtur
874 652 946 716 quod
969 668 1002 702 ex
1020 656 1128 718 crapula
1149 665 1176 705 et

641 719 768 770 ebrietate
791 721 917 789 morbum
940 722 1019 774 illum
1047 724 1175 776 incurris-

640 803 688 842 set.
711 793 774 843 Haec
800 793 881 844 etiarn
912 806 1014 861 poterat
1038 812 1096 848 esse
1122 799 1175 849 alia

640 879 728 923 causa,
745 877 852 931 propter
869 882 951 932 quam
969 868 1095 934 discipuli
1118 887 1173 922 non

641 946 785 1000 potuerunt
811 952 873 987 eum
903 938 1003 1002 eiicere.
1030 940 1173 992 Daemones

640 1005 712 1055 enim
731 1023 786 1057 non
802 1019 868 1058 sunt
889 1010 1005 1073 aequales
1029 1009 1057 1058 in
1076 1011 1175 1063 virtute

640 1080 772 1143 naturali;
790 1092 816 1132 et
832 1082 893 1133 ideo
911 1098 982 1131 unus
1001 1082 1053 1132 alio
1072 1085 1172 1134 diffici-

640 1150 693 1200 lius
708 1161 795 1216 potest
808 1152 913 1218 expelli.
927 1154 968 1202 Ad
984 1155 1171 1218 expulsionem

640 1233 729 1272 autem
753 1223 832 1275 istius
855 1225 1040 1291 requirebatur
1067 1226 1096 1275 in
1123 1243 1173 1277 ex-

640 1295 756 1359 pellente
780 1297 908 1360 subjectio
930 1298 1016 1347 carnis
1037 1298 1069 1346 ad
1088 1298 1173 1362 spiri-

641 1376 708 1428 tum,
725 1382 786 1432 quae
807 1366 838 1418 fit
858 1384 906 1433 per
923 1369 1066 1433 jejunium3
1084 1379 1112 1419 et
1125 1371 1175 1422 ele

640 1436 710 1485 vatio
724 1437 836 1502 spiritus
851 1438 879 1488 in
894 1439 990 1499 Deum,
1004 1451 1065 1506 quae
1082 1439 1113 1490 fit
1128 1456 1175 1506 per

640 1507 788 1557 orationem
804 1525 810 1557 z
826 1508 889 1558 ralia
911 1518 1000 1559 autem
1021 1526 1077 1560 non
1099 1521 1175 1562 erant

640 1579 727 1628 adhuc
742 1579 769 1628 in
785 1579 931 1644 Apostolis‚
944 1580 1009 1646 quia
1033 1596 1082 1646 pro
1101 1592 1175 1632 tem-

640 1664 704 1714 pore
725 1650 773 1699 illo
795 1665 850 1700 non
865 1651 1031 1716 competebat
1051 1651 1090 1701 eis
1108 1653 1176 1717 jeju-

641 1737 704 1772 nare
728 1734 837 1788 propter
866 1723 1039 1788 praesentiam
1062 1727 1175 1789 sponsi,

642 1808 689 1842 nec
713 1803 787 1842 erant
806 1793 893 1843 adhuc
912 1794 941 1843 in
957 1795 1042 1843 Deum
1063 1795 1177 1859 perfecte

641 1862 747 1925 elevati;
764 1861 872 1913 fuerunt
887 1864 960 1913 enim
981 1865 1062 1913 rudes
1078 1874 1105 1914 et
1119 1865 1175 1915 im·

641 1932 759 1998 perfecti,
781 1949 924 2000 usquequo
943 1943 1003 1999 post
1021 1934 1175 1986 Passionem

640 2015 794 2069 receperunt
809 2007 956 2071 pleniorem
977 2005 1095 2071 Spiritus
1107 2007 1176 2056 San-

639 2075 676 2124 cti
694 2075 816 2140 gratiam.
840 2076 899 2135 Vel,
920 2090 970 2126 nor
994 2076 1102 2142 ejicitur
1117 2077 1172 2126 rni-

641 2144 787 2194 nistrorum
802 2155 938 2210 potestate,
955 2147 1008 2195 nisi
1025 2147 1053 2196 in
1068 2147 1175 2198 oratio·

640 2229 672 2264 ne
694 2214 822 2279 injuncte,
839 2222 866 2266 et
878 2216 983 2282 jejunio
997 2216 1132 2280 injunct0;
1147 2227 1173 2267 et

638 2286 690 2335 hoc
702 2278 853 2336 omiserunt
865 2286 996 2350 Apostoli,
1016 2297 1043 2336 et
1061 2287 1098 2336 sic
1120 2285 1174 2338 fuit

639 2374 713 2408 error
731 2358 811 2408 clavis
831 2358 990 2409 adhibendae
1011 2358 1045 2408 ad
1068 2359 1172 2409 daemo-

641 2444 702 2478 nem
727 2428 940 2488 excludendum,
972 2428 1041 2478 sicut
1083 2430 1172 2479 adhuc

640 2500 718 2550 multi
739 2509 836 2558 errant,
856 2514 887 2550 eo
907 2499 979 2565 quod
994 2498 1112 2548 clavibus
1126 2515 1172 2550 se-

639 2573 758 2622 cundum
769 2570 889 2620 debiturn
900 2570 1022 2619 ordinem
1033 2571 1172 2634 potestatis

639 2662 690 2696 non
712 2655 835 2694 utuntur.
855 2642 933 2702 Quod
959 2642 1032 2692 enirn
1048 2642 1172 2694 minister

640 2728 751 2782 usurpet
763 2715 815 2766 sibi
830 2723 986 2780 potestatem
1005 2713 1125 2764 divinam
1146 2723 1173 2766 et

640 2789 799 2848 absolutam,
826 2785 877 2836 hoc
900 2785 966 2834 dicit
984 2786 1172 2852 Hieronymus

639 2875 696 2910 esse
716 2861 749 2909 de
767 2857 910 2923 supercilio
926 2857 1131 2920 Pharisaeorum,
1147 2867 1173 2908 et

640 2929 765 2996 superbia
793 2927 918 2987 Luciferi,
933 2927 982 2994 qui
1002 2927 1061 2977 sine
1076 2927 1173 2978 merito

640 3017 716 3051 suam
724 3000 814 3049 sedem
825 2998 910 3048 voluit
925 2998 1048 3048 collocari
1059 2997 1087 3046 in
1103 3014 1175 3048 sum-

640 3089 694 3124 mo.
710 3072 862 3123 Secundum
880 3071 1113 3138 Chrysostomum,
1129 3071 1175 3121 di·

640 3144 675 3193 cit
690 3161 696 3192 :
712 3144 773 3192 Hoc
784 3156 878 3207 genus,
898 3157 952 3191 non
972 3151 1077 3191 tantum
1093 3142 1174 3190 luna-

639 3216 762 3272 ticorum,
778 3213 823 3264 sed
845 3212 1032 3263 universaliter
1051 3212 1173 3261 omnium

641 3285 840 3348 daemoniorum,
860 3299 911 3334 non
926 3283 1040 3350 ejicitur,
1055 3282 1108 3332 nisi
1122 3295 1173 3346 per

640 3357 789 3408 orationem
807 3355 977 3421 etjejunium,
992 3353 1057 3419 quia
1068 3365 1174 3414 semper

640 3429 764 3478 diabolus
778 3437 943 3492 peccatorem
958 3424 1098 3484 inhabitat,
1120 3418 1174 3471 nisi

642 3515 688 3565 per
702 3496 888 3565 poenitenti'arn
905 3497 938 3547 ad
952 3494 1099 3546 Dominum
1113 3507 1176 3541 con·

641 3582 770 3631 vestatum
784 3578 810 3619 et
824 3579 925 3635 quanto
941 3566 1028 3632 magis
1042 3563 1174 3627 differtur,

643 3653 717 3694 tanto
731 3640 869 3691 difficilius
880 3638 1029 3706 expellitur.
1045 3634 1122 3684 Circa
1131 3650 1176 3686 au-

643 3725 697 3766 tem
717 3712 854 3780 praemissa
873 3711 940 3761 dicit
967 3708 1176 3773 Hieronymus:

644 3803 658 3831 u
674 3785 745 3833 Dum
759 3792 848 3832 autern
862 3781 938 3830 docet
953 3776 1096 3841 Apostolos
1111 3791 1176 3843 quo·

644 3846 725 3904 modo
750 3850 935 3916 nequissimus
960 3849 1067 3898 daemon
1091 3846 1176 3913 possit
