2632 4320
127 311 180 378 374
258 384 261 388 ι
440 306 617 358 SECUNDAE
631 304 758 356 Pnths
771 305 890 358 CAPUT
906 306 951 358 Ll.

127 441 182 477 nou
195 426 365 491 desperarent
374 423 415 473 vol
429 421 580 483 deficerent,
591 422 656 489 quia
710 421 796 471 Deum
812 421 866 471 sibi
888 422 1037 488 propitium
1057 420 1153 488 utique
1168 421 1248 472 inre·

126 497 165 547 sic
178 496 292 562 agendo,
304 504 331 545 et
343 494 373 545 in
386 495 439 544 lroc
449 494 654 559 perseverando,
710 493 815 544 nirent!

619 717 758 768 nanno
775 777 778 785 ,

162 887 279 938 Domine
291 888 353 938 Jcsu
366 886 483 948 Christe,
497 887 577 952 judex
588 885 712 936 vivorum
729 894 756 936 et
769 894 951 945 mortuorum,
966 884 996 934 in
1011 893 1132 934 extremo
1150 883 1250 947 judicio

132 972 176 1007 me
188 973 203 1008 a
219 958 335 1009 dexteris
348 958 479 1008 collocare
491 956 622 1023 digneris,
640 965 666 1006 et
677 965 742 1006 tunc
756 955 876 1006 auditam
887 955 929 1006 fac
941 954 1010 1004 mihi
1027 954 1103 1004 illam
1118 953 1250 1004 dulcissi-

132 1043 205 1079 mam
219 1044 312 1079 vocem
328 1037 412 1088 tuam,
425 1043 506 1093 quam
522 1027 670 1093 promisisti
682 1025 773 1077 electis
786 1026 850 1086 tuis,
865 1026 981 1076 dicens:
1004 1025 1104 1087 Venite,
1119 1025 1251 1075 benedicti

130 1098 226 1150 Patris
250 1099 310 1163 mei,
333 1099 467 1166 percipite
490 1113 621 1164 regnum
637 1107 664 1148 et
679 1095 719 1146 fac
734 1106 763 1147 ut
777 1112 834 1146 non
847 1096 958 1146 timeam
974 1095 1008 1146 ab
1028 1093 1171 1145 auditione
1182 1095 1251 1146 mala

130 1185 212 1236 quam
227 1170 406 1220 comminatus
420 1184 448 1219 es
468 1169 599 1234 reprobis,
618 1168 712 1218 dicens
724 1185 732 1218 ι
745 1167 795 1230 lte,
811 1166 956 1227 maledicti,
970 1167 996 1216 in
1010 1165 1102 1232 ignem
1110 1173 1250 1217 etenum.

130 1244 154 1294 Ο
168 1243 308 1310 unigenite
326 1243 377 1294 Fili
393 1242 452 1300 Dei.
470 1243 598 1293 miserere
610 1241 698 1292 nostri
714 1257 748 1292 ne
761 1257 882 1307 unquam
896 1242 971 1291 illam
991 1256 1097 1306 poenarn
1111 1239 1249 1292 incurabi-

128 1318 181 1368 lem
203 1317 381 1384 experiamur,
396 1316 496 1367 scilicet
512 1316 659 1368 excideres
671 1315 745 1382 regni
758 1315 890 1382 gloria,et
900 1314 1024 1366 comburi
1035 1315 1251 1381 gehennalium

130 1404 216 1450 meus,
231 1387 416 1439 misericordia
429 1403 497 1438 mea.
511 1389 610 1439 Amen.

569 1766 737 1838 CAPUT
761 1766 810 1833 LI

188 2021 241 2090 Dc
258 2020 394 2090 Pascha
417 2028 448 2086 et
472 2017 626 2089 diversis
639 2019 740 2105 hujus
759 2018 912 2090 nominis
934 2018 1204 2111 acceptionibus

542 2262 686 2325 Matthaei
708 2282 775 2346 cap.
799 2266 850 2326 26.

725 2498 842 2549 maxime
864 2507 953 2549 tamen
978 2497 1111 2549 exaltatus
1131 2499 1162 2550 in
1183 2514 1254 2550 cruce

725 2586 805 2621 mons
827 2571 935 2631 dicitur,
957 2571 1062 2622 ratione
1080 2572 1255 2624 sublimitatis

725 2641 814 2692 meriti
834 2658 891 2693 suae
909 2643 1099 2694 sacratissime
1112 2645 1254 2696 Passionis

172 2515 181 2549 1
195 2498 329 2550 Cnarsros
337 2513 385 2548 ssr
396 2511 571 2547 maurusam
582 2511 671 2546 nom

143 2585 331 2621 nonannrun.
356 2597 387 2607 -
413 2568 499 2626 Nunc,
523 2567 671 2617 secundum

139 2641 345 2706 Hieronymum,
372 2653 544 2705 aspergamus
558 2639 591 2688 de
607 2653 672 2688 san-

140 2711 223 2777 guine
245 2710 347 2760 librum
370 2720 504 2767 nostrum,
529 2720 555 2759 et
578 2709 672 2760 limina

141 2782 294 2840 domorum,
312 2789 339 2830 et
360 2780 452 2829 funem
474 2779 672 2830 circumdemus

142 2851 297 2903 coccineum
312 2850 405 2900 domui
418 2850 549 2901 orationis
563 2860 671 2910 nostrae,

142 2934 168 2976 et
188 2939 297 2975 coccum
313 2923 342 2974 in
356 2939 438 2974 manu
453 2933 544 2994 nostra¹
557 2931 588 2973 ut
606 2923 673 2973 Zara

141 2997 267 3065 ligemus,
287 3008 318 3049 ut
337 3013 442 3050 vaccam
461 2998 547 3049 rufam
562 2998 591 3048 in
605 2998 672 3048 ualle

142 3069 257 3121 occisam
284 3085 406 3120 enarrare
438 3069 593 3136 possimus3
619 3069 672 3134 jam

141 3139 214 3191 enirn
236 3139 319 3191 instat
334 3149 363 3190 ut
383 3139 416 3189 ad
439 3139 593 3190 Passionem
615 3140 672 3189 Do-

142 3211 209 3264 mini
225 3211 373 3271 veniamus,
389 3227 471 3278 quam
491 3222 563 3262 etex
578 3210 672 3262 affectu

144 3283 285 3352 inspicere,
307 3293 333 3334 et
354 3281 382 3331 in
398 3280 493 3332 effectu
509 3281 609 3332 imitari
625 3282 673 3333 de-

141 3356 248 3423 bemus,
271 3357 343 3422 juxta
362 3354 429 3404 illud
443 3353 530 3403 Exodi
545 3370 553 3403 ι
568 3353 673 3420 Inspice

142 3427 229 3494 cisae
242 3426 383 3478 secundnm
394 3423 536 3491 exemplar
543 3425 615 3489 quod
623 3423 673 3474 tibi

144 3496 170 3548 in
184 3505 272 3549 monte
284 3501 461 3548 monstratum
480 3500 529 3544 est.
548 3493 673 3544 Christus

141 3569 217 3621 enim
233 3580 273 3621 est
286 3579 415 3637 tanquam
431 3567 499 3618 liber
514 3565 673 3633 exemplaris

143 3643 177 3695 td
192 3644 268 3711 cujus
279 3644 413 3711 exemplar
426 3652 508 3693 totam
523 3641 606 3692 vitam
622 3656 673 3690 no-

143 3724 225 3766 ttrtm
239 3716 336 3766 ducere
349 3724 375 3765 et
386 3713 518 3780 corrigere
529 3712 670 3775 debemns3

144 3786 192 3838 etsi
217 3786 341 3839 Cltristus
364 3785 463 3852 saepius
483 3785 512 3834 in
537 3784 673 3850 Scriptura

144 3856 248 3911 dicatur
265 3874 354 3920 mons,
375 3857 478 3921 ratione
499 3855 671 3920 summitatis,

143 3926 203 3982 slve
226 3928 456 3982 excellentissime
482 3925 671 3994 perfectionis‚

726 2714 756 2764 ln
770 2713 822 2764 hoc
835 2729 899 2780 ergo
911 2724 1013 2774 monte,
1031 2715 1144 2766 Christo
1159 2715 1255 2767 scilicet

725 2783 869 2843 crucifixo,
903 2793 1082 2835 monstratum
1109 2795 1152 2836 est
1180 2785 1256 2837 nobis

725 2857 862 2922 exemplar
883 2856 1024 2924 diligenter
1054 2855 1255 2924 inspiciendum

726 2937 753 2978 et
764 2925 904 2978 efficaciter
920 2927 1093 2980 imitandum.
1109 2929 1174 2980 Non
1185 2929 1255 2980 enim

724 2999 825 3051 sufficit
852 3000 1008 3051 Christiano
1031 3000 1174 3054 Christum
1197 3017 1257 3070 pas·

726 3086 788 3121 sum
804 3070 946 3137 inspicere,
957 3086 1020 3122 nam
1035 3081 1061 3122 et
1072 3071 1127 3122 hoc
1142 3071 1258 3124 fecerunt

725 3141 809 3192 Judaei
827 3152 853 3192 et
873 3141 994 3192 Gentiles
1016 3141 1059 3192 sui
1078 3141 1257 3200 crucifixores,

726 3213 774 3263 sed
787 3211 904 3278 exigitur
917 3211 998 3263 etiam
1010 3214 1163 3264 secundum
1175 3228 1258 3265 exem

725 3284 783 3349 plar
798 3293 979 3334 monstratum
1000 3284 1104 3350 operari
1122 3295 1150 3335 et
1167 3283 1257 3336 facem.

725 3354 762 3405 Et
782 3354 835 3405 hoc
855 3365 895 3405 est
910 3355 983 3421 quod
1004 3353 1136 3405 indicitur
1152 3354 1259 3406 cuilibet

725 3423 798 3475 fideli
813 3424 841 3474 in
854 3426 945 3476 verbis
960 3424 1106 3491 propositis
1126 3441 1134 3475 r
1154 3425 1259 3492 inspice

725 3501 752 3545 et
759 3493 818 3560 sac.
832 3494 915 3554 Quasi
925 3494 1024 3545 diceret
1037 3510 1044 3544 :
1057 3495 1166 3562 Inspice
1175 3511 1260 3546 exem·

725 3566 784 3632 piar
796 3565 944 3616 Dominicae
959 3565 1094 3616 Passionis
1107 3565 1199 3632 ipsam
1211 3565 1259 3616 tibi

725 3653 773 3704 per
793 3637 917 3688 intimam
939 3637 1159 3703 compassionem
1172 3638 1259 3689 visce-

724 3707 815 3760 raliter
832 3709 1036 3776 incorporando,
1055 3716 1084 3761 et
1093 3709 1148 3776 sac
1162 3723 1258 3762 secten-

725 3781 787 3832 dum
807 3779 874 3830 illud
888 3781 1036 3846 exmplm,
1057 3780 1153 3847 ipsum
1166 3780 1257 3833 effica-

725 3850 791 3902 citer
799 3849 942 3900 imitando.
955 3851 988 3900 Et
1000 3861 1150 3918 utrumque
1159 3851 1259 3903 horum

726 3924 802 3975 docet
813 3923 906 3974 beatus
920 3923 1016 3973 Petrus
1032 3939 1039 3973 ε
1061 3923 1204 3987 Christus,
1219 3923 1260 3974 in·
