2632 4320
147 271 201 324 294
385 250 561 304 SECUNDAE
578 245 703 299 PARTIS
728 243 847 295 CAPUT
862 246 1004 297 xxxt'tu

147 369 298 436 neglexisti,
319 365 517 425 contradixisti,
538 362 683 430 impedivi-

145 442 191 500 sti,
212 441 278 506 quia
298 439 449 504 Prophetas
469 454 484 488 a
504 439 559 488 Deo
573 436 683 493 missos,

145 522 241 577 postea
248 511 380 561 loannem
389 506 683 573 baptistametultimo

145 584 296 635 Dominum
306 593 427 633 nostrum
438 583 530 632 lesum
541 580 682 632 Christum

147 664 174 705 et
196 656 254 718 ejus
280 653 428 718 discipulos
450 659 680 716 contempserunt,

147 723 204 773 imo
223 733 250 773 et
269 722 433 773 occiderunt.
455 724 494 772 Ac
512 721 536 771 si
556 719 680 769 diceret:

148 793 205 858 Ego
214 793 297 853 volui,
308 794 355 844 sed
365 803 395 843 tu
405 792 532 854 noluisti;
544 807 594 856 ego
605 790 680 856 quod

147 878 240 914 meum
261 875 301 915 est
317 864 376 923 feci,
398 864 443 914 sed
462 874 492 913 tu
512 863 586 928 quod
602 872 681 912 tuum

146 947 201 987 erat
218 953 270 987 non
283 936 387 1000 iecisti3
406 954 456 1003 ego
474 952 524 1002 pm
535 947 582 985 tua
594 935 681 986 salute

148 1007 296 1073 Prophetas
321 1007 354 1058 ad
378 1018 403 1057 te
424 1008 497 1065 misi,
520 1007 566 1057 sed
585 1016 615 1056 tu
633 1021 680 1056 eos

146 1080 316 1144 interfecisti,
337 1096 387 1145 ego
406 1080 439 1130 ad
455 1090 482 1130 te
496 1079 554 1144 ipse
566 1077 638 1136 veni,
654 1087 681 1128 et

145 1160 176 1201 tu
191 1166 234 1200 me
254 1151 372 1215 recipere
390 1150 510 1200 noluisti.
532 1149 598 1200 Tibi
616 1164 681 1214 ergo

147 1220 335 1287 imputandum
357 1231 383 1269 et
405 1231 458 1269 tuae
484 1219 601 1277 malitiae,
625 1235 680 1269 tion

146 1291 224 1341 mihi.
236 1292 260 1339 O
272 1290 378 1355 quoties
390 1306 439 1339 nos
448 1291 576 1339 admonet
586 1291 660 1338 Deus
673 1305 680 1338 :

146 1362 228 1411 modo
242 1360 389 1419 blanditiis,
412 1362 494 1410 modo
517 1361 681 1425 increpatio-

148 1432 239 1494 nibus,
252 1447 323 1481 nunc
337 1430 383 1490 sic,
399 1447 470 1480 nunc
483 1431 533 1491 sic3
549 1441 576 1480 et
585 1445 680 1495 purum

146 1501 327 1552 advertimus!
349 1502 382 1551 Et
403 1501 463 1550 ideo
475 1501 550 1551 valde
562 1500 682 1551 timenda

147 1581 188 1623 est
204 1573 282 1622 nobis
297 1588 374 1637 poena
388 1587 449 1638 quae
463 1572 595 1638 sequitur.

180 1659 211 1693 ra
225 1643 337 1695 Durrax
352 1660 426 1695 erasa
445 1662 460 1693 n
477 1644 597 1694 Camsro
613 1658 683 1692 rna·

147 1729 225 1766 mern
236 1731 244 1764 ι
255 1730 396 1766 suavansro
407 1730 536 1764 crvrrarrs
548 1730 580 1765 er
598 1730 684 1764 nran-

149 1803 184 1837 nn
205 1803 347 1838 nantario.
371 1817 400 1826 -
415 1788 537 1838 Tandem
558 1787 632 1838 enim
651 1802 684 1837 ex

149 1859 293 1924 multiplici
304 1875 397 1909 eorum
408 1860 496 1924 culpa,
504 1859 683 1924 multiplicem

147 1928 229 1979 etiam
242 1929 281 1979 eis
294 1929 474 1979 comminatur
491 1945 608 1994 poenam.
626 1928 685 1979 Pri-

148 2016 203 2063 mo,
224 2002 408 2066 temporalem,
429 2016 510 2066 quam
526 2002 588 2067 plus
605 2001 685 2052 time-

149 2070 212 2121 bant
220 2083 246 2121 et
257 2088 363 2137 semper
373 2071 561 2135 formidabant,
573 2073 684 2122 subver-

147 2140 254 2191 sionem
273 2141 374 2192 scilicet
395 2141 519 2203 civitatis
543 2152 569 2192 et
590 2142 684 2206 templi

148 2213 349 2273 desertionem,
369 2214 462 2264 dicens
485 2230 491 2263 :
514 2214 587 2265 Ecce
607 2214 687 2264 relin-

147 2290 242 2348 quetur·
264 2285 338 2335 vobis
359 2299 377 2334 a
394 2285 451 2334 Deo
470 2285 564 2334 donans
583 2291 683 2346 vestra,

147 2355 250 2407 scilicet
270 2359 402 2423 templum
418 2367 444 2407 et
456 2357 552 2408 civitas
568 2358 682 2416 deserta,

149 2425 212 2492 quia
228 2442 274 2492 per
289 2428 427 2478 Romanos
444 2426 556 2478 fuerunt
572 2428 683 2477 destru-

149 2507 202 2561 cta3
218 2499 321 2550 deserta
336 2499 445 2566 quidem
469 2510 496 2551 et
520 2501 620 2551 nudata
634 2515 685 2549 au-

148 2569 214 2622 xilio
228 2572 338 2635 Christi,
350 2574 413 2640 quia
423 2573 599 2625 habitatorem
611 2573 687 2624 Chri-

151 2650 224 2692 stum
250 2644 419 2710 reliquerunt
443 2660 473 2695 ac
501 2644 684 2710 perdiderunt,

152 2721 178 2761 et
190 2711 366 2763 hereditatem
378 2714 520 2780 praeripere
531 2714 684 2779 gestientes,

152 2780 277 2832 heredem
292 2784 454 2834 occiderunt.
471 2784 541 2851 Ergo
559 2784 685 2834 Christus

152 2861 208 2901 erat
219 2852 266 2918 qui
281 2864 359 2904 antea
371 2854 409 2904 eis
420 2854 588 2920 praesidebat,
602 2864 629 2904 et
639 2869 685 2904 eos

152 2935 233 2971 manu
250 2924 356 2975 tenebat
368 2941 397 2975 ac
420 2924 595 2990 gubernabat,
611 2933 639 2974 et
651 2923 686 2973 ab

151 2993 271 3044 hostium
297 2999 422 3048 manibus
445 2998 584 3063 eripiebat
608 2998 683 3058 Item,

150 3066 254 3117 deserta
275 3071 440 3135 Angelorum
463 3069 596 3133 custodia,
621 3069 686 3136 quia

150 3136 242 3188 auditu
256 3150 297 3190 est
313 3157 361 3191 vox
372 3141 399 3190 in
411 3143 512 3206 templo
526 3158 532 3190 :
548 3142 685 3191 Transea-

152 3225 213 3261 mus
227 3211 261 3261 ab
277 3213 320 3263 his
335 3214 453 3264 sedibus.
469 3214 693 3280 Mysticeetiam,

150 3280 249 3333 domus
264 3284 419 3335 ludaeorum
440 3287 544 3336 ‹leserta
559 3295 586 3336 et
604 3298 686 3334 vacua

150 3351 276 3405 derelicta
289 3366 339 3416 est,
354 3356 380 3405 id
396 3368 435 3406 est
451 3357 554 3422 indigni
573 3356 685 3406 habitu-

151 3421 215 3472 dine
234 3426 324 3476 Sancti
345 3426 463 3492 Spiritus
486 3434 685 3484 remanserunt,

151 3495 215 3561 quia
231 3497 259 3548 in
276 3499 460 3550 incredulitate
476 3510 685 3566 perseverantes,

152 3564 293 3618 Christum
324 3570 459 3636 hospitem
480 3586 535 3620 non
560 3584 687 3635 suscepe-

154 3649 227 3690 runt.
243 3640 294 3692 Ubi
308 3644 521 3712 Cluysostonrns
535 3659 543 3690 .·
559 3662 572 3689 a
588 3643 688 3693 Deser-

735 372 762 412 ta
774 373 841 412 esta
854 362 968 421 Sanctis,
977 363 1082 411 deserta
1091 375 1108 410 a
1120 361 1272 427 sanctitate,

735 449 751 482 a
760 433 824 497 fide,
837 450 854 484 a
864 434 981 491 caritate,
995 432 1106 498 agraria
1116 441 1144 482 et
1157 434 1268 500 Spiritu.

735 505 846 555 Deserta
859 505 978 570 denique
999 503 1033 552 ab
1050 505 1110 568 ipso
1130 504 1198 563 Deo,
1215 515 1269 557 eta

736 575 816 625 bonis
826 576 952 626 omnibus
963 591 1025 642 quae
1037 585 1104 625 sunt
1117 575 1178 625 Dei.
1192 595 1207 622 a
1217 576 1269 626 Ubi

734 659 761 698 et
782 650 941 716 Origenes.-
961 669 976 694 α
999 651 1112 714 Semper
1127 648 1210 699 etiam
1231 649 1270 700 eis

734 721 782 786 qui
803 723 946 771 noluerant
966 720 1120 786 congregari
1142 719 1195 769 sub
1217 721 1270 770 alas

733 793 800 856 ejus,
824 792 1005 842 comminatur
1030 791 1180 842 Christus:
1198 793 1270 842 Ecce

733 863 898 928 relinquetur
918 863 991 913 vobis
1008 863 1104 913 donans
1123 868 1216 912 nestra
1229 863 1271 913 de

733 940 818 996 serta,
841 934 869 983 id
893 945 934 984 est
955 950 961 983 :
983 935 1075 984 anima
1089 943 1116 982 et
1131 948 1240 998 corpus.
1255 953 1269 980 i

733 1035 763 1044 -
778 1007 880 1056 Deinde
894 1007 1076 1056 comminatur
1099 1005 1140 1056 eis
1162 1021 1270 1071 poenam

733 1088 870 1135 aeternam,
887 1089 1001 1143 quaeest
1021 1078 1137 1127 carentia
1156 1091 1214 1127 suae
1228 1077 1271 1126 ri-

733 1147 828 1208 sionis,
843 1148 897 1197 nisi
912 1163 928 1197 a
942 1148 1001 1198 suis
1015 1158 1206 1198 convertantur
1221 1162 1271 1196 ne-

733 1222 837 1289 quitiis,
861 1222 976 1272 dicens:
992 1222 1060 1272 Dico
1084 1221 1157 1272 enim
1185 1222 1269 1281 vobis,

734 1310 786 1344 non
813 1309 855 1344 me
876 1304 903 1343 et
921 1293 1018 1343 faciem
1040 1309 1128 1343 meam
1146 1292 1271 1343 videbitis

734 1367 830 1417 anaodo
844 1364 951 1424 abhoc,
965 1365 1067 1415 scilicet
1079 1375 1201 1430 tempore
1216 1365 1273 1414 Pas

734 1436 820 1486 sionis
833 1451 909 1498 mee,
922 1436 1005 1485 donec
1019 1435 1122 1484 dicatis
1136 1451 1144 1484 .·
1160 1434 1286 1485 Benedi.

735 1513 794 1557 ctus
811 1507 857 1572 qui
886 1506 958 1557 verrit
979 1505 1005 1554 in
1028 1505 1132 1555 nomine
1151 1503 1270 1566 Domini,

736 1577 764 1625 id
778 1586 818 1626 est
837 1577 921 1626 donec
944 1575 1022 1640 etiam
1047 1575 1126 1624 inviti
1142 1574 1270 1625 confitea-

737 1645 805 1695 mini
821 1662 865 1694 me
878 1661 937 1697 esse
944 1645 1088 1696 Christum
1098 1645 1271 1695 benedictum

736 1718 847 1778 Filium,
862 1734 877 1767 a
894 1720 970 1769 Patre
984 1718 1139 1776 missum,a
1155 1717 1271 1783 Prophe-

736 1790 772 1839 tis
800 1790 970 1854 praedictum3
1002 1790 1075 1856 quod
1099 1790 1152 1839 erit
1179 1788 1209 1838 in
1225 1788 1272 1839 ad-
1303 1804 1306 1809 ·

736 1871 821 1910 ventu
832 1860 960 1911 claritatis
979 1862 1010 1910 ad
1032 1860 1183 1925 iudicium3
1202 1858 1272 1909 unde

737 1931 899 1982 Zacharias:
914 1931 1053 1997 Aspiciam
1073 1931 1110 1981 ad
1131 1945 1181 1991 me,
1197 1943 1271 1996 quent

737 2001 916 2067 confixerunt.
929 2003 1031 2051 Revera
1043 2002 1118 2051 enim
1132 2011 1195 2066 post
1210 2001 1272 2050 Pas·

738 2073 843 2123 sionem
866 2089 943 2122 suam
956 2074 1029 2123 visus
1048 2084 1088 2123 est
1102 2089 1118 2123 a
1133 2070 1272 2138 discipulis

737 2154 763 2194 et
782 2144 877 2194 amicis
892 2144 967 2207 suis;
991 2145 1038 2194 sed
1057 2160 1143 2194 nona
1163 2142 1271 2194 ludais.

738 2216 796 2273 Vel,
811 2230 862 2266 non
883 2215 1007 2267 videbitis
1028 2231 1077 2278 me,
1103 2215 1133 2266 id
1158 2225 1200 2266 est
1220 2213 1271 2264 nisi

738 2285 831 2336 dicatis
842 2286 1005 2352 poenitendo,
1016 2297 1043 2337 et
1055 2302 1099 2336 me
1108 2285 1157 2336 Dei
1170 2285 1271 2336 Filium

739 2371 786 2421 per
810 2355 892 2407 fidem
912 2357 1063 2407 confitendo
1083 2373 1089 2406 :
1112 2355 1273 2407 Benedictus

738 2427 784 2492 qui
797 2427 867 2477 venit
884 2428 911 2477 in
925 2427 1031 2478 nomine
1047 2427 1168 2490 Domini,
1191 2426 1218 2476 id
1233 2435 1272 2476 est

738 2497 783 2547 hic
811 2508 851 2547 est
880 2498 1037 2547 benedictus
1069 2497 1118 2563 qui
1144 2496 1218 2547 venit
1244 2496 1272 2545 in

739 2573 883 2634 munium,
897 2587 944 2637 per
960 2571 1187 2631 lucarnationem,
1204 2571 1273 2621 mis-

739 2658 785 2692 sus
802 2659 816 2693 a
832 2645 924 2708 Patre;
948 2643 976 2692 in
990 2657 1046 2708 quo
1067 2643 1194 2692 innuitur
1207 2657 1273 2691 con·

738 2715 826 2765 versio
848 2715 1025 2780 reliquiarum
1046 2725 1110 2764 ante
1127 2715 1270 2765 adrentum

738 2788 770 2836 ad
785 2787 932 2852 judicium;
954 2797 1018 2836 tunc
1036 2787 1111 2836 enim
1126 2785 1208 2837 ludaei
1223 2785 1270 2851 qui

738 2857 768 2907 in
794 2857 848 2906 fine
880 2859 975 2907 mundi
1003 2857 1134 2908 credituri
1156 2866 1221 2909 sunt
1245 2857 1272 2906 in

738 2929 888 2988 Christum,
902 2928 1048 2979 laudabunt
1060 2938 1088 2978 et
1102 2927 1273 2979 confitebun-

739 3010 782 3050 tur
803 3002 904 3066 ipsum.

774 3070 803 3122 13
820 3075 897 3124 lasus
923 3087 1075 3123 nanantrua
1100 3089 1135 3123 na
1159 3087 1272 3123 amno.

738 3172 768 3182 -
784 3145 831 3204 Et,
852 3144 897 3194 his
919 3143 1008 3203 dictis,
1023 3157 1155 3207 egressus
1176 3142 1272 3194 Domi-

739 3231 792 3265 nus
803 3217 885 3265 Jesns
900 3215 933 3264 de
942 3213 1041 3280 templo
1055 3214 1114 3264 ibat
1124 3230 1192 3265 cum
1200 3212 1274 3264 disci·

739 3287 819 3351 pulis,
835 3287 862 3337 id
884 3298 925 3338 est
941 3288 1076 3338 recessita
1090 3288 1204 3339 ludaeis.
1222 3285 1271 3337 Ubi

740 3361 873 3426 Origenes
887 3377 897 3409 .-
911 3380 926 3408 u
945 3363 997 3412 Sed
1023 3372 1050 3411 et
1074 3362 1270 3428 unusquisque.

739 3446 802 3480 cum
816 3431 852 3480 sit
866 3433 1000 3496 templum
1013 3431 1072 3490 Dei,
1088 3443 1202 3498 propter
1211 3431 1271 3497 Spi-

739 3500 822 3550 ritum
836 3503 884 3551 Dei
899 3501 1096 3552 inhabitantem
1110 3503 1141 3555 in
1160 3519 1200 3567 se,
1219 3503 1270 3568 ipse

740 3570 770 3621 fit
787 3587 866 3622 causa
889 3588 947 3623 sure
967 3574 1141 3639 desertionis,
1160 3588 1193 3627 ut
1205 3590 1270 3642 egre

739 3642 828 3692 diatur
842 3643 968 3694 Christus
977 3646 1010 3695 ab
1023 3661 1067 3696 eo.
1081 3665 1096 3692 s
