2632 4320
120 247 156 301 36
424 250 598 303 SFCUNDAE
617 249 740 302 PARTIS
755 252 872 306 CAPUT
886 257 919 308 V.

118 365 252 416 tributum
272 379 328 414 non
342 363 394 416 fuit
408 376 500 417 contra
513 367 652 417 veritatem

117 436 236 502 justitiae,
264 436 334 498 vitae,
363 440 405 488 vel
426 439 567 503 doctrinae3
592 439 653 489 ideo

118 518 229 575 propter
244 508 400 558 scandalum
417 508 556 560 vitandum
568 510 653 560 voluit

117 579 244 631 Christus
257 580 307 630 hoc
319 581 391 631 dare.
402 582 562 632 Scandalum
575 582 653 647 quip-

118 667 151 719 pe
176 660 216 701 est
241 651 342 702 dictum
369 653 409 703 vel
433 653 532 704 factum
562 652 653 703 minus

118 731 231 783 rectum,
258 723 379 788 praebens
399 724 566 774 occasionem
593 723 652 773 rui-

120 807 172 856 nae3
201 794 359 844 scandalum
381 795 452 845 enim
474 795 573 854 Graece,
588 794 652 844 obi-

119 880 177 916 cem
192 874 271 916 sonat
285 866 386 918 Latine.
401 868 481 919 Unde
496 866 565 918 sicut
583 867 651 917 obex

119 939 148 989 in
160 939 205 991 via
218 941 251 990 de
272 956 300 991 se
320 941 402 992 habet
419 943 481 992 dare
502 941 651 992 ambulanti

118 1011 286 1062 occasionem
312 1013 397 1063 ruinae
427 1012 587 1077 corporalis3
612 1012 651 1062 sic

117 1082 219 1133 dictum
243 1085 284 1134 vel
312 1083 412 1134 factum
436 1083 526 1133 minus
547 1093 650 1133 rectum

117 1152 200 1204 habet
221 1155 284 1205 dare
306 1154 473 1205 occasionem
492 1153 578 1204 ruinae
592 1153 650 1217 spi-

116 1225 230 1276 ritualis.
252 1226 279 1275 Si
301 1241 363 1291 ergo
383 1226 510 1291 objicitur
530 1225 562 1276 de
578 1226 651 1275 Pha-

116 1301 211 1361 risaeis,
237 1301 309 1367 quod
332 1301 501 1351 scandalizati
526 1311 590 1351 sunt
618 1317 649 1350 ex

114 1372 200 1422 verbo.
229 1371 357 1432 Domini,
385 1381 416 1422 ut
441 1377 530 1438 supra'
546 1383 586 1422 est
606 1372 650 1422 di-

115 1450 199 1502 ctum,
221 1451 248 1492 et
265 1452 354 1492 tamen
374 1443 441 1493 illud
461 1445 573 1494 verbum
595 1459 649 1492 non

114 1524 170 1565 erat
180 1514 272 1564 minus
284 1525 403 1578 rectum3
418 1517 561 1567 dicendum
577 1517 649 1582 quod

114 1584 184 1635 obex
206 1584 348 1650 dupliciter
370 1586 500 1652 accipitur
521 1604 528 1637 :
553 1597 599 1636 aut
617 1602 649 1636 ex

114 1667 209 1708 natura
228 1657 266 1708 rei
281 1675 342 1725 quae
353 1659 486 1726 objicitur,
501 1669 531 1710 ut
547 1659 569 1710 si
585 1660 648 1726 quis

113 1727 230 1793 lapidem
249 1743 377 1794 magnum
396 1731 438 1780 vel
458 1730 562 1796 lignum
584 1745 667 1795 pro-¹

112 1797 185 1863 jiciat
199 1798 228 1849 in
243 1799 298 1862 via;
315 1811 361 1851 aut
375 1816 406 1850 ex
420 1800 487 1850 vitio
503 1802 647 1869 ambulan-

112 1873 149 1923 tis
171 1871 198 1922 in
213 1887 252 1931 ea,
267 1882 303 1930 ‚ut
322 1873 345 1922 si
368 1873 430 1938 quis
444 1873 580 1923 modicum
604 1874 646 1922 la—

112 1942 210 2009 pillum
232 1952 278 1992 aut
292 1942 386 1992 florem
399 1943 522 2008 projiciat
543 1943 571 1993 in
587 1943 646 2009 ipsa

111 2013 165 2064 via.
176 2013 267 2062 Primo
282 2014 364 2062 modo
378 2013 477 2063 dicitur
489 2014 644 2064 scandalum

112 2084 240 2143 activum,
253 2094 278 2134 et
291 2084 342 2134 hoc
360 2095 401 2135 est
416 2086 527 2135 mortale
549 2102 644 2150 pecca-

112 2164 183 2216 tum;
208 2155 324 2204 secundo
347 2155 428 2204 modo
452 2155 598 2221 passivum,
619 2168 644 2208 et

111 2235 198 2290 potest
227 2240 285 2275 esse
307 2225 409 2276 veniale
430 2238 577 2290 peccatum,
601 2229 643 2278 vel

110 2295 191 2345 etiam
212 2310 281 2360 opus
305 2295 484 2354 meritorium,
505 2297 577 2346 unde
592 2298 643 2347 bo-

110 2381 179 2414 num
204 2381 273 2431 opus
293 2365 326 2415 de
347 2380 445 2415 senon
468 2375 574 2430 praestat
595 2384 642 2417 oc-

109 2435 245 2486 casionem
273 2435 368 2499 ruinae,
388 2436 433 2485 sed
453 2450 485 2485 ex
507 2435 573 2486 vitio
598 2453 642 2487 ac-

107 2507 232 2574 cipientis
261 2507 328 2558 illud
356 2523 411 2557 non
434 2517 512 2558 recte.
541 2508 640 2574 igitur,

108 2588 138 2629 ut
163 2579 200 2629 ait
224 2579 375 2644 Gregorius
381 2618 390 2642 ,
417 2578 640 2630 considerandum

106 2659 157 2713 est,
181 2650 245 2715 quia
259 2650 433 2716 inquantum
459 2650 516 2700 sine
535 2663 649 2715 peccato.

106 2734 253 2786 possumus
266 2720 349 2769 vitare
365 2719 551 2785 proximorum
563 2737 641 2771 scan-

105 2790 207 2851 dalum,
228 2791 369 2854 debemus;
390 2789 413 2838 si
431 2800 521 2840 autem
541 2791 574 2840 de
592 2808 641 2841 ve-

105 2862 183 2914 ritate
206 2863 362 2912 scandalum
386 2861 513 2921 sumitur,
544 2861 639 2913 utilius

104 2935 177 2985 nasci
198 2935 352 2985 scandalum
368 2932 541 2999 permittitur,
556 2949 638 3000 quam

104 3008 203 3059 veritas
214 3007 389 3072 relinquatur.

137 3077 151 3127 5
177 3079 333 3128 Pauraaras
360 3077 467 3127 Dorum.
488 3107 518 3115 -
540 3079 638 3129 Consi-

101 3148 249 3201 derandum
264 3148 317 3209 hic,
331 3149 394 3215 quia
405 3148 549 3212 Dominus,
563 3152 638 3215 cuius

102 3229 167 3272 sunt
180 3218 280 3279 omnia,
297 3229 377 3269 tantae
393 3219 556 3285 paupertatis
576 3221 636 3271 fue-

101 3293 146 3355 rit,
161 3302 192 3344 ut
205 3293 276 3343 unde
295 3291 426 3343 tributum
447 3293 560 3343 solveret
579 3311 634 3344 non

99 3367 217 3419 haberet.
239 3366 312 3416 Licet
328 3366 402 3417 enim
424 3367 526 3417 loculos
549 3368 634 3418 habe-

98 3450 148 3499 ret,
166 3449 193 3491 et
212 3438 293 3490 ludas
314 3438 455 3502 pecuniam
471 3437 500 3488 in
517 3439 557 3488 eis
574 3456 633 3505 por-

97 3518 173 3570 taret,
199 3525 228 3560 ea
246 3518 335 3559 tamen
354 3523 414 3575 quae
436 3507 489 3558 sibi
510 3509 542 3558 ad
566 3526 632 3560 usus

96 3594 244 3646 pauperum
264 3581 324 3629 data
338 3589 421 3638 erant,
444 3579 470 3628 in
487 3593 553 3628 usus
568 3595 631 3631 suos

95 3665 144 3702 seu
164 3652 232 3703 alios
253 3660 407 3702 convertere
423 3649 497 3701 nefas
520 3663 630 3716 reputa-

93 3721 142 3782 vit,
164 3723 297 3789 nobisque
325 3722 478 3787 exemplum
506 3721 573 3773 utile
601 3723 629 3773 in

94 3794 146 3846 hoc
166 3794 261 3844 tribuit
280 3805 306 3846 et
325 3793 442 3860 reliquit.
460 3793 534 3859 Ergo
553 3795 575 3843 si
592 3795 629 3845 vi-

93 3882 160 3919 vens
191 3868 224 3918 de
256 3866 420 3933 patrimonio
450 3865 551 3917 Christi
582 3868 627 3918 in-

713 365 814 419 utiliter
845 372 972 436 expendit
1005 388 1047 424 res
1080 390 1242 440 pauperum,

710 446 816 490 tenetur
838 443 870 492 ad
891 443 1088 494 restitutionem
1114 456 1140 496 et
1163 448 1243 498 satis-

705 505 867 562 faciendum.
890 512 942 562 Sed
958 515 1097 579 quomodo
1112 530 1142 565 ea
1158 518 1240 567 resti-

705 584 771 637 tuet,
803 597 864 632 cum
896 599 950 633 non
984 583 1080 634 habeat
1106 586 1158 635 alia
1189 587 1240 638 nisi

706 648 738 699 de
753 653 917 715 patrimonio
933 655 1054 706 Christi?
1073 656 1132 705 Non
1156 672 1240 723 appa—

705 729 754 779 ret,
770 721 823 773 nisi
843 725 959 790 propriis
980 725 1105 775 manibus
1125 726 1177 777 hoc
1191 729 1240 777 ela-

706 788 796 857 boret;
817 795 859 846 vel
888 796 1072 846 necessitatem
1093 811 1170 847 suam
1194 814 1240 848 ro-

704 861 817 928 stringat
836 877 862 916 et
883 876 1005 927 coarctet,
1028 877 1058 917 ut
1078 869 1111 917 dc
1130 869 1239 920 residuo

705 935 868 999 pauperibus
902 939 1024 990 restituat
1051 955 1112 1005 quae
1136 941 1238 1008 dilapi-

704 1005 794 1070 datur;
811 1012 852 1060 vel
872 1012 967 1062 saltem
990 1013 1148 1063 devotorum
1169 1016 1238 1065 sub-

703 1075 804 1127 sidium
828 1081 861 1130 ad
887 1081 938 1133 hoc
956 1082 1106 1133 faciendum
1135 1084 1237 1151 implo-

702 1158 751 1199 ret.

745 1221 761 1271 6
782 1223 908 1283 Quassrro
924 1243 1117 1278 orscrruconuu
1135 1244 1168 1278 na
1185 1246 1237 1279 sm-

702 1307 829 1343 romrsra
853 1312 952 1348 aonuu.
971 1327 1001 1336 -
1024 1298 1095 1359 Quia
1119 1314 1182 1349 vero
1208 1300 1236 1350 in

703 1362 852 1416 redditione
892 1368 986 1419 tributi
1021 1379 1047 1418 et
1084 1369 1236 1435 aequalitate

703 1434 791 1498 pretii,
815 1437 908 1489 Petrus
931 1438 1015 1489 fuerat
1029 1439 1148 1490 Domino
1165 1456 1237 1491 com-

703 1516 819 1569 paratus,
847 1509 1011 1559 aestimantes
1035 1509 1160 1576 discipuli
1186 1513 1236 1563 Pe-

701 1585 773 1626 trum
795 1578 834 1628 eis
852 1580 981 1645 praeferri,
997 1591 1022 1631 et
1037 1582 1165 1633 omnibus
1179 1598 1236 1634 esse

701 1649 848 1712 praelatum,
870 1651 934 1716 quia
959 1666 974 1700 a
992 1653 1139 1717 capitaneis
1156 1655 1237 1704 colli-

701 1719 813 1783 gebatur
835 1722 976 1783 tributum,
1001 1724 1152 1789 cogitabant
1174 1725 1235 1792 quis

700 1806 794 1841 eorum
824 1806 893 1845 esset
926 1795 1020 1859 maior.
1053 1797 1177 1861 Apostoli
1202 1813 1235 1848 ex

699 1865 793 1915 multis
804 1867 1003 1930 praesumebant
1014 1868 1122 1917 Petrum
1131 1884 1147 1917 a
1158 1870 1235 1920 Chri-

698 1946 740 1985 sto
765 1937 883 2003 praeferri
898 1956 906 1989 :
924 1949 954 1988 ut
974 1939 1081 2004 quando
1100 1939 1124 1989 ei
1146 1940 1233 1991 claves

697 2007 773 2071 regni
787 2009 916 2060 coelorum
933 2010 1068 2066 daturum,
1089 2021 1116 2060 et
1136 2011 1233 2063 Eccle-

697 2076 764 2127 siam
794 2094 874 2145 supra
900 2090 1002 2145 petram
1031 2080 1110 2141 fidei,
1134 2097 1150 2132 a
1178 2099 1233 2150 qua

696 2146 754 2211 ipse
768 2164 867 2199 nomen
878 2161 1021 2214 acceperat,
1039 2150 1234 2204 aedificaturum

697 2236 725 2270 se
736 2223 873 2287 promisit;
898 2234 923 2275 et
941 2225 1050 2290 quando
1065 2224 1157 2290 ipsum
1169 2243 1233 2278 cum

696 2293 793 2344 Jacobo
818 2304 844 2345 et
872 2296 973 2346 loanne
1000 2296 1155 2361 assumpsit,
1185 2298 1232 2348 ubi

695 2363 898 2430 transfiguratus
925 2367 993 2431 fuit3
1015 2377 1041 2417 et
1059 2377 1171 2432 propter
1187 2368 1232 2419 tri·

696 2434 791 2486 butum
820 2440 892 2503 quod
919 2455 967 2506 pro
996 2455 1024 2490 se
1047 2450 1073 2489 et
1099 2456 1148 2505 pro
1170 2440 1229 2506 ipso

695 2506 784 2568 solvit,
799 2509 837 2559 sic
849 2525 911 2560 eum
923 2510 975 2560 sibi
988 2511 1065 2576 quasi
1077 2509 1229 2576 parificans,

694 2586 720 2627 et
735 2593 767 2628 ex
781 2578 824 2629 his
837 2581 921 2644 major
931 2581 1060 2632 omnibus
1073 2582 1230 2648 videbatur3

694 2658 720 2698 et
731 2649 791 2700 ideo
804 2651 837 2700 ad
851 2652 1027 2716 quaerendum
1040 2653 1228 2704 movebantur.

694 2720 746 2770 lsta
770 2731 860 2771 autom
881 2722 996 2788 quaestio
1020 2723 1158 2774 multoties
1176 2722 1228 2774 fuit

693 2790 763 2840 inter
782 2791 929 2858 discipulos
951 2794 1052 2844 Christi
1078 2794 1226 2846 ventilata:
1265 2786 1274 2801 '

693 2861 781 2925 primo
802 2863 875 2912 enim
890 2864 967 2915 deca
984 2865 1179 2931 cogitaverunt,
1198 2876 1229 2917 ut

692 2933 756 2984 dicit
776 2934 820 2984 hic
835 2936 934 3001 Lucas;
952 2937 1079 2996 secundo,
1095 2937 1129 2986 de
1152 2937 1229 3002 cogi·

691 3009 745 3056 tata
758 3006 960 3073 disputaverunt
974 3009 1002 3058 in
1017 3009 1060 3059 via
1074 3009 1141 3058 dum
1157 3008 1229 3060 irent

691 3077 890 3143 Capharnaum‚
917 3080 1075 3146 incipientes
1098 3095 1227 3146 conquae-

690 3165 747 3200 rere
775 3149 846 3201 inter
875 3167 903 3201 se
928 3151 991 3217 quis
1013 3166 1107 3200 eorum
1140 3153 1230 3217 major

689 3232 767 3282 esset,
782 3232 813 3272 ut
832 3222 897 3272 dicit
921 3224 1040 3286 Marcus;
1055 3221 1142 3282 tertio,
1166 3222 1228 3273 dis-

689 3303 808 3358 putatam
834 3292 962 3358 Magistro
990 3291 1225 3344 determinandam

688 3375 895 3431 proposuerunt,
908 3375 937 3415 ut
948 3365 1014 3415 dicit
1026 3364 1183 3427 Matthaeus3
1199 3376 1225 3416 et

688 3437 870 3489 nihilominus
883 3438 917 3488 de
931 3437 988 3503 ipsa
1003 3452 1096 3487 rursus
1108 3447 1224 3488 conten-

686 3513 792 3572 derunt,
817 3522 848 3562 ut
869 3511 938 3561 infra
959 3511 988 3560 in
1003 3526 1077 3561 coena
1098 3510 1222 3568 Domini,

684 3583 750 3634 dicit
775 3583 868 3634 Lucas.
896 3583 965 3634 Cum
990 3582 1062 3632 enim
1083 3581 1223 3631 venissent

684 3654 883 3720 Capharnaum‚
900 3664 926 3706 et
939 3655 1072 3706 Dominus
1087 3668 1136 3719 pro
1152 3669 1181 3704 se
1196 3663 1222 3705 et

683 3728 763 3777 Petro
798 3729 900 3794 aequale
926 3726 1059 3776 tributum
1091 3726 1222 3786 solveret,

682 3800 760 3852 ceteri
783 3802 906 3867 Apostoli
933 3801 1051 3867 priorem
1077 3799 1225 3865 cogitatio·

681 3886 744 3920 nem
767 3871 910 3936 augebant,
929 3879 956 3922 et
977 3885 1009 3920 ex
1030 3869 1174 3935 praeteritis
1194 3879 1223 3920 et
