2632 4320
148 231 199 282 208

144 344 288 410 jectionem
298 344 502 405 obsecrationis,
513 345 596 411 quod,
607 345 678 397 obse-

144 429 200 479 cre,
211 415 332 477 Domine,
346 430 394 480 per
407 415 498 481 ipsum
507 415 621 466 verbum
630 416 677 465 ob·

143 485 310 537 secretionis.
322 485 369 536 Est
383 501 445 552 ergo
457 487 587 550 hosanna,
599 486 675 552 quasi

142 557 283 619 hosianna,
300 556 326 606 id
344 567 385 607 est
404 557 490 622 salua,
506 559 614 610 obsecro
619 575 629 620 ,·
651 567 676 607 et

143 636 184 678 est
197 642 250 678 una
263 626 355 687 dictio,
367 628 409 678 vel
427 627 487 678 duae
503 643 550 694 per
567 628 676 678 subtra-

141 699 256 749 ctionem
277 698 359 748 unius
374 699 479 760 litterae,
496 709 523 750 et
542 698 676 765 significat

49 764 54 773 ’
140 770 213 837 quod
223 771 352 820 adventus
359 770 461 821 Christi
472 771 545 821 salus
554 770 589 820 sit
599 786 676 821 mun·

140 842 181 905 di3
197 843 239 892 cui
262 843 336 892 enim
357 844 444 905 salva,
464 843 520 894 sive
541 843 673 909 salvifica,

140 914 299 974 clamabant,
315 913 410 981 utique
430 915 594 965 Salvatorem
615 930 674 966 cre-

142 984 250 1035 debant.

173 1053 187 1104 3
210 1055 291 1116 Qurn,
310 1071 471 1106 sauaorcrus
489 1058 545 1107 Rex
564 1056 674 1108 lernau?

140 1158 171 1167 -
186 1130 263 1181 Unde
283 1139 310 1180 et
326 1130 505 1181 convertendo
519 1146 673 1182 sermonem

139 1202 209 1253 inter
226 1217 263 1262 se,
278 1203 456 1268 subjungunt,
468 1202 586 1253 dieentes
601 1220 608 1253 ε
624 1204 673 1254 Be·

139 1272 267 1336 nedictus,
288 1271 315 1320 id
341 1282 381 1322 est
401 1273 535 1338 gloriosus
557 1272 602 1333 sit,
620 1274 671 1332 vel,

139 1343 288 1393 secundum
298 1343 410 1406 Bedam,
421 1344 581 1406 benedictus,
593 1344 621 1393 id
632 1354 673 1394 est

137 1413 171 1463 ab
195 1412 268 1462 omni
292 1423 398 1478 peccato
421 1413 593 1479 singulariter
617 1413 672 1463 im-

139 1485 241 1545 munis,
257 1494 283 1535 et
298 1485 435 1536 immunes
450 1486 558 1547 faciens,
572 1487 619 1553 qui
633 1501 673 1538 ve·

138 1559 190 1622 nit,
216 1574 264 1625 per
282 1560 369 1610 carnis
391 1560 621 1626 assumptionem,
644 1561 671 1610 id

136 1641 176 1681 cst
196 1631 351 1682 incarnatus
372 1643 421 1693 est,
441 1633 468 1683 in
489 1633 593 1684 nomine
613 1634 672 1684 Do·

136 1701 210 1766 mini,
231 1702 258 1751 id
273 1713 313 1752 est
333 1702 361 1753 in
376 1703 487 1754 nomine
510 1703 593 1754 Patris
611 1714 638 1754 et
656 1718 672 1754 a

135 1775 192 1825 Deo
215 1775 294 1825 Patre
321 1775 421 1826 missus
450 1777 483 1827 ad
509 1777 670 1842 explendum

135 1846 192 1911 ejus
201 1847 377 1907 voluntatem,
389 1848 456 1898 etad
466 1847 670 1913 glorificandum

135 1932 207 1979 eum,
233 1917 299 1982 quia
318 1918 405 1969 Filius
431 1934 487 1968 non
508 1918 537 1968 in
559 1919 671 1969 nomine

134 2005 194 2053 suo,
203 1989 249 2039 sed
261 1989 289 2038 in
301 1989 413 2040 nomine
423 1989 507 2040 Patris
516 1990 598 2050 venit,
607 2004 671 2041 eum

73 2057 74 2061 ’
134 2061 318 2128 glorificando,
335 2073 361 2113 et
381 2063 410 2114 in
432 2064 561 2114 omnibus
580 2064 670 2130 operi—

136 2133 186 2183 bus
206 2150 260 2183 non
277 2148 363 2197 suam,
382 2135 428 2183 sed
449 2134 535 2184 Patris
555 2135 668 2199 gloriam

134 2203 295 2268 quaerend03
318 2204 390 2252 unde
411 2203 475 2254 alibi
497 2220 504 2253 ε
526 2204 600 2269 Ego,
622 2204 668 2255 in-

133 2271 203 2337 quit,
218 2272 278 2321 veni
292 2271 319 2321 in
333 2273 437 2323 nomine
450 2272 555 2322 Patris.
572 2274 601 2322 ln
617 2274 669 2324 hoc

132 2359 196 2409 ergo
211 2342 370 2394 confitentur
389 2355 415 2396 et
433 2344 543 2395 laudant
556 2345 667 2396 Domini

132 2416 277 2467 adventum
292 2434 299 2467 ι
313 2417 464 2469 benedictio
478 2432 597 2484 namque
607 2435 668 2486 quae

132 2487 162 2538 fit
171 2503 186 2538 a
196 2487 275 2539 nobis
287 2488 316 2538 in
331 2490 387 2540 Deo
397 2489 530 2541 confessio
545 2490 602 2540 sola
617 2500 666 2550 est,

132 2567 158 2608 et
177 2558 295 2609 laudatio
310 2559 455 2620 bonorum,
470 2575 531 2626 quae
550 2561 667 2626 praestita

131 2639 195 2679 sunt
209 2629 243 2678 ab
258 2643 303 2691 eo,
320 2631 471 2681 benedictio
483 2645 546 2681 vero
561 2646 622 2696 quae
637 2630 667 2681 tit

132 2699 226 2757 aDe0,
242 2699 271 2748 in
286 2700 367 2750 nobis
379 2700 515 2766 impletur,
529 2701 594 2750 dum
609 2701 666 2766 ejus

133 2766 271 2818 beneficiis
286 2768 441 2834 implemur.
456 2769 508 2820 Ubi
525 2770 664 2821 sciendum

130 2841 204 2907 quod
217 2840 384 2902 benedicere,
400 2852 439 2893 est
451 2842 555 2893 bonum
567 2842 663 2894 dicere.

129 2911 215 2962 Aliter
230 2921 321 2962 autem
334 2913 406 2963 Deus
421 2912 556 2964 benedicit
567 2914 661 2977 nobis3

128 2990 154 3031 et
165 2982 243 3032 aliter
254 2999 305 3033 nos
318 2983 503 3034 benedicimus
516 2984 580 3034 Deo.
591 2984 663 3034 Deus

129 3051 203 3102 euim
212 3052 492 3114 benedicendonobis,
501 3054 662 3105 beneficium

129 3123 209 3175 nobis
223 3124 364 3190 impendit,
380 3134 406 3175 et
418 3126 505 3176 bonos
523 3142 574 3176 nos
589 3126 661 3192 facit,

130 3211 192 3247 nam
213 3210 292 3246 suum
311 3196 407 3255 dicere,
426 3207 467 3247 est
486 3197 543 3262 ejus
566 3197 659 3261 facere,

128 3265 191 3332 quis
205 3283 212 3316 :
226 3267 288 3333 Ipse
300 3266 374 3316 dixit
390 3273 416 3317 et
425 3266 506 3332 sacta
520 3275 595 3332 sunt3
610 3285 660 3320 nos

127 3347 216 3388 autem
240 3335 423 3387 benedicendo
439 3337 504 3397 Deo,
519 3354 575 3388 non
597 3353 659 3390 eum

128 3409 231 3460 bonum
254 3407 376 3468 facimus,
399 3407 446 3458 sed
471 3411 659 3460 tantummodo

125 3479 183 3545 ejus
205 3479 353 3530 bonitatem
374 3477 535 3529 confitemur
554 3489 580 3531 et
598 3482 659 3531 lau-

125 3549 235 3615 damus;
260 3550 347 3600 dicere
364 3549 437 3600 enim
455 3549 584 3610 hominis,
604 3566 657 3602 non

126 3630 166 3672 est
180 3637 260 3672 suum
274 3622 367 3682 facere,
382 3621 428 3671 sed
444 3630 551 3670 tantum
571 3621 656 3675 fateri.

125 3693 162 3744 Et
184 3697 286 3746 addunt
308 3713 315 3746 :
336 3695 400 3746 Rex
421 3694 523 3756 Israel,
548 3694 577 3744 in
601 3712 656 3762 quo

124 3764 288 3817 confitentur
306 3767 363 3832 ejus
378 3760 544 3830 potentiam,
566 3775 655 3817 tamen

124 3832 268 3900 diminute,
282 3836 346 3903 quia
362 3834 504 3888 eredebant
517 3833 606 3900 ipsum
619 3851 656 3888 re-

411 230 587 283 SECUNDAE
607 224 733 282 PnaTts
750 231 869 284 CAPUT
885 233 992 284 XXVll.

731 354 877 411 gnatumm
904 348 1098 413 temporaliter,
1117 358 1144 401 et
1166 348 1266 402 libere·

730 425 822 466 turum
832 433 878 469 eos
891 433 907 468 a
919 418 1035 482 tributo;
1050 419 1106 485 ipse
1119 430 1211 472 eutem
1224 437 1266 474 ve·

731 487 772 538 nit
792 488 824 537 ad
843 491 1009 555 regnandum
1032 490 1218 557 spiritualiter,
1239 502 1265 544 et

730 559 763 608 ad
777 558 945 610 liberandum
960 570 1048 611 totum
1061 577 1146 627 genus
1163 564 1263 616 huma-

730 646 796 680 num
818 647 833 681 a
854 632 972 693 diabolo,
995 634 1068 699 quod
1097 644 1155 684 erat
1177 635 1264 700 majus

729 702 785 754 illo.
792 704 833 753 nd
844 704 960 755 litteram
970 721 1033 771 ergo
1040 705 1263 773 credebantquod

728 777 844 828 venisset
857 787 1016 843 regnaturus
1028 778 1214 844 temporaliter
1222 795 1263 830 su·

729 863 776 913 per
791 863 837 899 eos
857 848 886 898 in
902 864 985 915 regno
1002 849 1096 909 David,
1112 860 1139 900 et
1154 852 1262 902 redem-

728 930 824 987 pturus
843 922 918 988 ipsos
937 938 952 973 a
969 923 1097 973 servitute
1121 925 1262 976 Romano·

726 1007 797 1052 rum,
808 1003 834 1042 et
845 993 983 1044 restituere
991 1008 1105 1059 regnum
1115 995 1262 1060 temporale

726 1065 835 1130 quoda
858 1064 989 1116 Romanis
1013 1074 1068 1116 erat
1088 1076 1262 1132 usurpatum,

726 1135 801 1199 cujus
819 1135 986 1186 contrarium
1005 1135 1062 1200 ipse
1083 1135 1153 1186 dixit
1170 1152 1261 1188 coram

728 1205 833 1255 Pilato:
850 1206 976 1270 Regnum
993 1219 1078 1256 meum
1096 1221 1149 1257 non
1169 1214 1210 1258 est
1229 1208 1262 1259 de

726 1276 775 1327 hoc
796 1276 903 1339 mundo,
917 1276 975 1336 sed,
998 1277 1103 1343 supple,
1125 1277 1159 1328 de
1178 1279 1262 1343 coelo;

726 1357 752 1396 et
776 1346 836 1396 ideo
860 1347 1057 1412 applaudebant
1080 1346 1105 1397 ei
1132 1356 1262 1415 tanquam

726 1434 776 1469 suo
791 1418 868 1485 Regi,
881 1419 951 1468 unde
966 1419 1155 1484 subjungunt:
1171 1420 1212 1470 Et
1223 1421 1262 1471 be·

725 1491 870 1551 aedictum,
895 1489 967 1555 quod
990 1489 1091 1540 scilicet
1115 1490 1189 1540 veuit
1213 1504 1262 1541 re·

725 1578 808 1628 mum
815 1563 908 1630 patris
918 1562 1006 1613 nostri
1014 1562 1115 1625 David,
1126 1563 1201 1629 quod
1215 1563 1264 1614 sci·

725 1634 788 1684 licet
809 1633 963 1683 restitutum
983 1643 1024 1683 est
1049 1648 1122 1683 nunc
1147 1633 1263 1684 adventu

724 1714 782 1754 tuo.
797 1703 881 1765 Quasi
893 1703 1012 1754 dicerent
1022 1720 1029 1754 ι
1039 1704 1090 1754 Hic
1104 1712 1146 1753 est
1160 1703 1194 1754 de
1207 1719 1261 1770 quo

725 1775 825 1825 dictum
836 1786 876 1825 est
886 1792 892 1825 :
901 1775 985 1824 Dabit
994 1774 1036 1824 illi
1044 1774 1177 1825 Dominus
1187 1775 1261 1826 Deus

724 1846 811 1896 sedem
835 1845 927 1896 Dauid
948 1845 1041 1911 patris
1065 1845 1133 1912 ejus.
1158 1847 1259 1913 Regem

723 1932 786 1967 vero
798 1932 861 1967 eum
873 1916 902 1966 in
915 1915 1103 1967 testimonium
1117 1931 1174 1967 suae
1187 1917 1259 1968 dam·

724 1988 841 2039 nationis
863 1996 1034 2050 vocaverunt,
1055 2001 1086 2036 ex
1108 1985 1161 2037 hoc
1182 1986 1256 2038 enim

723 2069 803 2125 patet,
816 2058 888 2124 quod
902 2057 1040 2123 proprium
1051 2056 1202 2108 Dominum
1215 2073 1256 2109 oc·

721 2129 853 2180 ciderunt.
871 2128 922 2179 Ubi
944 2127 1115 2193 Augustinus
1130 2145 1139 2178 .·
1154 2146 1168 2175 a
1184 2127 1255 2189 Quid

722 2209 809 2250 autem
833 2215 961 2264 magnum
983 2198 1033 2248 fuit
1057 2197 1124 2263 Regi
1149 2200 1254 2250 seculo·

721 2288 782 2322 rum
804 2272 903 2337 Regem
925 2269 983 2320 fieri
1003 2268 1167 2320 hominum?
1194 2270 1253 2321 Non

721 2343 795 2394 enim
813 2343 878 2393 Rex
896 2342 985 2393 Israel
996 2340 1122 2391 Christus
1139 2332 1174 2390 a'il
1195 2340 1252 2391 exi·

720 2414 839 2479 gendum
859 2412 1001 2474 tributum,
1018 2410 1060 2462 vel
1082 2409 1154 2460 ferro
1178 2425 1253 2462 exer-

719 2485 803 2535 citum
816 2485 986 2542 armandum,
1002 2482 1149 2547 hostesque
1164 2480 1254 2532 visibi-

719 2557 780 2607 liter
796 2555 984 2617 debellandos;
1001 2554 1047 2604 sed
1069 2554 1135 2604 Rex
1155 2552 1251 2617 Imael,

719 2629 793 2694 quod
807 2638 910 2678 mentes
931 2635 1014 2691 regat,
1029 2624 1103 2690 quod
1125 2623 1154 2673 in
1174 2634 1251 2676 teter-

719 2715 786 2748 num
795 2699 927 2755 consulat,
937 2697 1009 2762 quod
1022 2694 1051 2744 in
1066 2709 1183 2759 regnum
1196 2709 1249 2745 coe-

718 2769 807 2819 lorum
819 2768 965 2822 credentes,
986 2774 1133 2831 sperantes,
1154 2779 1249 2816 aman·

717 2848 811 2904 tesque
832 2837 966 2903 perducat.
991 2834 1070 2896 Quod
1097 2849 1162 2900 ergo
1186 2834 1249 2885 Rex

716 2924 774 2959 esse
791 2908 876 2959 voluit
891 2905 987 2967 Israel,
1003 2904 1124 2970 dignatio
1138 2914 1247 2955 estnon

716 2980 868 3046 promotio,
893 2979 1074 3029 miseratroms
1099 2976 1248 3035 indictum,

715 3067 768 3101 non
777 3046 1167 3117 potestatisaugmentum;qui
1175 3045 1248 3098 euim

713 3123 862 3189 appellatus
876 3129 916 3171 est
930 3119 959 3168 in
975 3128 1044 3168 terra
1057 3117 1122 3167 Rex
1135 3116 1248 3169 Juaaee

714 3211 782 3259 rum,
801 3195 829 3246 in
845 3194 919 3246 coelis
941 3202 981 3243 est
1003 3189 1140 3242 Dominus
1156 3191 1247 3256 Ange·

713 3266 839 3317 lorum.»
855 3266 887 3315 Et
902 3265 1019 3314 iterum:
1034 3280 1048 3308 a
1062 3260 1132 3312 Noli
1146 3260 1247 3323 timere,

712 3337 789 3388 illum
804 3350 918 3401 agnosce
931 3333 979 3400 qui
998 3347 1012 3382 a
1028 3342 1053 3382 te
1067 3330 1203 3392 laudatur,
1222 3339 1249 3381 et

711 3408 766 3459 noli
792 3407 923 3472 trepidare
950 3421 1012 3456 cum
1039 3401 1154 3469 patitur,
1182 3401 1249 3471 quie

711 3478 756 3530 ille
763 3477 873 3543 sanguis
880 3475 1012 3535 funditur,
1023 3488 1161 3540 perquem
1168 3480 1247 3523 tuum

710 3550 836 3601 delictum
851 3548 980 3607 deleatur,
995 3555 1021 3596 et
1037 3544 1091 3595 vita
1108 3554 1155 3595 tua
1171 3543 1247 3596 redi·

710 3634 819 3674 matur:
838 3642 851 3670 n
869 3622 925 3672 haee
939 3618 1121 3686 Augustinus.

741 3693 1020 3759 4Can1srusror1us
1039 3705 1125 3741 uuum
1146 3689 1247 3741 Saura·

708 3781 770 3817 roa.
789 3763 935 3814 -Deinde
958 3762 1057 3812 iterum
1072 3759 1155 3812 verba
1178 3774 1245 3812 con·

708 3845 841 3889 vertentes
854 3835 887 3886 ad
902 3833 1002 3901 ipsum,
1018 3840 1144 3899 repetunt
1158 3847 1166 3885 z
1180 3830 1246 3885 Ho-
