2632 4320
144 315 196 381 278
404 313 579 366 SECUNDAE
596 312 721 365 Pauus
736 313 853 365 CAPUT
867 312 997 365 XXXVII.

637 619 773 673 ORATIO

174 785 290 837 Domine
304 787 385 848 Deus,
400 787 582 839 sanctificator
596 803 682 849 meus,
693 787 793 839 misisti
806 786 876 838 mihi
887 786 975 854 legem
990 796 1076 847 tium,
1088 793 1122 837 ut
1135 794 1198 836 toto
1210 800 1268 836 cor·

145 857 187 920 de,
203 868 259 908 tota
272 857 373 920 anima,
388 868 443 909 tota
465 870 562 919 mente,
579 869 606 911 et
628 875 660 910 ex
675 858 805 910 omnibus
826 857 930 909 viribus
946 857 1014 909 meis
1028 867 1054 908 te
1067 856 1197 923 diligam
1220 857 1267 908 sed

145 944 193 980 nec
214 930 265 980 hoc
287 931 371 995 valeo,
386 931 439 982 nisi
458 942 488 982 tu
503 931 609 982 dederis
624 931 705 992 mihi,
719 931 797 995 cujus
816 937 859 981 est
875 945 952 983 omne
965 930 1063 981 donum
1074 929 1229 996 persecbtm
1242 937 1268 980 et

144 1017 219 1055 omne
232 1003 323 1053 datum
335 1005 471 1069 optimum.
487 1005 571 1055 Jubes
588 1013 615 1055 te
625 1003 767 1070 diligi;·da
786 1005 861 1069 quod
880 1003 966 1068 jubes,
990 1013 1017 1053 et
1039 1003 1102 1067 jube
1120 1003 1197 1069 quod
1215 1003 1267 1053 vis.

144 1076 184 1126 Da
197 1076 278 1126 etiam
294 1076 364 1126 mihi
378 1076 489 1143 diligere
504 1076 669 1142 proximum,
683 1075 752 1126 sicut
768 1075 915 1141 meipsum,
938 1084 970 1126 ut
983 1074 1029 1125 hic
1043 1072 1170 1140 gratiam,
1186 1083 1215 1124 et
1229 1074 1267 1124 ibi

144 1146 257 1212 gloriam
275 1162 472 1212 consequamur
486 1148 515 1198 in
530 1147 660 1213 idipsum.
672 1147 712 1199 Da
727 1145 839 1208 insuper
852 1146 934 1206 mihi,
948 1146 1017 1196 bone
1027 1146 1099 1205 Jesu,
1109 1155 1140 1195 ut
1153 1155 1181 1195 be
1191 1143 1269 1197 Chri·

143 1229 216 1269 stum
227 1219 306 1270 nobis
314 1220 429 1270 missum
439 1219 526 1270 Deum
539 1219 714 1270 ethominem
728 1218 806 1268 corde
814 1219 930 1277 credam,
942 1232 989 1267 ore
998 1218 1133 1276 confitear,
1144 1227 1173 1267 et
1185 1231 1268 1282 opere

143 1300 284 1350 contester,
319 1301 349 1342 ut
380 1289 429 1341 tibi
452 1306 526 1341 nunc
556 1291 692 1355 subjectus
718 1299 822 1356 sponte,
846 1298 935 1340 tecum
960 1289 1090 1355 gaudeam
1115 1287 1181 1339 sine
1203 1286 1269 1339 fine.

144 1361 241 1411 Amen.

522 1771 688 1843 CAPUT
710 1771 882 1840 XXXVII

226 2023 278 2091 De
300 2020 438 2090 Scribis
461 2031 495 2091 et
517 2021 713 2091 Pharisaet's
737 2020 777 2097 iti
795 2020 961 2090 doctrina
984 2021 1186 2102 audiendis,
1209 2112 1212 2118 Ι

440 2137 499 2203 sed
521 2134 646 2203 nonin
669 2134 743 2204 vita
767 2134 964 2204 imitandis.

396 2383 539 2447 Matthaei
566 2405 635 2468 cap.
669 2388 721 2463 23,
751 2385 852 2450 Marci
880 2405 948 2470 cap.
980 2408 1014 2449 11

538 2504 569 2555 et
591 2493 686 2556 Lucae
714 2513 781 2576 cap.
812 2514 861 2557 12.

182 2747 190 2780 ι
204 2731 295 2781 Omn
306 2747 366 2789 Quis
378 2747 394 2781 s
404 2747 597 2783 sscsaoonsus
608 2748 676 2782 nnn·

146 2817 289 2854 utsruttrua
304 2818 432 2853 ssctsuns
445 2819 530 2853 boesa
544 2804 674 2855 Dournus.

146 2902 177 2913 -
189 2872 343 2924 Confutatis
363 2885 452 2925 autem
475 2884 502 2925 et
522 2875 674 2926 tacentibus

145 2942 246 2994 Scribis
270 2953 297 2993 et
324 2943 482 3005 Pharisaeis‚
507 2944 556 3010 qui
583 2944 675 2995 dolose

144 3015 343 3081 interrogabant
368 3016 516 3067 Dominum
528 3026 565 3068 ut
586 3027 674 3068 tenta-

144 3095 202 3138 rent
219 3101 292 3147 eum,
313 3102 346 3137 ne
366 3087 441 3153 plebs
466 3097 492 3139 et
513 3087 558 3139 alii
582 3087 672 3139 idonei

142 3157 201 3210 sine
227 3173 294 3224 pane
322 3157 451 3210 doctrinae
477 3169 672 3220 evanescerent,

141 3230 244 3284 Iocutus
265 3236 306 3282 est
326 3231 466 3295 Dominus,
492 3232 584 3282 eadem
607 3231 672 3282 feria

138 3304 224 3369 tertia,
249 3304 287 3355 ad
307 3303 411 3366 turbas,
437 3303 539 3355 scilicet
553 3305 585 3354 ad
603 3305 672 3355 sim-

136 3374 219 3440 plices
230 3384 257 3426 et
273 3373 452 3440 imperfectos,
467 3375 543 3424 etad
556 3375 672 3443 discipu-

137 3445 178 3496 los
192 3461 257 3497 suos
267 3444 354 3511 magis
367 3444 460 3494 doctos
480 3454 507 3494 et
522 3443 666 3510 perfectos.

136 3515 215 3569 Unde
243 3515 477 3583 chrysostomus:
493 3532 508 3562 a
524 3516 670 3582 Postquam

138 3585 272 3638 Dominus
309 3586 459 3638 sacerdotes
496 3585 673 3653 responsione

140 3659 292 3723 prostravit,
316 3667 343 3710 et
366 3657 574 3725 incorrigibilem
604 3673 671 3709 con-

143 3727 275 3779 ditionem
299 3744 393 3780 eorum
427 3728 564 3789 ostendit,
602 3727 673 3778 sicut

146 3811 173 3851 et
201 3802 299 3862 clerici,
333 3802 356 3853 si
387 3800 597 3860 malefecerint,
629 3801 673 3851 in-

146 3873 326 3924 emendabiles
341 3884 414 3934 sunt,
429 3873 488 3924 laici
501 3888 564 3925 vero
584 3873 673 3924 delin-

730 2741 843 2799 quentes
870 2732 1172 2802 facile,emendantur;
1201 2745 1265 2787 tunc

730 2803 861 2855 convertit
883 2819 1035 2856 sermonem
1058 2805 1092 2855 ad
1119 2807 1261 2873 populum.

729 2873 930 2926 infructuosum
953 2891 1069 2943 namque
1088 2886 1132 2928 est
1152 2878 1264 2933 verbum

729 2945 757 2996 in
780 2961 835 3013 quo
860 2946 899 2997 sic
925 2948 991 2998 alter
1013 2947 1209 3013 confunditur,
1235 2961 1265 3001 ut

728 3017 794 3067 alter
816 3034 870 3068 non
894 3017 1068 3069 erudiatur.»
1083 3020 1208 3071 Locum
1222 3026 1262 3072 est

728 3101 791 3154 ergo
815 3088 848 3138 ad
873 3104 920 3139 eos
940 3088 1077 3139 instruens
1109 3100 1137 3141 et
1161 3092 1262 3143 doeens

727 3158 880 3209 Scribarum
902 3169 929 3209 et
944 3158 1143 3211 Pharisaeorum
1158 3162 1260 3214 doctri-

728 3243 791 3279 nem
811 3229 983 3291 audiendam,
1003 3233 1050 3281 sed
1065 3246 1163 3283 eorum
1181 3233 1263 3285 vitem

727 3317 783 3352 non
812 3302 989 3363 imitandam,
1022 3312 1048 3354 et
1080 3303 1264 3357 nihilominus

727 3374 838 3425 hortans
863 3391 909 3425 eos
937 3376 1033 3440 subjici
1056 3376 1128 3438 illis,
1151 3388 1261 3445 propter
1289 3406 1293 3413 ·

726 3444 866 3495 sacerdotii
892 3455 919 3495 et
945 3445 1066 3496 nominis
1087 3446 1264 3514 dignitatem,

727 3529 782 3564 non
797 3529 887 3580 opera,
907 3516 953 3566 sed
973 3516 1124 3567 doctrinam
1144 3518 1267 3569 conside·

727 3595 830 3650 rantes;
860 3589 999 3655 multaque
1025 3604 1121 3641 eorum
1148 3590 1264 3642 crimina

727 3673 918 3719 annumerans,
931 3667 958 3709 et
971 3659 1038 3710 alios
1057 3660 1093 3711 ab
1110 3660 1151 3712 eis
1164 3662 1264 3713 dehor-

728 3740 796 3781 tans.
811 3731 889 3782 Unde
903 3731 969 3783 dicit
982 3749 990 3782 ε
1005 3733 1097 3801 Super
1108 3734 1264 3786 cathedram

728 3800 849 3869 Moysis,
871 3801 899 3850 id
920 3812 962 3853 est
984 3803 1143 3855 auctoritate
1156 3803 1262 3857 dicendi

728 3882 755 3923 et
772 3872 917 3938 judicandi,
940 3873 1074 3937 sederunt,
1095 3874 1201 3927 scilicet
1216 3874 1264 3926 in·
