2632 4320
134 245 194 319 Ι2οὸ
423 244 600 297 SECUNDAE
613 242 738 295 PARTIS
753 244 870 297 CAPUT
884 245 989 297 xxvtt.

349 290 353 325 l

139 362 291 428 spoliatus,
327 375 436 411 crucem
464 359 575 411 Domini
601 359 672 410 acci-

138 435 224 501 piens,
243 450 331 500 usque
352 434 384 484 ad
407 444 510 501 portam
532 431 672 484 humiliter

139 506 274 572 bajulavit.
297 507 416 571 Moxque
429 505 532 570 lapides
543 504 577 554 ad
590 518 671 555 suum

138 579 227 629 locum
243 576 381 629 redierunt
394 586 421 628 et
436 576 600 627 intrantibus
609 591 672 629 cun·

141 649 190 701 ctis
205 651 358 715 ingressum
374 649 566 717 patefecerunt.

174 737 201 772 11
219 722 499 773 Mvsrtcn80Raiuo11
513 735 671 771 consroatta-

138 807 193 843 rto.
206 820 236 829 -
252 791 376 858 Mystice,
400 790 552 845 secundum
576 791 671 843 Remi·

727 359 814 426 girolt,
824 359 947 411 Salvator
963 369 1054 412 noster
1069 360 1146 413 asino
1164 363 1262 415 sedens

726 433 923 499 ierosolymam
939 434 1033 498 tendit,
1053 436 1163 501 quando
1176 436 1263 488 Eccle-

727 503 775 554 siae
791 504 947 564 universali,
970 506 1013 556 vel
1038 505 1137 573 cuique
1161 507 1263 560 ammae

726 574 799 625 fideli
814 576 971 641 praesidens,
987 585 1014 627 et
1025 592 1083 627 eam
1104 576 1134 627 iu
1149 577 1204 630 hoc
1223 594 1264 632 se-

727 647 788 698 culo
802 647 880 714 quasi
898 648 1051 712 jumentum
1064 649 1142 715 regit,
1156 658 1186 700 et
1200 662 1262 716 post

728 717 798 768 hanc
825 717 907 769 vitam
930 718 963 767 ad
992 718 1126 770 visionem
1148 720 1265 772 coelestis

726 789 820 855 patriae
832 790 986 843 introducit.

624 1011 761 1064 ORATIO

171 1193 291 1242 Domine
304 1192 368 1244 lesu
382 1191 499 1251 Christe,
516 1191 563 1258 qui
578 1191 611 1241 ad
627 1191 783 1241 Passionem
798 1199 963 1255 spontaneus
975 1190 1116 1252 advenisti,
1127 1191 1225 1242 adveni
1240 1204 1266 1244 et

143 1263 213 1312 mihi
228 1263 328 1312 misero
343 1277 390 1328 per
402 1262 515 1328 gratiam
532 1263 560 1312 in
573 1262 653 1312 corde
667 1276 740 1323 me0;
758 1260 844 1327 etqui
860 1276 904 1310 me
915 1271 981 1311 tunc
995 1261 1124 1328 reparasti
1142 1278 1192 1329 per
1205 1279 1262 1315 cru·

143 1350 213 1393 cem,
237 1333 335 1382 iterum
359 1334 467 1397 lapsum
491 1347 583 1399 repara
599 1347 646 1398 per
665 1332 789 1382 eamdem
804 1331 953 1382 beatificam
968 1332 1138 1383 Passionem.
1152 1333 1266 1403 Largire

141 1405 224 1464 mihi,
240 1405 365 1466 Domine,
381 1406 452 1454 utin
469 1406 600 1456 omnibus
613 1405 796 1455 humilitatem
811 1416 838 1456 et
852 1405 1088 1456 mansuetudinem
1103 1406 1265 1468 custodiam,

141 1491 172 1526 ac
193 1475 244 1525 tibi
259 1491 366 1526 carnem
387 1486 413 1526 et·
427 1476 556 1542 spiritum
578 1475 696 1526 totaliter
716 1476 873 1542 subjiciam,
893 1484 919 1524 et
942 1485 972 1526 ut
985 1476 1137 1539 jumentum
1153 1477 1226 1544 apud
1238 1485 1264 1528 te

141 1546 214 1607 tiam,
233 1557 366 1612 quatenus
381 1546 410 1596 in
424 1563 467 1597 me
480 1548 587 1607 sedens,
601 1555 628 1596 et
638 1562 682 1596 me
699 1547 776 1613 quasi
793 1547 945 1612 jumentum
962 1562 1065 1612 regens,
1083 1563 1158 1598 nunc
1173 1549 1206 1599 ad
1222 1548 1266 1600 in-

143 1617 217 1668 timae
236 1617 309 1685 pacis
323 1628 443 1685 gustum,
464 1633 642 1684 supernaeque
658 1618 734 1683 pacis
753 1616 917 1667 desiderium
938 1618 1034 1682 ducas3
1054 1627 1081 1669 et
1101 1620 1210 1671 tandem
1231 1620 1264 1670 ad

143 1691 266 1755 ejusdem
283 1691 356 1757 pacis
366 1691 501 1742 visionem
517 1691 682 1742 introducas.
696 1691 793 1739 Amen.

538 2069 707 2140 CAPUT
729 2070 867 2138 xxvii
905 2159 906 2162 Ν

280 2341 332 2411 De
355 2339 522 2430 gloriosa
549 2340 697 2410 Domini
723 2339 948 2432 susceptione,
979 2341 1052 2432 ipsa
1075 2341 1134 2410 die

590 2456 811 2525 Palmarum.
900 2461 902 2468 '

240 2735 385 2797 Matthaei
411 2757 478 2818 cap.
514 2758 571 2814 21,
603 2736 704 2798 Marci
730 2757 797 2820 cap.
832 2760 885 2814 11,
915 2737 1010 2799 Lucae
1038 2755 1106 2818 cap.
1140 2757 1178 2819 19

532 2854 563 2904 et
586 2841 718 2905 loannis
739 2863 806 2924 cap.
830 2865 877 2905 12.

181 3096 190 3129 1
208 3079 368 3132 Tmuuruus
384 3095 519 3133 racrrrcus
532 3081 681 3131 Domiti.-

144 3151 185 3202 Et
208 3164 266 3200 cum
291 3152 521 3218 appropinquaret
542 3152 619 3202 Jesus
643 3151 681 3201 ad

145 3223 300 3273 descensum
309 3222 406 3272 montis
419 3222 530 3280 Oliveti,
539 3221 618 3273 multi
633 3222 681 3272 de-

734 3079 851 3144 spinam,
872 3095 920 3130 nec
942 3080 1077 3132 laberetur
1099 3080 1129 3130 'm
1152 3078 1265 3131 foveam.

734 3153 813 3202 Mons
833 3151 907 3201 enim
932 3152 1031 3220 Oliveti
1056 3165 1135 3202 mons
1160 3150 1267 3203 uberri-

734 3239 796 3274 mus
810 3234 859 3284 est,
875 3235 901 3275 et
911 3225 1037 3282 decorus,
1051 3223 1197 3276 arboribus
1210 3224 1267 3290 ple-

148 3294 336 3345 scendentium
365 3309 425 3344 cum
454 3309 495 3353 eo,
524 3309 556 3344 ex
580 3293 681 3360 quibus

146 3367 237 3432 plures
258 3367 292 3415 de
308 3364 416 3415 iericho
438 3364 541 3415 fuerant
558 3380 621 3414 eum
638 3379 681 3414 se·

145 3438 215 3499 cuti,
234 3432 391 3489 stromat
410 3436 565 3486 vestimenta
586 3435 681 3486 suain

147 3508 215 3570 via,-
241 3507 291 3558 alii
318 3513 405 3557 autem
432 3506 569 3556 caedebant
589 3520 682 3556 ramos

147 3580 262 3640 virides,
292 3581 326 3630 de
350 3579 493 3630 arboribus
517 3576 681 3638 fructiferis,

147 3651 247 3717 quibus
271 3665 353 3703 mons
371 3648 471 3701 Oliveti
490 3649 611 3700 consitus
628 3660 680 3714 est;

142 3730 174 3773 et
206 3725 359 3776 sternebant
392 3723 420 3773 in
454 3722 523 3786 via,
558 3732 589 3772 ut
622 3737 682 3774 eam

148 3804 294 3856 emerent,
331 3804 360 3845 et
396 3808 430 3843 ne
464 3792 616 3856 jumentum
653 3793 682 3845 in

147 3863 265 3929 lapidem
293 3865 456 3926 offenderet,
488 3877 537 3915 nec
570 3864 683 3916 calcaret

734 3309 796 3354 nus,
817 3304 843 3345 et
864 3295 983 3345 maxime
1005 3294 1148 3354 olivarum,
1169 3309 1186 3346 a
1204 3292 1268 3360 qui·

734 3364 785 3415 bus
799 3375 826 3415 et
835 3380 935 3415 nomen
946 3365 1057 3430 accepit.
1071 3366 1167 3416 Turba
1178 3373 1268 3417 autem

734 3436 829 3496 multa,
849 3451 910 3501 quae
934 3435 1060 3487 convenit
1080 3436 1114 3486 ad
1134 3436 1209 3487 diem
1227 3435 1269 3486 le-

734 3517 807 3558 stum
821 3507 850 3558 in
869 3507 1014 3557 Jerusalem
1032 3506 1065 3557 de
1080 3507 1213 3558 omnibus
1224 3505 1270 3559 tri·

735 3581 824 3630 bubus
838 3580 928 3641 Israel,
943 3579 1007 3645 qula
1022 3595 1118 3631 omnes
1134 3580 1269 3632 teneban-

737 3661 779 3702 tur
791 3651 880 3701 venire
901 3651 930 3701 in
943 3652 1091 3703 Jerusalem
1105 3652 1134 3702 in
1150 3651 1269 3719 paschali

735 3723 918 3787 solemnitate3
932 3737 962 3772 ac
981 3723 1067 3788 pueri,
1082 3738 1111 3773 ac
1130 3723 1270 3789 plebecula

735 3793 973 3858 ierosolymorum,
991 3809 1053 3844 cum
1073 3793 1270 3862 sciveruntnde·

736 3879 796 3916 sum
806 3864 940 3927 advenire,
951 3870 1111 3930 acceperunt
1119 3879 1214 3919 ramos
1224 3863 1271 3917 oli·
