2632 4320
160 291 210 349 156

155 417 280 483 colligere
295 415 444 481 fragmenta
466 429 499 464 ne
512 421 630 479 pereant,
656 410 684 460 id

155 499 196 540 est
213 504 261 539 nec
278 487 391 538 minima
405 486 532 537 beneficia
550 484 684 536 oblivisci.

156 558 296 626 Numquid
315 574 370 608 non
391 557 459 624 perit
477 558 550 624 quod
570 557 685 607 donatur

156 629 284 694 ingrato?
316 627 480 694 Ingratitudo
510 626 620 678 inimica
645 636 685 678 est

156 702 263 762 animae,
279 700 426 751 exinanitio
447 700 613 762 meritorum,
626 699 685 750 vir-

157 783 246 823 tutum
261 772 411 838 dissipatio,
429 772 562 822 bonorum
578 771 684 838 disper-

156 844 206 905 sio,
230 843 421 899 beneficiorum
449 843 572 909 perditio.
598 845 686 909 lngra·

154 916 241 967 titudo
261 927 302 967 est
326 927 423 967 ventus
437 931 518 967 urens
541 926 567 967 et
582 916 685 967 siccans

158 987 210 1038 sibi
230 987 331 1038 fontem
352 986 467 1053 pietatis,
489 1002 576 1037 rorem
602 988 686 1039 mise·

157 1057 290 1118 ricordiae‚
311 1058 409 1110 fluenta
432 1059 532 1125 gratiae.
552 1078 566 1106 n
592 1057 686 1117 Qualis

153 1143 216 1178 vero
244 1129 338 1179 debeat
363 1144 421 1180 esse
436 1129 582 1196 gratiarum
607 1129 684 1191 actio,

153 1199 231 1250 docet
262 1200 333 1250 idem
361 1202 527 1265 Bernardus,
562 1201 654 1253 dicens
676 1217 683 1250 :

154 1271 243 1320 «Non
262 1280 367 1320 tantum
383 1271 463 1321 verbo
480 1280 506 1321 et
519 1271 620 1338 lingua,
637 1273 683 1322 sed

153 1341 686 1406 opereetveritateexhibeamusnosmet-

153 1411 227 1477 ipsos
247 1421 355 1478 grat0s;
373 1430 427 1464 non
445 1415 518 1466 enim
531 1415 684 1481 {gratiarum

153 1481 309 1544 dictionem,
328 1484 374 1533 sed
393 1486 538 1551 gratiarum
553 1487 683 1537 actionem

156 1552 268 1618 exigite
286 1554 364 1605 nobis
388 1557 521 1608 Dominus
543 1559 615 1608 Deus
632 1574 684 1608 no-

156 1632 246 1675 ster.»
262 1626 339 1676 Unde
354 1628 435 1677 etiam
450 1630 685 1697 Chrysoslomus:

158 1696 304 1761 «Agamus
327 1698 410 1765 igitur
430 1701 453 1751 ei
472 1702 547 1767 juges
568 1702 683 1769 gratias;

159 1780 184 1817 et
197 1784 252 1818 non
265 1770 346 1820 modo
359 1771 448 1823 verbis
460 1773 511 1824 hoc
523 1774 630 1836 nostris,
644 1790 686 1826 ve-

160 1853 220 1888 rum
243 1841 322 1891 etiam
346 1844 473 1908 operibus
498 1846 607 1907 nostris,
628 1847 685 1897 imo

158 1909 243 1973 ipsius
251 1912 432 1978 principaliter
442 1913 612 1981 impleamus.
620 1920 687 1985 Aga·

159 1998 220 2032 mus
245 1999 309 2034 vero
326 1985 424 2048 gratias
438 2003 492 2037 non
516 1989 549 2038 de
569 1991 686 2056 propriis

160 2062 274 2118 tantum,
285 2070 379 2105 verum
391 2057 470 2107 etiam
483 2058 515 2108 de
527 2059 621 2111 alienis
636 2061 685 2110 bo·

157 2127 207 2174 nis.
223 2128 259 2176 lta
273 2127 382 2178 enimet
395 2129 524 2181 invidiam
537 2135 685 2198 poterimus

456 291 629 345 SECUNDAE
647 288 771 340 PARTIS
786 289 903 341 CAPUT
918 289 988 341 xlx.

740 409 919 474 exstinguere,
935 418 961 458 et
973 408 1042 457 alere
1056 405 1202 456 caritatem.
1217 406 1270 455 Ne-

740 497 793 548 que
814 482 869 547 jam
889 480 942 531 illis
963 479 1063 546 poteris
1086 478 1216 538 invidere,
1238 479 1271 530 de

739 568 858 620 quorum
874 552 954 603 bonis
969 551 1066 618 gratias
1079 551 1136 600 Deo
1149 550 1270 601 referen-

739 626 774 676 do
802 624 907 675 laetaris.
930 624 1001 683 Quid
1031 623 1116 689 igitur
1141 637 1271 688 magnum

740 694 864 762 reposcit,
877 693 925 760 qui
940 710 988 760 pro
1008 693 1166 743 liberalitate
1182 693 1211 742 in
1222 707 1273 744 nos

740 782 798 827 sua,
825 766 997 816 solummodo
1017 773 1106 831 gratos
1135 764 1188 814 sibi
1216 779 1273 814 esse

742 853 793 889 nos
806 835 951 902 praecepit't
964 833 1169 900 Ingratitudinis
1184 844 1273 885 autem

740 908 838 958 vitium
866 923 898 958 ex
920 907 1069 973 arrogantia
1097 906 1273 972 potissimum

741 978 817 1045 gigni
832 978 908 1039 solet,
927 993 988 1029 cum
1005 992 1033 1027 se
1047 977 1145 1043 aliquis
1159 977 1273 1043 dignum

740 1064 798 1100 esse
815 1048 950 1100 beneficiis
970 1049 1093 1099 aestimat.
1107 1048 1274 1099 Humiliatus

740 1138 803 1174 vero
815 1133 897 1189 atque
907 1123 1049 1182 contritus,
1066 1138 1121 1172 non
1136 1137 1185 1187 pro
1196 1121 1274 1173 bonis

740 1198 838 1259 solum,
863 1199 909 1249 sed
931 1213 979 1263 pro
998 1197 1043 1248 his
1059 1212 1121 1264 quae
1140 1196 1275 1247 contraria

739 1268 909 1319 aestimantur
925 1283 993 1328 esse,
1015 1268 1161 1334 gratiarum
1188 1266 1273 1339 actio-

739 1357 786 1392 nes
804 1342 892 1393 mittet
909 1342 974 1402 Deo,
989 1351 1015 1391 et
1034 1340 1216 1407 quodcunque
1230 1354 1273 1406 pa·

737 1413 828 1472 tietur,
849 1412 920 1463 nihil
943 1427 973 1462 se
984 1411 1104 1477 dignum
1127 1409 1273 1461 aestimabit

737 1499 845 1549 passum
860 1498 936 1534 esse:
948 1502 962 1530 s
979 1483 1036 1532 haec
1048 1482 1271 1548 chrysostomus.

738 1556 771 1605 Et
803 1556 858 1605 haec
886 1564 926 1605 est
960 1569 1057 1619 magna
1083 1568 1164 1604 causa
1189 1569 1272 1620 quare

738 1627 824 1677 Deum
841 1641 895 1676 non
906 1625 1056 1690 diligimus,
1071 1623 1137 1690 quia
1150 1625 1208 1690 eius
1223 1625 1272 1676 be-

739 1694 833 1746 neficia
858 1711 913 1745 non
938 1695 1165 1759 recognoscimus
1194 1694 1272 1746 Unde

738 1767 926 1832 Hieronymus
949 1783 957 1817 :
987 1783 1001 1812 u
1023 1765 1071 1816 Vis
1097 1765 1168 1816 scire
1189 1780 1273 1832 quare

738 1840 825 1890 Deum
851 1855 906 1889 non
931 1838 1045 1904 diligis?
1063 1838 1135 1898 Quia
1150 1839 1209 1903 ejus
1223 1839 1272 1890 be-

738 1910 831 1960 neficia
866 1925 921 1959 non
950 1909 1130 1974 rocognoscis.
1162 1910 1272 1970 Quanto

739 1981 824 2047 magis
852 1981 880 2031 in
911 1979 1029 2030 bonitate
1051 1981 1109 2045 ejus
1137 1979 1271 2044 ascendis,

738 2063 812 2103 tanto
836 2054 897 2119 plus
919 2050 948 2102 in
968 2067 1059 2102 amore
1082 2052 1140 2117 ejus
1161 2051 1272 2102 inarde-

738 2126 807 2177 scis:
825 2146 839 2174 n
860 2127 916 2178 haec
937 2127 1132 2194 Hieronymus.

636 2355 772 2407 ORATIO

190 2521 305 2572 Domine
318 2523 380 2573 lesu
397 2523 512 2584 Christe,
525 2524 558 2575 de
574 2534 620 2575 tua
632 2524 729 2591 pietate
741 2524 868 2586 confisus,
882 2526 915 2576 ad
926 2537 953 2577 te
967 2526 1043 2592 pium
1058 2527 1206 2588 medicum,
1222 2541 1271 2593 ego

165 2595 242 2658 quasi
260 2596 389 2660 leprosus,
404 2595 530 2646 varietate
546 2607 714 2661 peccatorum
728 2612 875 2662 respersus,
891 2596 1033 2664 confugio;
1052 2598 1085 2648 ad
1099 2596 1205 2648 fontem
1219 2597 1272 2647 mi-

160 2670 377 2732 sericordiarum,
392 2684 441 2734 ego
453 2669 613 2722 immundus
626 2671 738 2722 maculis
746 2672 873 2723 vitiorum
885 2688 973 2732 curro,
985 2683 1011 2724 et
1020 2674 1134 2738 supplex
1144 2682 1171 2723 te
1179 2686 1272 2733 exoro,

163 2751 294 2806 quatenus
306 2740 426 2805 digneris
441 2756 529 2790 meam
543 2756 637 2792 sanare
652 2741 845 2803 infirmitatem,
857 2745 944 2794 lavare
958 2743 1116 2804 foeditatem,
1131 2754 1157 2795 et
1171 2759 1216 2795 me
1226 2742 1271 2794 di·

158 2812 246 2876 rigere
259 2811 293 2860 ad
306 2812 428 2862 salutem.
446 2810 486 2862 Da
504 2811 581 2872 mihi,
597 2824 628 2862 ut
643 2828 748 2879 semper
762 2813 890 2864 beneficia
902 2823 948 2864 tua
963 2813 991 2863 in
1006 2814 1086 2864 corde
1102 2814 1228 2875 habeam,
1243 2824 1272 2865 et

157 2887 190 2936 de
204 2885 337 2936 universis
353 2886 450 2951 gratias
469 2886 519 2936 tibi
533 2901 628 2952 agam;
644 2888 690 2939 sed
704 2887 770 2954 quia
790 2888 873 2938 homo
890 2888 1020 2949 mortalis,
1039 2887 1109 2939 cinis
1129 2899 1156 2940 et
1172 2888 1269 2956 pulvis,

159 2973 207 3008 nec
219 2974 305 3013 unum
320 2975 368 3024 pro
382 2959 458 3010 mille
469 2961 566 3026 gratias
580 2960 676 3011 referre
690 2960 797 3021 sufficit,
809 2960 924 3012 referant
938 2960 986 3012 tibi
1002 2970 1090 3027 grates
1099 2977 1149 3027 pro
1164 2977 1210 3013 me
1219 2961 1271 3013 vir·

160 3044 194 3093 go
206 3028 289 3078 Maria
306 3040 332 3079 et
347 3045 439 3081 ornnes
453 3033 523 3081 cives
537 3031 749 3097 supercoelestes,
760 3042 840 3098 atque
858 3035 949 3082 omnis
962 3041 1082 3082 creatura
1095 3047 1159 3098 quae
1170 3032 1269 3085 divinae

156 3099 242 3149 laudis
263 3098 298 3149 sit
310 3100 427 3151 materia.
447 3101 541 3153 Amen.

613 3488 813 3600 agg&
895 3642 897 3647 .
