2632 4312
288 279 335 329 DE
353 276 532 330 GLORIOSA
547 273 675 327 nomm
690 275 941 331 susceptionis.

55 411 151 447 varam
173 402 200 445 et
213 393 379 459 palmarem,
405 399 432 442 et
448 402 591 458 paream·

54 474 120 520 rant
144 466 251 518 obviant
270 466 295 515 εἰ
318 475 480 523 reverenter,
503 478 590 529 usque

53 539 86 591 ad
108 546 232 588 montem
255 536 369 599 Oliveti;
392 545 418 586 et
438 544 469 587 ut
488 535 589 600 Regem

53 625 117 660 cum
132 607 246 674 hymnis
261 614 287 656 et
298 605 418 668 canticis,
431 621 461 655 ac
473 603 591 655 restium

53 694 166 732 suarum
194 687 220 727 et
238 692 378 727 ramorum
401 676 541 736 stratione,
560 688 590 725 ac

54 751 149 802 laetitia
164 765 264 816 magna
283 764 345 799 eum
363 747 512 798 honorifice
527 762 591 797 sus-

54 831 196 889 ceperunt;
213 830 238 871 et
250 820 283 871 ab
303 821 351 870 illo
370 822 429 871 loco
441 833 530 885 usque
544 818 590 868 Je-

56 896 183 950 rusalem.
204 910 267 945 curn
285 894 397 960 hymnis
415 902 443 944 et
464 891 590 943 laudibus

56 969 236 1027 deduxerunt,
250 976 377 1016 canentes
392 983 398 1015 :

58 1109 165 1171 Gloria,
178 1108 239 1159 latis
255 1114 283 1157 et
295 1107 381 1157 bonor
396 1106 446 1157 nti
460 1108 505 1170 sit,
525 1106 591 1156 Rex

285 1177 404 1242 [Christe
416 1178 589 1243 Redemptor.

57 1321 139 1382 Quod
159 1319 251 1370 divina
271 1318 470 1385 dispensatione
489 1318 591 1369 lactum

56 1391 589 1457 est,addesignandumvictoriam,quam

55 1464 183 1515 Christus
196 1463 331 1514 Dominus
350 1474 407 1513 erat
422 1463 450 1513 in
465 1463 591 1528 proximo

55 1535 208 1595 habiturus,
223 1549 277 1600 qua
291 1544 346 1583 erat
366 1535 508 1584 moriendo
523 1548 592 1583 mor·

56 1615 112 1655 tem
123 1615 308 1670 superaturus,
320 1614 347 1654 et
358 1605 480 1668 trophaeo
493 1603 591 1665 crucis,

57 1677 91 1728 de
110 1677 218 1727 diabolo
237 1677 334 1726 mortis
351 1677 472 1742 principe
490 1676 591 1726 trium-

56 1750 197 1817 phaturus.
209 1750 273 1800 Haec
286 1749 422 1815 processio
437 1749 466 1798 in
477 1765 537 1799 arca
546 1748 593 1800 foe·
612 1738 620 1789 i

57 1820 130 1872 deris
145 1820 315 1887 praefigurata
332 1819 393 1880 fuit,
410 1835 492 1886 quam
506 1819 591 1870 David

57 1890 86 1940 in
96 1891 182 1956 jubilo
193 1891 312 1940 deduxit.
326 1891 389 1940 Post
398 1890 527 1939 Lanarum
536 1904 593 1940 sus·

57 1963 184 2024 citatum,
207 1973 233 2013 et
252 1973 423 2028 unguentum
444 1978 525 2028 super
544 1977 591 2012 ca-

57 2044 106 2100 put
124 2035 187 2085 iesu
203 2034 329 2094 effusum,
348 2035 430 2085 odore
445 2034 523 2084 famae
536 2034 593 2098 ejus

57 2106 112 2170 jam
126 2121 249 2170 resperso
264 2106 293 2154 in
315 2107 415 2171 populo
430 2121 477 2171 per
493 2104 592 2155 circui-

58 2187 127 2236 tum,
139 2175 282 2241 praesciens
293 2175 350 2240 ipse
362 2176 470 2225 turbam
484 2175 592 2225 obviarn

59 2246 114 2297 sibi
126 2257 277 2305 venturam,
295 2246 414 2296 ascendit
428 2247 551 2308 asellum,
563 2255 594 2297 ut

59 2319 130 2367 inter
152 2318 297 2383 applausus
320 2318 519 2368 occurrentium
542 2333 593 2382 po-

58 2387 188 2454 pulorum
211 2387 286 2437 mirae
314 2387 445 2452 praeberet
470 2387 594 2437 humili-

58 2457 121 2508 tatis
142 2459 304 2523 exemplum.
327 2459 398 2507 Inter
420 2458 472 2508 alia
494 2459 595 2524 quippe

60 2530 162 2582 Christi
186 2530 316 2580 miracula
339 2531 456 2580 maxime
476 2531 595 2580 miracu·

60 2603 118 2651 lum
141 2600 264 2651 auditum
290 2601 323 2649 de
349 2601 448 2650 Lazaro
467 2601 500 2650 ad
526 2600 596 2651 hanc

59 2669 232 2722 devoiionem
254 2680 280 2719 et
301 2669 480 2721 honorificam
501 2671 595 2721 obvia-

60 2744 164 2794 tionem
188 2759 234 2793 eos
258 2743 419 2806 commovit;
446 2743 523 2809 quia,
550 2759 595 2794 se·

60 2815 179 2864 cundum
200 2813 391 2879 Augustarum,
414 2814 484 2864 inter
504 2815 597 2864 omnia

61 2886 191 2936 miracula
205 2901 264 2951 quae
276 2886 340 2936 fecit
356 2886 491 2936 Dominus
506 2895 598 2938 noster

60 2961 138 3010 Jesus
157 2959 293 3019 Christus,
320 2959 409 3009 Lazari
428 2960 597 3010 resuscitatio

60 3029 196 3095 praecipue
224 3029 392 3094 praedicatur.
420 3030 493 3079 Istud
522 3030 597 3081 enim

60 3100 211 3151 evidentius
244 3110 271 3150 et
302 3099 456 3150 mirabilius
487 3100 597 3166 signum

60 3181 131 3234 erat;
153 3181 179 3220 ct
200 3170 261 3219 ideo
279 3171 377 3220 ultimo
398 3170 488 3235 ipsum
510 3175 607 3223 reser-'

60 3241 144 3301 vavit,
170 3251 202 3290 ut
225 3240 312 3306 magis
338 3255 432 3289 eorum
459 3242 598 3292 memoriae

61 3313 273 3378 imprimeretur.
298 3313 435 3362 Miraculis
453 3328 516 3378 ergo
542 3325 599 3365 tra-

62 3385 207 3447 hebantur,
220 3386 267 3452 qui
282 3385 371 3435 verbis
388 3400 443 3433 non
458 3387 599 3438 moveban-

62 3465 116 3506 tur.
132 3455 184 3506 Ubi
201 3455 336 3522 Origenes
355 3473 363 3504 :
383 3473 397 3501 n
418 3455 531 3506 Pulchre
547 3473 599 3507 au-

62 3535 118 3576 tem
142 3526 248 3584 turbas,
277 3527 416 3576 laudantes
438 3527 539 3591 Deum,
565 3528 598 3579 ad

63 3597 265 3647 descensionem
281 3599 382 3648 montis
398 3598 544 3649 occurrisse
557 3602 599 3651 le-

63 3671 164 3735 gimus,
177 3680 208 3720 ut
222 3681 388 3735 operatorem
404 3672 525 3738 mysterii
539 3673 599 3740 spi-

63 3740 169 3791 ritualis
184 3740 366 3806 significarent
380 3741 433 3792 sibi
448 3743 554 3794 venisse
566 3745 600 3794 de

64 3813 139 3862 coelo.
153 3831 167 3858 n
181 3812 233 3862 Ubi
251 3823 277 3861 et
291 3813 367 3862 Beda
380 3831 388 3863 .·
402 3831 415 3859 a
427 3814 599 3864 Descenden-

65 3892 90 3932 te
104 3882 186 3932 etiam
205 3882 324 3933 Domino
343 3883 376 3934 de
392 3893 492 3935 monte
506 3885 599 3937 Oliva-

1125 296 1177 347 aoy

643 406 714 451 rum,
727 391 813 442 turbas
829 392 1080 458 descendunt,quia
1090 393 1180 446 humi·

643 462 708 513 liato
721 463 912 517 misericordie
926 465 1052 531 Auctore,
1070 483 1179 521 necesse

642 541 682 585 est
702 535 817 600 eosqui
839 535 1022 588 misericordia
1045 537 1175 605 indigent,

642 607 700 671 ejus
714 606 827 672 vestigia
841 607 950 659 imitari.
965 626 979 656 a

673 693 689 726 a
712 677 784 736 Qum
803 694 951 729 stermrcnr
966 695 1018 731 vox
1031 681 1176 734 Hosaunn't

641 777 673 787 -
681 749 753 799 Cum
766 759 855 800 autem
869 751 956 800 turbae
965 751 1104 803 obviantes
1117 769 1177 820 per·

642 821 780 874 venissent
799 824 833 873 ad
854 823 1004 886 Christum,
1027 825 1096 877 facta
1122 829 1175 879 sibi

641 892 796 954 reverentia,
818 905 1019 958 praecesserunt,
1043 896 1105 946 aliis
1131 913 1177 949 se-

641 963 789 1030 quentibus
803 963 910 1028 ipsum3
925 975 951 1014 et
969 966 1008 1015 sic
1025 977 1082 1017 erat
1094 968 1175 1018 Chri·

641 1045 699 1086 stus
715 1035 744 1084 in
762 1035 851 1085 medio
866 1052 970 1087 eorum.
985 1038 1062 1088 Unde
1082 1040 1176 1105 sequi-

641 1107 1174 1175 turzrureoearnemquoeproecedebanr,

641 1184 668 1228 et
680 1192 741 1244 qua
756 1179 935 1243 sequebantur
951 1179 1114 1244 clamabant,
1130 1183 1175 1233 di-

642 1256 730 1300 centes
743 1267 753 1300 .·
766 1251 901 1301 Hosanna
908 1251 973 1316 fllia
985 1253 1086 1315 Dauid,
1102 1256 1176 1320 quod

641 1330 681 1372 est
693 1337 746 1372 vox
757 1322 951 1373 exsultantium
966 1325 1064 1389 pariter
1075 1335 1102 1375 et
1115 1325 1177 1376 lau-

642 1391 774 1453 dantium,
794 1393 836 1442 vel
859 1394 1069 1456 obsecrantium,
1091 1397 1178 1462 magis

642 1461 766 1512 affectum
790 1463 924 1524 indicans,
952 1481 1034 1531 quam
1057 1467 1176 1534 aliquam

643 1549 700 1583 rem
720 1533 886 1598 significans,
904 1535 974 1585 sicut
990 1537 1074 1588 racha
1094 1538 1177 1589 inter-

643 1604 721 1669 jectio
741 1603 906 1671 indignantis
919 1606 1028 1668 dicitur,
1045 1608 1114 1658 nihil
1128 1625 1177 1659 ex-

644 1693 735 1743 presse
752 1678 904 1743 designans.
920 1679 1007 1740 Unde,
1025 1682 1176 1732 secundum

643 1761 746 1807 vocem,
771 1763 859 1813 neque
877 1750 994 1813 Graecus,
1017 1767 1106 1816 neque
1124 1754 1177 1801 La-

643 1822 719 1872 tinus
740 1821 909 1887 interpretari
930 1823 1031 1888 potuit;
1055 1825 1111 1884 sed,
1133 1840 1178 1874 se-

643 1893 763 1942 cundum
773 1908 894 1953 sensum,
903 1893 1180 1961 interpretanturqui-

644 1965 706 2014 dam
722 1964 854 2029 salvifica,
870 1965 921 2025 vel,
937 1965 1041 2016 aarum
1061 1980 1102 2015 me
1117 1966 1179 2031 sac.

645 2035 678 2086 Et
695 2045 735 2085 est
750 2034 872 2086 hosanna
888 2035 1001 2087 verbum
1022 2037 1179 2100 Hebraeum,

645 2121 676 2156 ex
690 2116 816 2171 corrupto
830 2116 858 2156 et
868 2106 976 2172 integro
988 2107 1180 2173 compositum.

645 2178 750 2229 Dicitur
759 2178 834 2228 enim
845 2179 976 2243 hosanna,
989 2180 999 2230 i
1012 2180 1100 2232 littera
1112 2180 1180 2231 sub-

644 2260 736 2310 tracta,
752 2249 829 2315 quasi
849 2250 980 2303 hosianna
1001 2269 1010 2301 .·
1033 2251 1098 2303 hosi
1116 2267 1181 2317 ergo

645 2329 812 2386 corruptum,
822 2335 894 2370 anna
907 2331 947 2371 est
960 2321 1107 2387 integrum;
1117 2323 1181 2374 hosi

645 2400 736 2440 autem
750 2390 822 2456 apud
842 2406 890 2440 eos
912 2391 1101 2456 interpretatur
1121 2393 1180 2443 sal-

647 2475 689 2524 va,
704 2461 757 2520 vel,
775 2459 909 2527 salvifica,
924 2463 976 2520 vel,
995 2463 1099 2512 saluum
1113 2463 1181 2527 fac5

647 2544 673 2584 et
692 2547 763 2582 anna
779 2543 819 2583 est
839 2534 988 2597 interjectio
1005 2535 1181 2594 obsecrantis,

648 2603 719 2653 sicut
739 2603 811 2666 apud
831 2618 881 2653 nos
899 2603 949 2653 heu
970 2604 1096 2663 dolentis,
1118 2619 1181 2655 nam

648 2676 718 2726 sicut
738 2675 811 2739 apud
839 2690 889 2724 nos
912 2690 928 2725 a
951 2677 1058 2726 dolente
1083 2677 1182 2728 dicitur

625 2789 628 2797 .
648 2747 705 2809 heu,
718 2745 757 2796 sic
768 2746 839 2811 apud
854 2745 915 2796 illos
929 2747 963 2796 ab
975 2747 1133 2797 obsecrante
1146 2747 1184 2797 di-

648 2820 719 2870 citur
732 2833 813 2880 anna,
832 2829 860 2868 et
875 2819 946 2869 valet
964 2820 1035 2884 apud
1057 2836 1106 2870 nos
1127 2820 1182 2870 uti-

649 2907 720 2956 nam,
735 2892 810 2956 quod
830 2901 871 2941 est
886 2892 1045 2943 adverbium
1064 2893 1183 2958 optandi.

649 2963 686 3014 Et
695 2963 755 3013 ideo
765 2962 887 3012 hosanna
899 2972 1004 3012 tantum
1013 2963 1091 3021 valet,
1101 2978 1185 3029 quan-

650 3045 709 3084 tum
723 3033 824 3083 atinam
840 3033 984 3097 salvemur,
998 3034 1050 3094 vel,
1064 3036 1182 3097 obsecro,

650 3105 737 3155 salua.
759 3103 793 3154 Et
816 3103 880 3170 quia
900 3104 957 3154 haec
984 3104 1134 3171 interjectio
1156 3105 1185 3154 in

652 3175 748 3225 Latino
763 3191 819 3224 non
833 3174 949 3224 habetur
962 3175 1080 3241 eloquio,
1094 3175 1185 3241 posuit

651 3261 701 3311 pro
714 3260 746 3295 ea
760 3255 850 3295 noster
861 3246 1052 3311 Hieronymus,
1065 3248 1183 3296 obsecro.

652 3315 730 3366 Unde
749 3324 776 3364 et
799 3314 826 3363 in
852 3315 979 3375 Psalmis,
1000 3316 1047 3365 ubi
1068 3317 1185 3380 Septua-

651 3386 726 3452 ginta
744 3386 904 3451 interpretes
918 3387 1115 3436 transtulerunt
1133 3402 1140 3434 ε
1162 3386 1186 3435 0

651 3456 773 3519 Domine,
786 3457 890 3506 salvum
904 3471 944 3507 me
953 3457 1014 3521 sac,
1031 3456 1057 3505 in
1073 3456 1185 3505 Hebraeo

651 3527 785 3592 scripturn
807 3538 848 3577 est
869 3544 876 3576 ε
896 3529 984 3589 Anna,
1004 3526 1122 3589 Adonai,
1137 3527 1186 3577 ho·

652 3599 758 3661 manna,
775 3600 847 3665 quod
863 3599 995 3663 interpres
1009 3608 1102 3647 noster
1118 3597 1186 3648 Hie·

652 3685 783 3735 ronymus
806 3669 963 3733 diligentius
983 3669 1130 3724 elucidans,
1149 3668 1186 3718 ita

652 3744 747 3794 Latine
763 3743 901 3793 transtulit
918 3759 925 3791 ι
947 3742 1072 3804 Obsecro,
1089 3743 1186 3793 Domi-

652 3831 692 3878 ne,
715 3815 803 3877 salva,
829 3815 948 3864 obsecro.
969 3815 1042 3865 Idem
1069 3829 1187 3882 namque

653 3887 749 3953 signat,
764 3902 779 3938 o
794 3886 917 3951 Domine,
936 3902 984 3952 per
1001 3887 1088 3954 ipsam
1103 3888 1188 3939 inter-
