2632 4320
118 234 165 286 DE
182 238 311 288 MALED.
323 240 446 300 FICUL.‚
464 240 572 291 GRAN.
589 241 783 304 FRUMENT,
801 244 847 294 ET
864 243 980 294 PRINC.
999 246 1123 297 MUNDI.
1139 264 1192 314 247

70 352 164 402 ficiens
177 365 246 416 erat;
262 355 402 406 nonenim
418 355 518 406 sufficit
527 357 608 406 corde

68 427 178 477 credere
204 427 238 476 ad
263 428 404 493 justitiam,
431 430 477 480 sed
501 439 607 494 oportet

68 498 152 548 etiam
176 515 221 549 ore
235 499 356 550 confiteri
379 502 411 550 ad
435 502 559 552 salutem.
574 503 607 552 Et

69 569 98 618 in
123 568 184 630 hoc,
201 570 320 620 humana
343 572 429 636 gloria
452 581 493 622 est
516 572 606 636 parvi-

68 641 220 706 pendenda,
235 652 261 691 et
275 643 365 692 omnis
377 658 456 708 poena
473 642 606 708 patienter

68 714 218 775 toleranda,
238 715 303 780 quia
328 716 419 765 omnis
443 731 522 781 poena
545 732 605 782 quae

67 803 117 852 pro
140 787 244 852 justitia
269 788 425 852 sustinetur,
451 799 492 839 est
518 788 605 839 meri-

67 857 147 918 toria,
182 867 212 908 ut
243 875 306 909 cum
334 859 464 924 Apostolo
490 859 606 924 quilibet

66 927 159 993 dicat:
174 928 248 982 Mihi
273 935 363 980 autem
390 930 462 980 abrit
474 929 603 996 glorie-i,

68 998 123 1049 nisi
149 1000 177 1049 in
201 1013 279 1051 cruoe
296 999 406 1050 Domini
428 999 515 1051 nostri
536 1000 603 1051 Jesu

68 1068 184 1130 Christi,
213 1084 265 1136 per
289 1085 364 1136 quem
395 1070 460 1121 mihi
489 1071 605 1122 murmur

69 1137 223 1206 crucifixus
254 1146 303 1202 ert,
334 1147 361 1190 et
403 1154 455 1207 ego
492 1141 602 1190 mundo.

66 1211 223 1260 Secundum
251 1212 442 1277 Augustinum,
469 1211 604 1261 Dominus

67 1296 173 1332 crucem
189 1297 266 1332 suam
284 1283 313 1333 in
331 1282 468 1334 frontibus
491 1284 604 1335 creden-

67 1355 138 1403 tium
158 1353 226 1416 fixit,
242 1355 289 1405 ubi
309 1357 510 1422 quodammodo
529 1356 605 1406 sedes

67 1433 107 1474 est
123 1424 300 1485 verecundiae‚
321 1435 351 1476 ut
372 1426 405 1475 de
421 1425 532 1476 nomine
548 1425 604 1489 ejus

67 1495 155 1546 fidelis
170 1513 227 1546 non
248 1497 394 1556 erubescat,
410 1506 435 1547 et
453 1497 540 1562 magis
554 1495 604 1547 Dei

66 1567 185 1632 gloriam
210 1583 296 1634 quam
319 1568 469 1619 huminum
489 1567 602 1634 diligat3

67 1638 143 1689 unda
161 1638 208 1689 ille
227 1638 275 1704 qui
296 1637 566 1705 Evangeuumuegitc
578 1647 605 1690 et

67 1709 155 1760 etiam·
164 1709 204 1761 ilii
219 1709 267 1776 qui
282 1709 406 1771 audiunt,
421 1709 609 1776 siguoxerucis

69 1781 231 1846 resignant.

100 1867 128 1901 1.1
153 1852 183 1903 Α
200 1852 300 1903 Junrus
322 1867 471 1905 merorum
488 1868 523 1905 sa
541 1853 608 1903 Do·-

68 1940 202 1976 uuuss-
217 1925 289 1977 Post.
300 1924 364 1977 hec
381 1936 474 1978 amem
492 1925 607 1977 tandem

67 1996 202 2047 Dominus
213 1995 364 2062 Jesur‚.qui
378 2006 510 2048 aemtanrr
522 1997 605 2048 eorda

67 2066 228 2127 homiuum,¹
240 2082 410 2132 cognoscens
421 2065 545 2122 furorem
565 2069 606 2120 ir*

663 358 760 417 lorum,
772 368 798 409 et
807 358 939 409 malitiam
954 376 1035 425 quam
1048 362 1100 422 iam
1115 364 1148 412 de
1163 379 1195 414 eo
1222 369 1224 373 '

662 428 806 479 occidendo
830 441 1019 495 conceperant,
1048 441 1074 480 et
1102 434 1196 484 rolens

662 500 707 550 'eos
729 501 885 565 praevenire,
906 519 959 552 non
984 505 1146 568 exspectavit
1166 517 1196 556 ut

662 571 690 621 in
706 588 774 638 opus
789 572 873 635 irent,
890 574 935 622 sed
957 574 1033 636 abiit,
1049 575 1196 626 recedendo

644 706 647 713 ,
661 641 901 707 apersecutoribus
911 642 977 703 suis,
991 643 1055 709 quia
1069 645 1123 710 jam
1139 662 1195 696 non

660 715 825 780 recipiebant
841 715 899 779 ejus
920 715 1078 778 doctrinam,
1102 724 1128 768 et
1146 720 1196 768 ab·

661 785 765 836 scandit
786 799 815 836 se
831 787 866 835 ab
876 784 925 848 eir,
941 785 1068 851 mitigans
1085 787 1195 838 illorum
1287 793 1289 796 ’

661 856 792 908 invidiam
807 867 833 908 et
845 857 974 918 furorem,
991 858 1056 924 quia
1071 860 1194 911 nondum

660 937 767 979 uenerat
783 928 857 981 herm
865 927 1002 979 Passionis
1013 944 1079 980 suae.
1094 931 1123 980 ln
1139 947 1194 997 quo

660 998 739 1049 nobis
760 999 913 1065 exemplum
927 998 1009 1063 dedit,
1024 1009 1056 1050 ut
1076 1015 1139 1050 cum
1160 1003 1193 1053 de

659 1068 817 1134 aliquorum·
839 1069 942 1120 malitia
965 1070 1044 1120 nobis
1070 1082 1191 1134 constat,

660 1140 738 1192 etiam
754 1151 899 1208 antequam
913 1151 1016 1207 patrare
1035 1158 1116 1211 opere
1130 1152 1192 1194 ten-

659 1221 730 1272 tent,
756 1211 848 1277 fugere
870 1213 1023 1264 debeamus.
1044 1213 1193 1264 Abscondit

660 1298 688 1334 se
706 1283 742 1334 ab
758 1283 810 1347 eir,
833 1283 928 1334 faciem
952 1284 1115 1350 cognitionis
1136 1300 1192 1336 suae

659 1355 699 1404 eis
722 1353 911 1415 subducendo,
935 1355 1008 1421 quod
1037 1355 1192 1405 excaecatio-

659 1442 721 1476 nem
742 1442 853 1486 eorum,
877 1436 903 1477 et
925 1425 1069 1476 transitum
1092 1425 1154 1476 fidei
1177 1442 1193 1476 a

658 1496 759 1547 Judaeis
776 1496 808 1546 ad
831 1497 931 1547 Gentes
952 1495 1131 1562 significabat.
1153 1497 1193 1547 Et

658 1582 718 1619 eum
738 1581 855 1633 verpere·
862 1567 950 1632 facte
968 1573 1053 1629 esset,
1066 1567 1192 1632 egredie-

659 1639 737 1689 batur
746 1637 1196 1703 Dominuacumdiscipulisduoe·

658 1710 753 1761 decim.
767 1708 933 1771 denivitate,
953 1718 979 1761 et
999 1709 1121 1761 rediitin
1145 1711 1194 1761 Be.—

658 1780 1192 1846 thmiem,ibi.mi'teserjustos,deregnu

658 1853 709 1903 Dei
721 1851 882 1916 dooensein
901 1849 953 1904 dia
966 1860 1060 1903 contra
1081 1866 1195 1916 perver-

657 1935 739 1975 soset
753 1922 1079 1990 mummperetoquens,
1091 1937 1191 1988 eosque

657 2012 713 2062 prm
726 1995 856 2049 moribus
868 1993 963 2060 pravis
973 1994 1152 2060 redarguens..
1165 2003 1195 2045 et.

656 2063 1164 2121 nonterminhneimitarierudiensa

562 2313 698 2364 ORATIO

97 2487 218 2539 Domine
235 2488 300 2540 Jesu
316 2488 492 2551 Cirristmda.
503 2489 578 2544 mihi
596 2499 628 2541 ut
648 2506 708 2545 non.
725 2491 819 2543 solum
836 2489 910 2548 four,
932 2488 985 2540 hoe
1003 2497 1043 2538 est
1061 2488 1149 2539 verba¹
1163 2498 1195 2540 et

69 2562 420 2629 estimat-‚ionemjustitiam¹
437 2565 487 2617 sed,
503 2573 544 2616 ut.
554 2563 658 2616 fructus
676 2579 790 2629 operum
805 2563 929 2626 habeam,
948 2577 982 2611 ne
997 2577 1015 2612 a
1028 2571 1054 2611 te
1068 2575 1196 2626 unquam,

70 2634 295 2687 maledictionem:
306 2637 453 2688 incurram.
468 2637 513 2687 Da·
521 2636 597 2689 mihi
615 2644 645 2686 ut
667 2645 804 2702 tanquam.
816 2649 895 2685 verus
908 2643 976 2687 tuus
988 2631 1120 2692 minister,
1140 2648 1189 2697 pro

70 2705 179 2757 modulo
196 2721 258 2756 meo
272 2716 419 2773 tesequar,
434 2717 467 2760 ut
477 2707 525 2759 uhi
543 2716 581 2761 tut
593 2722 631 2768 es,
652 2715 685 2757 er.
695 2721 750 2773 ego
762 2721 827 2758 esse
835 2703 1052 2757 mereamur-aha
1070 2714 1193 2768 mepost·

70 2785 103 2836 te,
121 2777 289 2842 banereem,
306 2793 367 2830 non
380 2778 468 2830 trahat
486 2778 599 2831 duicedo
614 2777 706 2839 seculi,
723 2776 779 2830 sed.
790 2776 886 2829 tnahatt
895 2791 946 2830 ma
955 2774 1074 2828 suavitas
1088 2773 1193 2827 amoris

69 2848 116 2900 tui.
131 2850 177 2902 Sit
186 2860 282 2904 tecum
295 2851 413 2904 inmun
422 2851 528 2918 jugiter·
536 2851 653 2903 intentio
668 2851 788 2916 messuit
807 2847 1192 2905 mecumiruterracontiuuu,

70 2922 200 2987 protectio
214 2933 274 2987 tuas
295 2924 453 2977 adhmem
466 2919 525 2976 tibi
533 2924 768 2991 inseparabiliter,
779 2924 900 2976 serviam
911 2923 962 2977 tihi
979 2931 1195 2989 perseverantem.

69 3009 193 3059 quaeraen.
206 3004 240 3055 te·
251 2994 383 3055 fidetitcr,
397 2995 541 3050 inveniam
550 2992 885 3061 tevfeltci'tenposridmm
901 3003 928 3045 te
943 2994 1114 3055 eternaliter,
1131 2993 1188 3046 Rex

70 3067 489 3120 mnasonemmeumumm
