2632 4320
346 278 391 328 DE
408 278 537 329 LUMBIS
553 276 786 342 PRAECINCTIS,
804 280 882 333 ETC.

52 395 149 445 dorum
175 402 216 444 est
251 392 371 458 justitia,
397 409 458 460 quae
483 393 513 443 tit
539 407 586 458 per

50 463 168 530 rigorem
183 462 351 528 disciplinae:
369 473 395 514 et
409 464 445 514 ita
463 479 509 529 per
527 462 586 527 pri-

52 550 129 586 mum
145 533 236 585 fluxus
251 534 445 600 cogitationum
470 545 496 585 et
512 533 586 584 desi-

52 605 191 656 deriorum
213 605 351 655 inutilium
375 605 531 671 reprimitur
557 604 586 654 in

53 687 161 741 mente;
184 693 231 744 per
252 679 400 728 secundum
416 677 505 727 fluxus
519 693 587 727 con-

54 749 282 814 cupiscentiarum
303 749 450 799 carnalium
472 759 496 799 et
520 764 587 815 ope-

54 837 115 872 rum
130 820 303 886 restringitur
317 822 345 871 in
360 837 448 872 carne.
458 823 588 872 Lucernae

54 893 182 944 ardentes
206 903 270 943 sunt
301 894 429 944 doctrinae
458 895 534 944 clarae
562 902 589 943 et

55 964 160 1026 lucidae,
171 974 197 1016 et
212 966 332 1030 exempla
346 967 416 1016 bona
431 982 462 1017 ex
472 966 588 1025 caritate,

54 1050 116 1102 quae
127 1035 225 1085 debent
238 1050 294 1085 esse
306 1036 332 1085 in
345 1037 466 1087 manibus
478 1036 587 1099 nostris,

54 1115 85 1157 ut
97 1107 261 1172 impleamus
273 1121 361 1172 opere.
374 1108 504 1174 Lucerna
515 1121 588 1172 ergo,

54 1193 102 1243 per
117 1179 251 1229 bonorum
266 1193 423 1228 sermonum
437 1190 463 1229 et
475 1194 588 1245 operum

54 1249 228 1310 evidentiam,
252 1249 385 1313 ardenter,
411 1265 457 1315 per
482 1259 588 1301 aeternae

53 1319 171 1370 caritatis
186 1319 328 1397 fervorem,
347 1329 373 1370 et
392 1321 520 1382 lucentes,
543 1335 590 1386 per

54 1400 153 1441 sanctae
173 1391 386 1441 conversationis
410 1393 588 1457 splendorem,

54 1463 157 1514 sintin
178 1463 301 1513 manibus
319 1463 428 1523 nostris,
451 1463 478 1513 id
502 1462 589 1514 estin

55 1533 187 1598 operibus
201 1533 290 1593 bonis,
310 1529 380 1583 sic'ut
395 1535 515 1584 loannes
530 1538 591 1583 erat

55 1604 170 1654 lucerna
183 1603 284 1653 ardens
300 1610 326 1654 et
341 1603 438 1654 lucens.
453 1604 506 1655 Ubi
518 1603 590 1654 Gre-

55 1675 154 1742 gorius
177 1693 185 1726 :
211 1693 225 1722 «
249 1676 370 1726 Lumbos
391 1676 589 1743 praecingimus,

57 1761 121 1797 cum
136 1744 226 1796 carnis
237 1747 372 1796 luxuriam
385 1762 432 1812 per
446 1747 591 1798 continen-

58 1818 125 1869 tiam
138 1827 305 1868 coarctamus
317 1834 324 1881 3
338 1819 460 1869 lucernas
468 1819 592 1868 ardentes

57 1889 86 1940 in
99 1887 230 1939 manibus
241 1898 374 1950 tenemus,
387 1906 448 1939 cum
462 1890 592 1956 perbona

56 1976 139 2027 opera
156 1959 288 2026 proximis
299 1961 400 2011 nostris
414 1961 483 2011 lucis
498 1976 592 2012 exem-

56 2032 101 2097 pla
120 2039 339 2080 monstramus.»
360 2031 392 2080 Et
408 2030 591 2096 Fulgentius:

58 2123 71 2150 r
95 2103 199 2154 lubens
223 2102 355 2152 Dominus
382 2113 412 2153 ut
436 2103 491 2153 sint
511 2103 593 2153 lumbi

57 2176 144 2227 nostri
161 2175 313 2241 praecincti,
339 2176 448 2226 mandat
468 2185 498 2226 ut
523 2176 593 2226 mala

56 2246 192 2298 desideria
218 2257 297 2313 atque
328 2261 409 2312 opera
440 2247 592 2314 fugiamus;

56 2319 154 2384 jubens
168 2327 199 2368 ut
215 2317 270 2367 sint
291 2328 390 2368 nostrae
409 2319 526 2369 lucernae
543 2334 593 2369 ar-

58 2390 159 2452 dentes,
177 2397 269 2439 monet
280 2399 311 2438 ut
325 2389 396 2439 bona
410 2388 555 2455 diligamus
568 2399 595 2439 et

58 2463 199 2514 faciamus.
230 2481 243 2510 n
274 2462 350 2512 Prius
376 2478 439 2528 ergo
463 2461 595 2529 praecinge

58 2534 180 2595 lumbos,
195 2543 221 2584 et
237 2542 302 2583 tunc
316 2534 430 2585 accende
444 2533 593 2596 lucernam;

60 2608 146 2675 prius,
165 2606 270 2658 declina
286 2622 304 2658 a
320 2608 401 2670 mala,
425 2615 451 2657 et
469 2617 533 2656 tunc
543 2605 596 2670 sac

61 2682 174 2744 bonum5
190 2679 276 2747 prius,
301 2681 407 2746 quiesce
427 2693 512 2744 agere
527 2692 595 2744 per-

61 2766 157 2814 verse,
185 2756 211 2800 et
235 2760 300 2801 tunc
327 2751 400 2802 disce
432 2749 595 2816 benefacere.

62 2820 141 2880 Nam,
157 2828 188 2870 ut
201 2819 239 2870 ait
250 2820 430 2886 Augustinus,
446 2836 502 2869 non
517 2818 596 2868 nobis

61 2890 144 2943 infert
153 2891 227 2942 Deus
240 2892 311 2942 bona
326 2906 383 2949 sua,
397 2889 449 2940 nisi
465 2890 535 2940 mala
548 2905 596 2939 au·

61 2965 115 3018 lert
130 2976 241 3031 nostra;
260 2976 286 3016 et
305 2966 334 3016 in
356 2976 461 3016 tantum
477 2965 523 3015 illa
537 2979 596 3014 cre-

61 3047 152 3101 scunt,
163 3036 192 3087 in
207 3046 341 3103 quantum
357 3037 408 3086 ista
421 3035 595 3096 minuuntur;

62 3125 113 3161 nec
137 3109 185 3160 illa
207 3108 388 3175 perficientur,
413 3105 466 3157 nisi
490 3106 540 3155 ista
561 3104 596 3155 fi-

62 3179 183 3232 niantur.
203 3179 281 3240 Item,
299 3188 391 3228 monet
415 3187 446 3227 ut
467 3186 596 3242 tanquam

60 3250 155 3303 fideles
176 3260 202 3302 et
225 3251 371 3317 prudentes
395 3265 425 3300 ac
451 3250 484 3299 de
506 3259 598 3298 nostra

62 3322 185 3376 custodia
199 3323 306 3375 solliciti
327 3331 355 3373 et
374 3321 478 3388 vigiles,
500 3320 597 3371 Domi-

63 3411 131 3447 num
157 3409 173 3445 a
192 3394 296 3461 nuptiis
319 3395 347 3443 in
370 3395 436 3443 coelo
453 3408 501 3458 per
513 3408 598 3458 copu-

62 3465 194 3517 lationem
214 3465 381 3530 Angelorum
409 3463 485 3514 factis
509 3477 598 3513 rever-

63 3545 176 3598 tentem,
201 3536 229 3587 id
255 3545 295 3586 est
317 3535 461 3586 adventum
485 3533 542 3598 ejus
566 3532 598 3581 ad

62 3606 198 3672 iudicium
213 3605 373 3672 particulare
394 3605 422 3655 in
444 3614 539 3664 morte,
558 3602 601 3652 vel

65 3681 189 3749 generale
212 3681 240 3731 in
260 3679 463 3742 resurrectione,
488 3694 550 3729 cum
564 3676 601 3726 ti-

66 3770 143 3807 more
159 3763 186 3807 et
201 3769 294 3805 amore
312 3763 511 3820 exspectemus3
534 3751 603 3802 sicut

66 3825 172 3893 antiqui
201 3825 295 3897 Patres
326 3824 514 3890 exspectabant
540 3835 603 3871 eum

67 3906 216 3950 uenturum
232 3894 263 3947 in
285 3909 403 3946 carnem.
423 3894 510 3954 Quem
536 3892 605 3942 bene

1117 281 1168 348 345

638 403 830 458 exspectamus,
843 397 908 447 dum
919 397 948 448 in
958 399 1015 464 ejus
1024 398 1168 448 adventum

640 466 667 515 in
681 466 809 519 omnibus
831 471 1011 536 nosmetipsos
1037 485 1170 535 praepara·

640 554 710 590 mus.

671 612 869 664 aRarnrsurro
897 630 959 673 Qum
984 631 1072 665 urusr
1098 629 1170 665 vror-

638 696 739 732 naurrs
763 699 796 732 ar
820 684 926 734 Douruo
953 700 1125 735 rranrnurrs.
1138 713 1169 723 -

645 754 681 803 Ut
695 769 753 805 curn
767 757 869 807 venerit
887 763 913 807 et
930 759 1089 824 pulsaverit,
1105 771 1171 808 con-

633 826 730 891 sestim
742 828 767 879 ei
775 829 935 894 aperiamus,
949 841 973 880 et
984 830 1074 895 ipsum
1088 829 1172 879 susci-

640 913 701 963 pere
715 899 798 959 parati
813 899 907 950 simus.
924 901 976 951 Ubi
994 899 1147 965 Gregorius
1162 917 1171 950 r

640 987 654 1016 ι(
680 971 860 1038 Αά,ῐωρῐίαε
896 973 1004 1038 quidem
1037 972 1172 1022 Dominus

641 1042 715 1102 abiit,
737 1059 799 1094 cum
813 1059 956 1110 resurgens
973 1061 988 1095 a
1004 1044 1129 1104 mortuis,
1146 1054 1172 1094 et

640 1114 785 1164 ascendens
801 1114 827 1163 in
845 1117 944 1166 coelum
960 1130 1104 1181 supernam
1118 1112 1171 1164 sibi

640 1183 806 1249 Angelorum
818 1185 1020 1235 multitudinem
1032 1200 1117 1235 novus
1127 1183 1174 1232 ho·

642 1269 688 1304 mo
703 1255 844 1319 copulavit.
865 1256 917 1315 Qui
939 1265 1003 1306 tunc
1022 1254 1171 1316 revertitur,

642 1340 703 1375 curn
717 1326 795 1377 nobis
812 1342 859 1392 per
872 1327 1002 1392 judicium
1016 1325 1173 1376 manifesta-

641 1405 694 1448 tur.
706 1397 788 1447 Venit
801 1397 901 1464 quippe
918 1414 979 1448 cum
996 1395 1174 1462 adjudicium
1217 1434 1221 1441 .

643 1478 781 1532 properat3
798 1468 886 1532 pulsat
897 1483 961 1517 vero
978 1483 1039 1517 curn
1060 1467 1114 1530 jam
1128 1478 1175 1530 per

643 1536 811 1603 aegritudinis
829 1537 967 1587 molestias
982 1546 1098 1586 mortem
1116 1548 1175 1584 esse

641 1607 757 1657 vicinam
789 1606 920 1671 designat.
953 1606 1004 1656 Cui
1035 1604 1175 1655 confestim

642 1677 788 1743 aperimus,
803 1677 826 1729 si
841 1677 914 1727 hunc
930 1692 992 1726 cum
1007 1675 1104 1725 timore
1119 1690 1176 1725 sus·

642 1748 767 1813 cipimus.
781 1747 893 1812 Aperite
904 1746 1004 1797 etenim
1017 1747 1030 1796 J
1034 1745 1106 1795 udici
1119 1745 1176 1813 pul·

643 1820 711 1871 santi
725 1835 780 1870 non
791 1820 857 1880 vult,
867 1819 914 1883 qui
932 1819 1004 1868 exire
1016 1819 1050 1868 de
1065 1830 1177 1881 corpore

643 1894 766 1960 trepidat,
781 1903 807 1944 et
820 1893 908 1944 videre
922 1908 995 1953 eum,
1011 1907 1092 1957 quem
1108 1905 1175 1940 con-

643 1965 784 2031 tempsisse
800 1980 829 2014 se
843 1963 977 2023 meminit,
991 1961 1111 2012 Judicem
1125 1960 1177 2010 for-

645 2035 738 2087 midat.
762 2035 815 2094 Qui
837 2044 926 2085 autem
954 2035 987 2084 de
1011 2047 1060 2082 sua
1081 2046 1127 2097 spe
1150 2039 1177 2081 et

644 2105 799 2172 operatione
826 2120 934 2155 securus
968 2114 1025 2162 est,
1056 2100 1175 2167 pulsanti

645 2175 785 2228 confestim
804 2176 897 2242 aperit,
916 2173 980 2241 quia
1000 2175 1076 2223 laetus
1097 2170 1178 2222 tudi-

644 2266 703 2302 cem
719 2248 850 2314 sustinet;
866 2259 892 2299 et
912 2263 974 2298 cum
988 2257 1096 2312 tempus
1113 2259 1179 2311 pro-

645 2321 755 2387 pinquae
773 2318 869 2370 mortis
883 2318 1030 2384 agnoverit,
1047 2318 1080 2367 de
1093 2314 1178 2382 gloria

646 2391 848 2443 resurrectionis
858 2389 994 2440 hilarescit
1005 2407 1011 2438 :
1021 2407 1034 2435 n
1045 2387 1100 2437 haec
1114 2387 1180 2436 Gre-

646 2462 754 2528 gorius.
773 2461 847 2511 Talis
866 2460 966 2525 quippe
988 2467 1075 2524 potest
1092 2456 1180 2507 dicere

647 2550 709 2586 curn
727 2534 856 2599 Apostolo
871 2548 878 2581 ε
895 2533 981 2596 Cupio
1006 2527 1128 2589 dissolvi,
1153 2533 1180 2578 et

647 2618 706 2656 esse
719 2618 778 2654 cum
794 2603 911 2652 Christo.
923 2601 975 2660 Qui
986 2597 1118 2665 ejusmodi
1128 2605 1179 2657 est,
1214 2653 1216 2657 ,

647 2676 777 2727 omnibus
789 2673 870 2739 hujus
885 2672 980 2723 mundi
1000 2669 1124 2721 felicibus
1138 2678 1177 2718 est

648 2745 759 2804 felicior,
775 2754 800 2795 et
813 2743 946 2809 regalibus
958 2741 1080 2808 regalior.
1101 2739 1180 2790 Unde

647 2818 790 2871 Anselmus
802 2835 810 2867 :
820 2836 834 2865 a
849 2818 905 2866 Hoc
913 2832 1000 2866 unum
1013 2814 1084 2874 dico,
1095 2810 1181 2863 omni·

649 2891 700 2940 bus
714 2889 796 2954 hujus
811 2887 903 2937 mundi
919 2896 1045 2953 praestare
1067 2882 1181 2944 deliciis,

650 2959 810 3018 honoribus,
838 2967 918 3023 atque
947 2956 1063 3015 divitiis,
1093 2955 1116 3005 si
1146 2953 1181 3004 ob

649 3031 817 3084 conscientiae
838 3031 1021 3094 serenitatem,
1048 3028 1111 3079 fidei
1133 3027 1182 3078 fir-

649 3103 781 3162 mitatem,
795 3100 852 3166 spei
868 3100 1056 3151 certitudinem
1067 3108 1181 3149 mortem

649 3191 705 3225 non
720 3173 823 3223 timeas.
839 3171 917 3231 Quod
939 3171 984 3221 ille
1002 3169 1100 3236 poterit
1120 3178 1181 3218 ma·-
1232 3180 1234 3185 ’

649 3245 721 3296 xime
743 3243 866 3310 experiri,
882 3243 929 3309 qui
952 3243 1043 3308 aliquo
1063 3252 1182 3305 tempore

649 3317 700 3367 sub
714 3316 764 3365 hac
777 3314 904 3365 servitute
924 3314 1073 3379 suspirans,
1096 3312 1129 3361 ad
1145 3310 1182 3359 li-

651 3388 764 3440 berioris
788 3389 959 3438 conscientiae
987 3401 1064 3437 auras
1091 3383 1184 3434 erasit.

651 3463 699 3512 Hae
721 3471 784 3512 sunt
807 3460 905 3511 futurae
930 3456 1103 3510 beatitudinis
1132 3464 1185 3506 tuae

652 3532 779 3600 primitiae
794 3532 932 3590 salutares,
948 3538 978 3583 ut
997 3537 1084 3577 morte
1096 3540 1187 3590 super·

652 3603 785 3664 veniente,
798 3602 942 3653 naturalem
959 3600 1099 3650 horrorem
1119 3595 1185 3647 fides

654 3686 770 3742 superet,
785 3691 846 3742 spes
862 3682 1000 3738 temperet,
1022 3669 1186 3721 conscientia

654 3762 721 3813 pura
734 3747 859 3810 repellat:
873 3763 886 3791 n
898 3742 956 3793 haec
970 3742 1120 3792 Anselmus.
1131 3739 1185 3790 Sed

656 3818 707 3866 hoc
725 3815 789 3864 solis
803 3812 926 3879 perfectis
938 3811 1081 3874 convenit,
1099 3825 1184 3860 num-

657 3888 723 3954 quid
749 3901 812 3953 ergo
840 3882 997 3949 imperfecti,
1025 3882 1072 3949 qui
1101 3881 1185 3932 vitam
