2632 4320
155 242 203 293 DE
219 242 324 294 CAECO
341 243 562 298 ILLUMINATO
578 247 675 301 ANTE
691 210 891 302 INGREssUn
908 252 1069 305 JERICHO.
1126 269 1173 320 171

52 373 117 410 num
137 372 224 410 suum.
246 359 316 419 Quia
339 360 413 419 enim
434 362 518 412 homo
541 378 589 428 per
643 378 690 430 per
701 364 883 417 humilitatem
898 378 1032 434 resurgat.

52 427 213 502 superbiam
236 430 339 492 cecidit,
363 446 471 484 necesse
493 443 534 484 est
558 443 589 484 ut
939 434 941 438 ’

551 653 688 725 omno

86 828 204 881 Domine
217 830 280 881 Jesu
294 830 410 895 Christe,
423 832 470 898 qui
488 848 536 898 pro
550 843 641 883 nostra
655 835 739 884 salute
752 835 862 885 calicem
879 835 1018 885 Passionis
1033 835 1134 895 bibere,
1152 847 1178 888 et

54 900 191 966 baptismo
210 900 349 966 sanguinis
370 902 494 967 perfundi
517 903 644 964 voluisti,
663 913 690 955 et
705 921 760 955 non
785 905 970 971 temporaliter
992 907 1127 956 dominari
1152 901 1181 957 et¹

56 972 215 1032 ministrari,
230 973 276 1023 sed
296 974 436 1025 humiliter
452 975 551 1026 servire
564 987 590 1027 et
609 977 770 1040 ministrare,
786 993 816 1028 ac
833 977 916 1028 vitam
931 988 1005 1028 tuam
1022 993 1071 1043 pro
1085 988 1177 1029 nostra

57 1045 241 1111 redemptione
254 1046 317 1097 dare
327 1047 437 1108 venisti,
451 1049 484 1098 da
497 1048 566 1099 mihi
584 1050 692 1110 misero,
708 1066 757 1116 pro
772 1066 832 1101 meo
848 1051 969 1114 modulo,
985 1051 1024 1102 tui
1045 1050 1135 1100 calicis
1151 1063 1179 1102 et

58 1119 196 1186 baptismi,
211 1137 274 1171 curn
293 1121 417 1186 patientia
438 1133 464 1172 et
479 1123 577 1188 gaudio
599 1124 709 1189 spiritus
733 1125 889 1190 participem
911 1125 984 1186 fieri,
1003 1135 1029 1175 et
1043 1135 1069 1175 te
1090 1124 1178 1190 Magi-

59 1201 187 1242 strumae
202 1191 350 1241 Dominum
365 1191 393 1242 in
409 1193 573 1244 humilitatis
586 1194 714 1259 operibus
729 1194 839 1256 imitari,
853 1206 879 1246 et
899 1212 954 1246 non
970 1197 1060 1246 solum
1077 1195 1104 1244 in
1117 1208 1179 1259 ope·

60 1261 133 1313 ribus
145 1262 337 1313 misericordiae
352 1262 534 1314 ministerium
550 1264 682 1330 proximis
697 1265 867 1331 impendere;
883 1267 930 1317 sed
946 1267 1027 1318 etiam
1046 1266 1139 1326 vitam,
1154 1265 1178 1316 si

62 1348 166 1385 necesse
178 1343 229 1393 est,
240 1349 290 1400 pro
306 1334 346 1385 eis
360 1350 469 1400 ponere,
483 1347 510 1386 et
523 1337 631 1387 tandem
645 1337 678 1386 ad
694 1353 807 1403 regnum
824 1338 918 1389 electis
937 1339 992 1398 tuis¹
1006 1348 1128 1405 paratum
1143 1335 1178 1388 fe·

61 1407 141 1459 liciter
154 1407 304 1475 pervenire.
319 1409 415 1461 Amen.

474 1788 640 1860 CAPUT
665 1789 772 1858 xxii
833 1741 836 1749 ’

128 2041 176 2111 De
201 2062 268 2110 uno
291 2061 378 2110 caeco
401 2051 482 2109 ante
503 2040 701 2135 ingressum
725 2038 868 2108 Jericho
895 2036 1108 2107 illuminato

492 2291 587 2355 Lucae
614 2310 682 2374 cap.
705 2292 753 2353 18.

107 2570 114 2604 1
140 2557 251 2608 Coenon
271 2572 336 2607 creet
357 2571 540 2607 uenorcanrrs.
563 2585 593 2595 ·-

83 2622 175 2681 Factum
193 2633 234 2680 est
248 2634 336 2679 autem
356 2634 384 2677 ut
399 2628 595 2695 appropinqua·

81 2698 245 2750 rodominus
257 2700 335 2749 Jesus
348 2698 465 2759 Jerr‘cho,
479 2712 540 2764 quae
554 2708 594 2749 est

81 2767 131 2820 urbs
148 2769 218 2821 inter
241 2769 379 2820 Galilaeam
400 2769 473 2817 unde
496 2783 594 2818 ascen-

79 2834 150 2903 debat,
168 2850 195 2892 et
214 2841 363 2891 Jerusalem
384 2854 440 2905 quo
462 2838 527 2898 ibat,
549 2837 595 2888 di-

79 2918 139 2963 stans
156 2914 263 2965 duabus
283 2911 367 2962 leucis
387 2927 402 2962 a
421 2911 546 2972 iordane,
568 2920 595 2961 et

77 2997 165 3053 septem
180 3003 197 3038 a
212 2986 370 3050 Jerusalem,
385 2995 411 3036 et
425 2985 476 3035 sita
490 2985 523 3034 ad
537 2986 594 3050 eius

77 3070 164 3124 partem
196 3059 374 3111 Orientalem.
405 3059 470 3108 Haec
500 3057 594 3107 civitas

74 3133 198 3197 quondam
215 3131 327 3194 nobilis,
343 3144 416 3181 nunc
429 3140 519 3181 autem
540 3129 594 3179 hu-

74 3201 148 3264 milis,
165 3203 199 3254 ad
220 3203 309 3253 solum
331 3201 464 3252 destructa
489 3207 543 3261 est;
568 3208 595 3249 et

71 3272 120 3324 tola
131 3274 231 3325 domus
244 3273 348 3332 Rahab,
358 3271 387 3321 in
399 3271 510 3337 signum
521 3268 594 3329 fidei,

71 3354 194 3407 remanet,
206 3346 267 3410 ejus
281 3343 357 3394 enim
375 3342 462 3393 adhuc
480 3341 595 3408 parietes

69 3413 123 3467 sine
139 3415 260 3468 eulmine
277 3415 384 3465 durant.
398 3413 477 3464 Juxta
487 3411 595 3462 Jericho

68 3485 125 3539 iona
141 3497 183 3540 est
200 3487 288 3538 dulcis
303 3487 336 3536 ad
357 3485 515 3552 potandum,
530 3483 595 3549 pin-

67 3558 125 3625 guis
146 3560 180 3610 ad
206 3558 364 3624 rigandum3
387 3554 436 3622 qui
457 3555 595 3620 quondam

64 3643 170 3681 amarus
183 3629 217 3679 ad
232 3627 391 3694 potandum,
409 3635 436 3677 et
451 3624 551 3676 sterilis
562 3625 595 3674 ad

64 3699 219 3768 rigandum,
229 3714 276 3765 per
287 3697 414 3750 Elisaeum
424 3707 533 3748 sanatus
543 3705 594 3758 est;

63 3770 109 3823 nic
119 3770 183 3823 fons
193 3770 346 3822 submonte
358 3769 535 3830 Quarentanae
547 3767 597 3817 ori·

10 3866 13 3881 ¹
63 3856 116 3909 tur,
130 3854 160 3898 et
171 3843 272 3895 deinde
287 3843 403 3905 iericho,
417 3857 478 3909 quae
489 3841 596 3892 duobus

647 2557 809 2608 milliaribus
835 2557 896 2607 inde
919 2557 1009 2619 distat,
1033 2556 1179 2609 derivatur.

647 2629 687 2680 Ad
709 2629 778 2678 hanc
800 2642 863 2693 ergo
886 2627 1022 2677 civitatem
1045 2626 1180 2679 Dominus

647 2696 800 2760 declinavit,
815 2709 855 2758 ut,
872 2697 1024 2748 secundum
1035 2697 1181 2766 Hierony-

646 2785 725 2832 mum,
738 2779 843 2820 sanaret
852 2769 882 2819 in
893 2784 923 2819 ea
935 2770 1036 2818 multos
1049 2769 1119 2819 male
1127 2769 1179 2818 ha-

647 2840 751 2890 bentes.
770 2841 802 2891 Et
819 2850 884 2891 tunc
897 2854 985 2891 eaecus
1001 2840 1120 2906 quidam,
1135 2839 1182 2906 qui

647 2913 848 2980 sedebatjuxta
861 2914 931 2966 viam
944 2914 1107 2975 mendicam,
1121 2927 1178 2963 cum

647 2985 753 3034 turbam
776 2991 981 3049 praetereuntem
1008 2985 1127 3047 audiret,
1154 2994 1180 3034 et

647 3055 738 3104 lesum
760 3054 873 3105 transire
894 3055 1050 3121 perciperet,
1070 3054 1181 3104 miseri-

649 3125 767 3175 cordiam
781 3141 843 3176 cum
863 3127 979 3176 clamore
1000 3142 1055 3176 non
1075 3135 1182 3176 tantum

649 3196 783 3256 exteriori,
800 3197 846 3247 sed
868 3197 949 3247 etiam
969 3196 1091 3247 interiori
1107 3204 1182 3260 pete-

650 3267 703 3326 bat,
715 3265 808 3317 dicens
823 3284 830 3316 ι
844 3267 973 3334 Jesu,fili
985 3267 1086 3328 David,
1101 3266 1182 3315 mire-

650 3354 711 3390 rere
724 3340 783 3390 mei.
799 3341 829 3390 In
843 3357 898 3407 quo
911 3357 996 3392 caecus
1013 3341 1063 3390 iste
1075 3349 1183 3389 utram·

650 3428 703 3478 que
718 3422 840 3462 naturam
855 3413 882 3463 in
898 3413 1008 3463 Christo
1029 3409 1182 3466 confitetur,
1237 3471 1240 3477 .
1311 3396 1314 3405 ⁸

651 3482 752 3533 scilicet
778 3501 785 3533 ς
809 3484 971 3542 humanam,
996 3483 1023 3533 in
1051 3497 1081 3531 eo
1108 3477 1183 3544 quod

650 3553 715 3605 dicit
726 3571 733 3604 ι
744 3554 871 3621 Jesu,fili
881 3554 979 3615 David,
990 3550 1098 3603 aDavid
1109 3547 1183 3599 enim

651 3642 759 3677 carnem
784 3625 915 3691 suscepit;
939 3623 1071 3680 divinam,
1096 3620 1124 3670 in
1151 3634 1183 3670 eo

651 3698 725 3763 quod
735 3696 800 3747 dicit
811 3712 817 3746 :
828 3696 962 3746 Miserere
973 3691 1031 3754 mei,
1045 3689 1185 3756 proprium

651 3778 691 3819 est
703 3768 778 3818 enim
791 3767 847 3816 Deo
856 3762 975 3814 misereri
990 3771 1116 3811 creaturae
1129 3774 1185 3811 suae

651 3854 733 3904 quam
740 3835 870 3895 condidit,
879 3832 1028 3885 secundum
1037 3831 1105 3882 illud
1118 3831 1187 3882 Psal-
