2632 4320
143 291 204 363 188,

138 409 209 460 venit
225 408 280 470 tibi,
303 417 355 459 etc.
376 408 468 458 Sciens
487 421 550 472 ergo
571 403 669 455 D'omi-

140 495 192 529 nus
208 480 315 529 ludaeos
327 479 495 544 conspirasse
504 477 530 526 in
544 484 667 534 mortem,

137 552 371 618 appropinquante
402 552 513 613 Pascha,
550 550 578 599 in
614 563 669 614 quo

139 641 225 690 agnus
246 625 378 690 paschalis
402 623 601 682 immolabatur,
624 636 669 671 re-

138 697 266 746 vertendo
285 698 359 747 uenit
373 697 429 763 ipse
443 695 520 762 quasi
534 709 618 760 agnus
636 693 668 742 ad

138 767 286 830 victimam,
310 781 341 820 ut
361 770 400 820 sic
411 771 505 836 Agnus
519 782 599 817 verus
613 766 670 815 im-

139 839 255 890 mediate
275 851 337 906 post
367 838 583 889 immolationem
607 835 669 902 agni

138 911 272 978 paschalis
298 912 487 962 immolaretur
505 925 553 976 pro
578 908 668 968 nobis,

139 991 166 1033 et
180 983 278 1035 veritas
296 983 390 1050 figurae
405 982 565 1042 succederet,
580 989 605 1031 et
623 995 671 1031 ve-

139 1070 201 1103 rum
214 1055 317 1105 Pascha
329 1055 498 1105 haberemus.
517 1054 553 1102 Et
567 1062 622 1102 erat
640 1051 669 1100 in

138 1124 221 1174 domo
245 1125 364 1175 Simonis
381 1125 456 1190 prius
472 1123 582 1189 leprosi,
604 1131 671 1171 tunc

137 1206 227 1246 autem
244 1195 382 1258 mundam
397 1195 462 1261 quia
475 1195 564 1244 fuerat
578 1194 674 1259 lepro-

141 1281 198 1326 sus,
222 1275 248 1314 et
261 1280 277 1314 a
291 1265 409 1315 Domino
434 1275 553 1324 sanatus,
570 1263 617 1313 sed
628 1272 670 1312 ta·

139 1353 203 1387 men
227 1337 313 1387 adhuc
335 1337 481 1403 pristinum
512 1351 611 1386 nomen
637 1334 670 1384 ad

138 1408 299 1457 memoriam
324 1408 446 1458 miraculi
473 1407 614 1466 retinebat,
640 1413 671 1454 ut

137 1480 223 1530 virtus
238 1481 358 1531 curantis
372 1491 519 1546 appareret,
534 1480 606 1530 sicut
620 1478 670 1528 ad-

140 1551 194 1600 huc
209 1550 309 1601 dicitur
329 1553 473 1602 Matthaeus
499 1549 668 1617 publicanuS,

140 1621 203 1671 licet
216 1638 274 1672 esse
289 1623 450 1689 publicanus
466 1621 583 1672 desierit.
601 1619 671 1670 Hinc

136 1695 264 1760 colligere
293 1712 447 1761 possumus,
472 1695 544 1761 quod
570 1693 631 1743 licet
655 1707 670 1742 a

140 1775 246 1830 peccato
268 1776 360 1816 nostro
381 1766 504 1816 mundati
528 1764 669 1823 fuerimus,

140 1853 246 1902 semper
267 1849 357 1889 tamen
382 1840 473 1905 ipsum
488 1839 516 1888 in
539 1835 671 1887 memoria

139 1908 172 1957 ad
196 1908 381 1974 poenitentiam
407 1909 505 1958 habere
531 1907 669 1956 debemus.

139 1978 219 2027 Hunc
243 1979 384 2028 Simonem
408 1980 544 2044 leprosum
561 1977 671 2026 tradunt

139 2046 223 2098 fuisse
238 2048 345 2099 beatum
365 2050 511 2107 lulianum,
526 2048 564 2098 sic
578 2055 671 2112 postea

139 2128 273 2182 vocatum,
296 2129 322 2170 et
351 2119 451 2170 factum
480 2121 670 2170 Cenomanen-

138 2204 195 2238 sem
207 2190 379 2256 Episcopum,
394 2191 438 2240 cui
454 2191 504 2241 iter
514 2201 622 2256 agentes
633 2189 671 2238 di·

136 2268 202 2309 cunt
219 2267 300 2324 pater
322 2267 422 2324 noster,
445 2272 475 2312 ut
499 2262 602 2311 bonum
618 2261 670 2310 ha-

137 2330 220 2380 beant
234 2330 393 2396 hospitium.

171 2417 186 2451 2
200 2402 288 2453 Cernis
300 2419 335 2452 nn
350 2420 441 2454 racrrs
452 2420 624 2454 sronrrrclrro
636 2419 670 2454 ετ

138 2487 330 2523 cononumrrn.
358 2503 389 2513 -
412 2475 545 2525 Fecerunt
580 2481 670 2526 autem

140 2557 242 2595 coetzam
253 2544 292 2594 ibt'
303 2546 422 2596 Domino
432 2562 439 2608 3
455 2556 481 2596 et
492 2545 606 2596 Martha
619 2546 670 2596 mi·

138 2613 283 2677 nistrabat,
308 2622 336 2666 et
355 2617 491 2684 Lazarus,
512 2616 670 2667 invitatusa

139 2685 261 2747 Simone,
286 2703 353 2737 unus
369 2689 587 2739 discumbentium
601 2696 670 2741 erat.

139 2755 186 2804 Pie
207 2758 369 2806 credendum
384 2761 509 2825 estquod
526 2774 600 2809 coena
616 2760 670 2810 ho-

140 2837 216 2877 nesta
239 2838 265 2878 et
283 2830 385 2895 absque
400 2832 464 2880 luxu
482 2830 571 2895 fuerit,
586 2846 669 2897 quam

138 2899 259 2951 fecerunt
268 2903 292 2952 ei
307 2903 354 2968 qui
363 2903 518 2969 praedicator
529 2914 555 2954 et
567 2914 670 2954 amator

138 2972 312 3036 parcimoniae
339 2975 450 3026 exstitit.
475 2974 589 3025 Martha
616 2975 669 3025 mi-

138 3040 273 3091 nistrabat
285 3043 332 3104 ibi,
344 3044 417 3110 quia,
429 3045 670 3112 secundumquos·

138 3110 210 3172 dam,
230 3112 328 3163 domus
353 3116 465 3165 Marthae
487 3127 543 3166 erat
561 3132 670 3182 posses·

137 3180 222 3243 sione,
260 3185 307 3233 sed
337 3186 458 3236 Simonis
492 3187 668 3250 habitatione,

138 3251 203 3304 alias
217 3252 254 3304 ibi
270 3271 326 3305 non
341 3256 536 3321 ministrasset;
552 3261 605 3321 vel,
619 3274 669 3325 po-

138 3332 192 3374 test
224 3325 286 3386 dici,
313 3327 386 3392 quod
408 3326 458 3377 iste
492 3328 587 3379 Simon
615 3339 670 3380 erat

139 3396 252 3448 Marthae
283 3398 398 3459 vicinus,
426 3409 453 3449 et
483 3411 597 3467 propter
616 3402 669 3452 hoc

139 3469 198 3534 ipsa
230 3470 402 3522 ministrabat
430 3471 458 3521 in
492 3473 574 3522 domo
601 3475 667 3540 ejus,

137 3541 209 3590 sicut
222 3541 348 3592 homines
363 3543 452 3592 solent
471 3541 556 3594 facere
572 3543 601 3594 in
617 3546 669 3596 do-

138 3610 230 3663 mibus
251 3613 401 3663 amicornm
417 3629 540 3677 suorum,
559 3624 586 3664 et
608 3631 671 3666 ma·

137 3680 210 3732 xime
246 3694 355 3749 propter
382 3684 558 3735 reverentiam
582 3685 668 3751 ipsius

136 3748 239 3803 Christi
248 3755 413 3805 comedentis
423 3755 532 3804 ibidem.
543 3756 670 3822 Lazarus

136 3909 196 3947 cum
214 3912 253 3959 eu,
270 3898 396 3951 invitatus
410 3915 424 3948 a
436 3899 556 3961 Simone,
574 3909 602 3950 et
615 3900 667 3952 hoc

431 287 609 340 sccunnAE
627 264 887 337 rnnrrs'mrur
902 285 984 336 xxv.

723 402 823 453 factum
851 411 891 452 est
920 402 952 451 ad
975 399 1180 451 declarationem
1200 401 1256 450 veri

723 472 844 522 miraculi
860 472 892 522 de
910 472 967 536 eius
994 471 1209 531 resuscitatione,
1225 481 1256 521 ut

722 561 754 596 ex
780 546 831 596 hoc
865 547 936 612 quod
965 555 1026 611 post
1049 542 1254 595 suscitationem

722 615 814 667 cibum
843 624 970 676 sumeret,
1009 632 1064 666 non
1088 614 1256 680 phantastica

722 703 771 737 sua
781 687 918 737 suscitatio
929 702 987 737 esse
997 687 1165 752 probaretur.
1178 685 1257 736 Unde

721 757 911 823 Augustinus:
922 776 935 804 a
943 757 1117 822 Neputarent
1130 755 1256 806 homines

722 830 881 895 phantasma
899 845 959 880 esse
972 829 1082 892 factum,
1098 829 1166 894 quia
1179 843 1259 879 mar-

703 911 708 955 l
721 914 786 951 tuus
799 902 955 961 resurrexit,
972 902 1092 951 Lazarus
1108 914 1184 950 unus
1203 909 1258 950 erat

721 990 753 1024 ex
766 975 996 1034 recumbentibus,
1019 973 1136 1032 vivebat,
1155 973 1259 1039 loque-

702 1066 705 1079 ι
722 1045 810 1104 batur,
826 1045 1004 1110 epulabatur3
1018 1043 1118 1094 veritas
1131 1044 1258 1094 ostende·

704 1126 707 1131 “
721 1118 808 1176 batur,
823 1115 968 1167 infidelitas
978 1117 1134 1168 ludaeorum
1146 1114 1260 1166 mutun-

703 1189 841 1240 ¹debatur.
857 1208 872 1236 r>
886 1189 930 1252 Et,
952 1189 1100 1240 secundum
1120 1188 1257 1247 eumdem,

723 1263 848 1321 Lazarus,
865 1263 931 1311 dum
948 1262 1099 1312 discumbit
1119 1261 1147 1311 in
1161 1260 1259 1312 convi-

722 1337 775 1396 vi0,
796 1335 915 1386 convivis
940 1334 1171 1401 interrogantibus
1193 1349 1256 1385 eutn

723 1408 811 1458 tristia
822 1409 889 1468 loca,
905 1423 1102 1474 poenarumque
1114 1407 1192 1458 sedes
1205 1407 1257 1456 alta

724 1493 801 1532 nocte
826 1483 964 1542 obscuras,
986 1481 1114 1532 indicavit
1134 1480 1256 1546 diligenti

723 1553 876 1603 narratione
890 1568 937 1619 per
953 1553 1093 1615 ordinem;
1112 1562 1138 1602 et
1157 1551 1194 1602 ita
1210 1551 1257 1602 in-

723 1621 781 1683 feri,
807 1624 897 1689 longis
928 1624 1097 1688 temporibus
1125 1622 1255 1689 ignorati,

722 1693 830 1742 tandem
876 1695 1034 1744 invenerunt
1079 1693 1256 1758 proditorem.

723 1763 802 1822 Quod
825 1774 915 1813 autem
938 1770 1000 1813 ante
1021 1778 1073 1814 sex
1094 1763 1154 1813 dies
1176 1761 1256 1824 uenit,

723 1833 774 1884 hoc
789 1835 919 1900 mysterio
933 1835 1071 1884 convenit.
1085 1833 1178 1883 Primo
1191 1833 1256 1899 qui-

723 1908 795 1970 dem,
810 1919 943 1975 quantum
962 1909 995 1958 ad
1019 1923 1165 1958 numerum
1176 1924 1185 1972 ;
1198 1922 1254 1956 nu-

722 1995 814 2030 merus
825 1980 900 2029 enirn
920 1979 1042 2029 senarius
1057 1977 1191 2043 perfectus
1204 1986 1256 2037 est,

722 2051 794 2101 unde
811 2061 837 2101 et
850 2051 923 2100 Deus
937 2065 1018 2116 opera
1037 2048 1181 2099 creationis
1196 2063 1254 2114 per·

722 2123 786 2172 fecit
799 2138 845 2173 sex
857 2123 967 2187 dicbus3
981 2134 1006 2172 et
1017 2133 1126 2187 propter
1136 2121 1189 2171 hoc
1203 2121 1256 2172 do·

723 2193 788 2253 cuit,
801 2193 875 2258 quod
895 2208 941 2242 sex
954 2193 1050 2243 diebus
1072 2192 1257 2258 quodammo-

723 2266 757 2319 do
794 2265 973 2329 compleretur
1004 2281 1073 2330 opus
1107 2263 1254 2323 Passionis,

722 2351 777 2400 quo
792 2334 884 2385 omnia
898 2345 961 2384 sunt
978 2345 1134 2385 restaurata.
1150 2335 1257 2384 Secun-

722 2406 766 2465 do,
779 2415 910 2472 quantum
928 2406 960 2454 ad
979 2405 1111 2472 figuram,
1133 2404 1201 2470 quia
1209 2404 1258 2455 de-

723 2477 793 2528 cima
815 2477 858 2528 die
878 2477 980 2527 mensis
1005 2477 1087 2544 primi
1111 2476 1258 2528 tollebatur

721 2564 817 2614 agnus,
844 2560 871 2599 et
909 2549 1066 2599 servabatur
1102 2563 1192 2615 usque
1219 2549 1253 2599 ad

722 2629 845 2685 quartam
859 2619 1001 2680 decimam,
1015 2618 1088 2669 unde
1105 2629 1134 2669 et
1156 2618 1256 2671 Domi-

722 2705 775 2740 nus
796 2700 871 2740 sexta
899 2690 942 2740 die
967 2700 1029 2740 ante
1052 2688 1256 2756 quindecimam

720 2764 867 2814 Jerusalem
888 2764 991 2814 intrare
1011 2765 1106 2825 voluit,
1122 2764 1202 2831 quasi
1222 2765 1256 2816 ad

721 2835 812 2882 locum
819 2834 1015 2884 immolationis
1025 2834 1258 2900 accedens.{Quod

721 2905 794 2957 venit
806 2907 973 2969 Bethaniam,
989 2924 1050 2974 quae
1066 2909 1259 2975 interpretatur

722 2977 816 3028 domus
839 2979 1003 3042 obedientiae,
1027 2979 1109 3029 etiam
1133 2979 1259 3047 congruit

722 3050 850 3115 mysterio
865 3067 871 3100 :
888 3051 986 3116 primo,
1001 3061 1136 3118 quantum
1150 3051 1185 3102 ad
1199 3066 1257 3103 eau-

722 3136 780 3171 sam
788 3121 935 3182 Passionis,
943 3123 1017 3188 quia,
1027 3123 1179 3173 secundum
1188 3124 1259 3189 Apo

722 3193 832 3253 stolum,
850 3193 948 3258 factrus
970 3199 1011 3244 est
1034 3195 1160 3245 obediens
1184 3193 1257 3245 Patri

722 3278 803 3329 usque
816 3264 853 3315 ad
867 3271 977 3315 mortem
982 3281 991 3326 ;
1006 3266 1134 3326 secundo,
1148 3266 1182 3316 ad
1197 3264 1261 3316 fru-

722 3346 796 3384 ctum
814 3334 961 3395 Passionis,
977 3351 1059 3401 quem
1078 3351 1258 3402 consequun-

722 3416 768 3455 tur
785 3405 825 3455 illi
848 3404 899 3455 soli
916 3405 963 3472 qui
982 3406 1113 3456 obediunt
1132 3406 1167 3468 ei,
1182 3405 1259 3473 quia.

722 3479 871 3528 secundum
886 3477 1011 3529 eumdem
1022 3479 1197 3544 Apostolum,
1205 3478 1260 3544 sa-

721 3554 780 3599 ctus
808 3555 850 3599 est
870 3549 991 3600 omnibus
1014 3551 1262 3616 obtemperantibus

721 3619 774 3668 sibi
799 3632 883 3669 causa
906 3620 1005 3670 salutis
1026 3627 1144 3672 aeternae.
1178 3619 1261 3673 [liade

720 3690 928 3753 Hieronymus:
943 3711 956 3738 a
974 3693 1105 3742 Passurus
1122 3691 1260 3743 Dominus

699 3782 702 3787 ·
721 3776 770 3827 pro
783 3761 860 3810 omni
875 3763 987 3822 mundo,
1002 3773 1028 3812 et
1041 3762 1186 3813 universas
1207 3776 1259 3813 na·

134 3835 201 3874 vero
214 3831 281 3874 erat·
295 3841 362 3876 unns
384 3841 423 3876 ex
443 3827 669 3878 discumbentibus
699 3832 703 3855 ²
720 3832 809 3883 tiones
827 3848 877 3882 suo
899 3834 1030 3899 sanguine
1055 3833 1260 3899 redemptums,

719 3903 794 3955 venit
817 3915 842 3955 et
866 3916 987 3956 moratur
1009 3906 1037 3956 in
1062 3906 1206 3968 Bethania,
1228 3904 1259 3957 in
