2632 4320
145 260 197 328 384

445 257 618 309 SECUNDAE
634 253 759 304 PARTIS
775 257 894 311 CAPUT
909 261 963 313 Lll.

176 375 192 427 6
207 376 389 427 lucanrrruno
406 373 564 422 Junaoauu.
578 399 608 408 -
622 370 643 418 F
644 383 675 418 a·
728 385 788 421 rum
804 378 830 422 et
839 382 1022 439 peccatorum.
1035 375 1107 436 Quid
1119 376 1179 437 fles,
1195 377 1260 443 quid

144 458 185 498 cta
201 447 284 513 igitur
299 443 420 510 pactione
434 443 570 508 quaerebat
580 455 676 507 oppor·
700 414 705 511 Ι

730 444 859 510 suspiras,
876 463 892 497 o
910 448 994 499 homo
1011 451 1071 510 Dei,
1090 451 1157 500 dum
1177 453 1261 503 susti-

145 518 293 576 tunitatem,
306 515 406 566 scilicet
419 513 481 572 loci,
492 523 517 564 et
536 510 675 576 temporis,
731 532 778 568 nes
805 522 949 581 verborum
970 523 1104 589 injurias?
1121 525 1185 575 Non
1209 541 1259 576 au.

145 598 171 639 et
194 584 337 647 societatis,
362 591 390 634 ut
408 584 529 634 traderet
547 597 605 633 eum
628 596 675 631 oc·

145 662 217 711 culte
231 668 257 709 et
271 656 327 707 sine
342 657 437 720 turbis,
456 654 558 706 scilicet
569 654 676 721 quando

146 733 262 800 populus
281 745 336 780 non
363 740 418 780 erat
438 744 500 778 cum
524 726 676 793 discipulis,

145 804 218 871 qupd
254 812 280 852 et
314 799 375 850 fecit
393 800 501 849 tradens
529 813 591 847 eum
615 803 676 861 post

146 889 260 936 coenam,
284 882 309 922 et
328 874 361 922 de
377 881 455 921 nocte
469 885 529 920 cum
548 869 577 919 in
596 868 675 918 horto

146 954 216 996 esset
235 960 297 994 curn
327 941 376 1002 eis,
398 957 432 991 ne
452 956 500 1006 per
513 955 675 991 concursum

146 1027 172 1068 et
192 1017 323 1080 impetum
342 1013 435 1078 populi
462 1012 608 1070 tolleretur,
627 1009 675 1077 qui

146 1090 179 1139 de
215 1087 259 1137 die
300 1100 363 1135 eum
393 1083 570 1148 sequebatur.
601 1082 676 1132 Con-

146 1161 233 1211 sidera
267 1172 339 1207 nunc
374 1155 511 1221 quomodo
541 1153 676 1204 Dominus

146 1235 223 1284 lesus
264 1241 320 1281 toto
357 1229 417 1279 vitae
459 1243 513 1278 suae
555 1237 676 1292 tempore

146 1321 233 1372 usque
260 1304 341 1354 hodie
369 1317 417 1368 pro
441 1300 541 1351 Judaeis
568 1300 676 1350 labora-

147 1378 198 1440 vit,
217 1376 263 1426 sed
287 1373 338 1439 ipsi
360 1382 487 1437 tanquam
504 1371 601 1437 ingrati
617 1387 677 1420 ma-

146 1453 171 1500 la
205 1464 253 1514 pro
287 1445 367 1496 bonis
405 1444 523 1495 Domino
554 1444 678 1494 reddide-

148 1533 220 1580 runt,
241 1530 267 1571 et
292 1528 353 1585 post
375 1518 475 1568 multas
503 1515 678 1567 contumelias

147 1607 233 1658 usque
249 1591 281 1641 ad
297 1590 383 1656 ipsius
395 1587 560 1654 emptionem
576 1598 601 1638 et
609 1602 678 1637 mor·

149 1673 202 1713 tem
234 1661 387 1714 saevierunt.
411 1659 488 1710 Unde
507 1658 678 1710 Anselmas:

148 1753 162 1780 a
177 1735 292 1784 Dcmum
305 1730 412 1791 venisti,
428 1730 553 1791 Domine,
568 1730 605 1780 ad
617 1743 678 1780 oves

150 1819 211 1871 quar
220 1805 359 1869 perierant
373 1802 467 1851 domus
480 1799 577 1861 Israel,
592 1799 677 1849 divini

146 1875 222 1925 verbi
251 1874 403 1940 lampadem
426 1874 513 1938 palam
539 1871 677 1930 extollens,

147 1950 180 1998 ad
203 1947 431 1998 illuminationem
455 1946 527 1996 orbis
546 1956 631 2005 terra,
652 1953 678 1994 et

148 2037 260 2087 regnum
273 2019 321 2071 Dei
338 2018 505 2069 annuntians
516 2017 618 2068 cunctis
632 2017 679 2066 ob·

149 2090 364 2156 temperantibus
390 2090 472 2140 verbo
493 2100 550 2152 tua,
574 2103 678 2139 sermo-

150 2181 212 2216 nem
232 2164 409 2230 sequentibus
430 2163 517 2228 signis
533 2161 678 2212 confirma-

149 2239 200 2301 sri3
229 2247 255 2286 et
285 2236 413 2286 virtutem
447 2234 599 2285 divinitatis
624 2245 678 2285 tuae

148 2307 307 2357 obstendisti
326 2306 354 2355 in
375 2305 478 2355 cunctis
490 2306 559 2356 male
578 2305 679 2356 haben-

147 2379 230 2438 tibus,
245 2376 338 2426 omnia
353 2375 482 2427 omnibus
500 2376 581 2442 gratis
598 2376 677 2426 exhi-

113 2489 115 2493 .
147 2452 223 2511 bens,
241 2465 301 2518 quae
317 2450 395 2501 saluti
412 2449 536 2516 ipsorum
552 2465 679 2516 congrue-

148 2525 221 2588 bant,
248 2533 278 2574 ut
302 2538 396 2573 omnes
422 2521 601 2576 lucrifaceres.
625 2524 677 2574 Sed

147 2598 316 2649 obscuratum
330 2601 371 2647 est
382 2596 509 2663 insipieus
521 2610 568 2648 cor
577 2610 676 2658 eorum,

147 2668 273 2729 Domine,
298 2677 324 2718 et
346 2667 514 2732 projecerunt
539 2682 677 2718 sermones

147 2749 209 2789 tuos
223 2747 388 2802 retrorsum;
401 2752 449 2787 nec
462 2738 630 2788 attenderunt
644 2739 676 2787 ad

147 2811 240 2862 omnia
265 2809 403 2860 mirabilia
424 2825 486 2876 quae
504 2820 631 2875 operatus
649 2825 677 2861 es

147 2882 175 2931 in
199 2880 247 2940 eis,
271 2879 388 2946 exceptis
418 2878 509 2944 paucis
538 2879 676 2930 nobilibus

146 2951 264 3012 athletis,
286 2967 357 3017 quos
377 2952 446 3002 inter
466 2950 575 3004 infirma
586 2962 613 3004 et
626 2953 676 3003 ab·

147 3024 216 3088 jecta
240 3022 333 3072 mundi
355 3021 470 3088 elegisti,
494 3033 525 3074 ut
542 3040 590 3090 per
604 3024 677 3090 ipsos

147 3093 228 3144 fortia
249 3103 275 3143 et
290 3094 344 3143 alta
361 3092 474 3146 mirifice
493 3111 674 3162 expugnares;

149 3181 198 3216 nec
227 3167 316 3216 solum
349 3165 446 3231 ingrati
470 3169 594 3232 gratuitis
621 3169 677 3220 tuis

148 3236 285 3289 beneficiis
321 3237 489 3302 exstiterunt,
520 3240 565 3290 sed
595 3242 676 3293 etiarn

101 3354 104 3359 ,
146 3306 321 3360 contumeliis
335 3305 479 3358 affecerunt
489 3318 514 3359 te
528 3310 675 3362 Dominum

146 3379 355 3437 dominantium,
371 3380 408 3427 'et
435 3377 555 3431 fecerunt
586 3381 614 3432 in
651 3393 677 3434 te

147 3464 314 3517 quaecunque
327 3449 478 3499 voluerunt.
495 3449 535 3500 Te
549 3452 622 3502 enim
634 3453 676 3504 fa-

147 3520 233 3571 ciente
244 3534 324 3584 opera
336 3519 364 3568 in
378 3517 425 3578 eis,
440 3534 499 3584 quae
513 3535 593 3572 nemo
607 3523 676 3575 alius

145 3593 217 3653 fecit,
239 3594 304 3658 quid
329 3591 471 3642 dixerunt?
489 3593 552 3643 Non
574 3601 615 3644 est
634 3597 676 3649 hic

146 3664 222 3715 homo
245 3678 262 3714 a
283 3664 357 3726 Deo,·
381 3662 408 3712 in
423 3663 547 3728 principe
574 3664 675 3718 daemo-

147 3737 250 3788 niorum
264 3736 336 3802 ejicit
358 3735 675 3799 damonia3da1m'oniam

145 3807 238 3871 latea-
264 3807 366 3858 seducit
389 3807 500 3871 turbas;
524 3823 614 3859 vorax
636 3818 676 3861 est

187 3887 299 3947 potator·
314 3879 378 3945 vini,
401 3880 504 3932 amicus
514 3881 675 3946 publicano-

728 589 770 640 dis
786 604 886 658 quanta
905 605 1047 661 propterte
1064 596 1093 646 in
1110 597 1260 649 Dominum

729 660 816 711 Deum
831 673 908 715 tuum
925 666 1081 716 ceciderunt
1096 668 1261 733 opprobria!

729 731 763 781 Si
771 735 1002 800 patremfamilias
1020 737 1170 804 Beelzebub
1185 753 1262 790 voca·

730 811 835 867 verunt,
860 814 959 873 quanto
983 808 1074 875 magis
1098 809 1261 862 domesticos

730 875 816 942 ejus?
836 879 900 931 Haec
922 881 1032 946 quidem
1048 891 1074 932 et
1095 881 1140 932 his
1160 881 1262 934 similia

729 944 957 1010 blasphemantes,
976 961 1002 1002 et
1017 951 1163 1017 aliquoties
1177 953 1211 1003 de
1226 954 1262 1004 la·

721 1017 835 1083 'pidibus
853 1021 1020 1087 impetentes,
1032 1025 1095 1074 lesu
1109 1024 1191 1089 bone,
1213 1041 1262 1092 pa·

730 1088 830 1139 tienter
868 1092 1038 1153 sustinuisti,
1065 1104 1091 1144 et
1118 1094 1206 1146 factus
1234 1111 1262 1146 es

729 1173 820 1210 coram
833 1161 882 1220 eis,
898 1162 968 1212 sicut
981 1163 1057 1214 ltomo
1074 1179 1126 1216 non
1138 1166 1261 1229 audiena,

732 1237 761 1281 et
774 1247 826 1282 non
840 1232 938 1283 habens
955 1234 982 1284 in
998 1248 1045 1286 ore
1058 1249 1109 1286 suo
1124 1237 1264 1303 redarga-

731 1304 823 1354 tiones.
842 1305 995 1358 Novissime
1008 1317 1098 1358 autem
1113 1321 1140 1359 et
1157 1309 1261 1373 justum

731 1375 890 1440 sanguinem
905 1387 993 1436 tuum,
1009 1378 1081 1437 bone
1092 1380 1165 1442 iesu,
1185 1394 1200 1430 a
1218 1380 1262 1429 di-

735 1447 840 1513 scipulo
863 1460 909 1500 tuo
933 1448 990 1500 filio
1012 1451 1187 1516 perditionis,
1213 1452 1262 1502 tri-

731 1517 806 1584 ginta
825 1521 956 1586 argenteis
977 1522 1118 1587 appretiati
1143 1532 1218 1582 sunt,
1233 1533 1262 1573 ut

732 1591 930 1656 praecipitarent
959 1593 1077 1650 animam
1122 1604 1198 1645 tuam
1234 1594 1261 1644 in

735 1671 849 1712 mortem
865 1662 923 1713 sine
940 1679 1018 1714 causa
1033 1681 1040 1714 :
1057 1684 1071 1711 n
1087 1665 1144 1716 haec
1164 1666 1263 1716 Antel-

732 1747 799 1783 mus.
823 1733 891 1784 Vere
920 1749 1017 1800 magna
1043 1736 1154 1786 deberet
1186 1736 1264 1787 nobis

735 1817 799 1852 esse
814 1803 947 1864 confusio,
969 1806 1041 1871 quod
1065 1806 1223 1871 patientiam
1237 1807 1264 1856 in

734 1870 943 1923 adversitatibus
959 1889 1014 1923 non
1027 1875 1172 1926 habemus.
1193 1877 1266 1927 lesus

734 1943 866 1993 innocens
879 1953 918 2004 tot
930 1954 957 1994 et
968 1954 1051 2005 tanta,
1068 1961 1099 1997 ac
1112 1946 1196 1997 etiam
1207 1947 1265 1996 Pas·

732 2013 838 2065 sionem
867 2025 893 2065 et
916 2026 1031 2066 mortem
1058 2017 1193 2083 patienter
1217 2032 1262 2083 pro

733 2085 814 2135 nobis
841 2084 989 2150 sustinuit;
1015 2096 1041 2137 et
1071 2102 1122 2138 nos
1149 2087 1262 2154 peccatis

731 2157 877 2222 aggravati,
891 2166 917 2206 et
931 2156 970 2208 ira
981 2159 1030 2208 Dei
1045 2159 1121 2225 digni
1141 2176 1196 2210 non
1206 2174 1260 2226 pos-

732 2237 827 2280 sumus
842 2245 936 2295 parvas
946 2231 1055 2296 injurias
1067 2242 1093 2282 et
1107 2232 1260 2299 gravamina

731 2300 836 2350 modica
858 2301 999 2363 sustinere,
1016 2312 1041 2353 et
1058 2303 1200 2354 multoties
1216 2317 1260 2352 nec

731 2372 811 2422 verba
822 2372 890 2423 levia
905 2389 953 2439 pro
968 2375 1025 2438 ejus
1041 2373 1155 2425 nomine
1166 2376 1260 2426 tolera-

731 2446 774 2502 re!
787 2446 865 2503 Unde
875 2448 1088 2516 Chrysostomus
1096 2463 1127 2509 :a
1138 2445 1261 2497 Christus

734 2523 911 2589 exprobratus
935 2515 1112 2567 contumelias
1144 2516 1210 2579 fert;
1234 2524 1261 2564 tu

731 2610 794 2645 vero
820 2591 922 2657 ubique
943 2586 1072 2638 honorari
1097 2586 1149 2651 vis,
1166 2596 1192 2638 et
1207 2601 1259 2636 non

730 2664 785 2716 fers
800 2660 976 2730 opprobrium
991 2657 1132 2708 Christi.»

764 2754 780 2804 7
808 2737 917 2786 Minora
945 2746 1059 2781 peccarit
1091 2743 1260 2780 navarreum

732 2824 807 2859 surr.
821 2834 852 2844 -
862 2802 1006 2855 Considera
1014 2801 1096 2851 etiam
1110 2800 1167 2862 hic,
1185 2814 1263 2867 quam

734 2878 918 2946 periculosum
930 2873 966 2924 sit
980 2871 1094 2938 peccatis
1108 2871 1202 2923 locum
1215 2871 1262 2920 da·

731 2967 769 3012 re,
790 2966 820 3001 ae
837 2946 968 3016 principia
980 2955 1006 2996 et
1024 2943 1154 2995 introitus
1167 2957 1259 3004 eorum

730 3041 787 3074 non
811 3020 953 3087 repellere3
976 3018 1040 3085 quia
1069 3016 1259 3082 frequentata

731 3092 886 3145 minoribus
912 3089 1035 3138 diabolus
1059 3086 1163 3154 incipit,
1177 3096 1209 3138 ut
1227 3085 1258 3137 ad

730 3166 831 3230 majora
848 3162 917 3222 mala
932 3159 1048 3209 inducat.
1072 3157 1102 3208 Si
1122 3157 1198 3208 enim
1212 3157 1259 3208 Ju-

731 3238 778 3287 das
792 3233 937 3301 cupiditate
951 3241 977 3282 et
991 3229 1111 3292 avaritia,
1127 3245 1157 3281 ac
1177 3228 1259 3280 Judoei

730 3321 804 3359 vante
817 3303 909 3373 gloriae
921 3313 947 3354 et
961 3301 1071 3353 invidiae
1087 3301 1259 3360 restitissent,

731 3393 869 3446 nunquam
891 3375 986 3426 illaad
1005 3374 1199 3440 proditionem,
1215 3386 1260 3424 nec

730 3451 774 3502 isti
800 3451 833 3499 ad
856 3448 914 3512 ejus
937 3444 1100 3495 occisionem
1125 3442 1261 3510 pervenis·

729 3531 798 3582 sent,
822 3519 868 3569 sed
890 3515 955 3584 quia
969 3514 1073 3565 minora
1088 3525 1261 3581 contempse-

729 3603 801 3654 runt,
823 3592 884 3642 ideo
897 3596 1095 3653 consequenter
1108 3587 1140 3637 ad
1162 3588 1262 3653 majora

729 3665 894 3724 deciderunt,
918 3671 948 3713 ut
968 3659 1041 3711 enim
1057 3659 1261 3711 Ecclesiasticus

728 3738 765 3790 ait
780 3753 786 3786 :
801 3734 859 3795 Qut
873 3731 975 3798 spernit
991 3729 1105 3792 modica,
1126 3727 1262 3797 paulatim
1301 3758 1312 3777 -.

729 3808 840 3863 decidet.
1310 3804 1312 3813 '
