2632 4320
95 314 149 381 408

96 429 243 490 dedititiis,
255 428 346 480 dicens
359 445 368 479 .·
382 429 502 496 Accipite
515 435 542 479 et
551 427 630 479 bibite

96 514 173 550 exeo
190 514 299 550 omnes.-
313 500 368 550 Hic
377 506 417 549 est
431 501 499 550 enim
514 499 629 564 sanguis

96 585 179 634 meus,
204 570 250 636 qui
270 584 324 635 pro
346 571 439 621 multis
466 571 627 636 effunmtur.

97 642 206 703 Quibus
228 640 319 691 verbis
351 641 402 692 hoc
429 650 628 692 sacramentum

98 711 234 774 instituit,
253 720 279 761 et
303 712 382 762 tacite
396 713 568 778 praemissum
582 711 630 760 de-

98 783 195 834 stituit.
216 782 294 832 Unde
314 784 431 834 creditur
448 799 509 834 cum
532 781 630 832 Domi-

98 869 150 904 nus
166 852 254 904 dixit:
269 854 331 905 Hoc
348 861 389 905 est
408 867 503 920 corpus
526 867 630 914 meum;

98 934 125 975 et
139 940 145 974 :
158 925 214 975 Hic
226 931 268 975 est
286 925 401 990 sanguis
416 939 497 987 meus,
513 933 631 974 mutasse

99 1013 197 1064 panem
212 1008 237 1048 et
250 997 344 1048 vinum
359 998 388 1048 in
405 1013 511 1048 carnem
526 1007 551 1048 et
566 1012 630 1047 san-

98 1067 219 1133 guinem,
228 1078 253 1120 et
267 1079 330 1119 tunc
343 1070 464 1120 eamdem
474 1070 531 1119 vim
542 1077 631 1119 contu·

97 1137 161 1188 lisse
174 1139 227 1187 illis
241 1139 268 1188 in
285 1149 440 1204 posterum;
454 1147 480 1188 et
495 1139 555 1205 ideo
567 1154 628 1189 cum

98 1201 271 1274 proferuntur
294 1209 322 1259 in
343 1209 460 1272 Canone,
482 1226 514 1260 ex
532 1211 631 1261 virtute

97 1296 192 1332 eorum
213 1281 242 1331 fit
262 1282 542 1347 transsubstantiatio,
566 1284 631 1350 quia

97 1353 178 1402 verba
191 1352 399 1402 consecrationis
416 1351 536 1403 efficiunt
555 1355 628 1420 quod

96 1421 222 1488 figurant.
244 1423 272 1472 Si
293 1423 367 1473 enim
390 1424 502 1474 verbum
527 1425 628 1476 Christi

96 1503 176 1543 tantae
200 1504 239 1543 est
264 1493 380 1559 virtutis,
410 1496 482 1560 quod
506 1495 568 1546 fecit
597 1498 630 1548 de

98 1563 185 1613 nihilo
202 1579 311 1614 omnem
331 1574 489 1630 creaturam,
513 1584 568 1618 non
590 1579 630 1619 est

98 1635 199 1685 mirum
206 1636 229 1686 si
241 1653 324 1688 unam
334 1648 482 1689 creaturam
495 1651 631 1693 convertat

98 1705 128 1758 in
154 1708 244 1759 aliam.
274 1710 351 1760 Unde
384 1710 597 1777 chrysostomus
622 1730 630 1763 :

98 1797 113 1826 a
128 1779 256 1831 Sicutilla
269 1797 321 1832 vox
336 1796 396 1847 quae
409 1781 494 1832 dixit:
512 1782 631 1835 Crescite

98 1857 125 1901 et
133 1851 355 1917 multiplicamini,
370 1857 396 1902 et
408 1853 508 1917 replete
519 1860 629 1919 terram,

98 1924 182 1973 semel
206 1924 316 1988 quidem
337 1924 407 1974 dicta
422 1934 471 1985 est,
490 1926 536 1976 sed
554 1929 630 1978 omni

98 2003 220 2061 tempore
237 1997 318 2046 sentit
335 1997 457 2046 effectum
470 1998 502 2047 ad
517 2015 630 2064 genera-

98 2065 211 2130 tionem,
223 2077 350 2131 operante
365 2078 475 2132 natura3
491 2068 564 2120 itaet
578 2087 630 2121 vox

98 2135 149 2187 ista
160 2138 243 2186 semel
256 2136 367 2204 quidem
380 2137 450 2188 dicta
463 2148 512 2199 est,
525 2140 572 2190 sed
584 2157 631 2206 per

98 2224 195 2259 omnes
217 2225 324 2260 mensas
342 2210 473 2275 Ecclesiae,
495 2228 582 2278 usque
603 2214 629 2262 in

97 2280 262 2331 hodiernum
276 2281 358 2341 diem,
379 2292 406 2331 ct
419 2298 506 2348 usque
525 2286 558 2334 ad
572 2286 629 2350 ejus

96 2350 241 2402 adventum
266 2360 373 2416 praestat
393 2352 522 2404 sacrificio
540 2354 629 2407 firmi-

97 2432 179 2476 tatem
200 2441 235 2474 :r
255 2425 313 2476 haec
337 2425 559 2493 chrysostomus.
583 2432 630 2482 Est

97 2506 187 2548 autern
200 2497 237 2547 ibi
248 2499 338 2559 altare,
354 2498 400 2549 ubi
413 2500 548 2552 Dominus
559 2504 631 2553 ordi·
650 2561 652 2566 ,

98 2568 172 2620 navit
208 2581 405 2621 sacramentum
444 2572 628 2626 Eucharistiae.

98 2640 142 2692 Ob
156 2641 232 2702 cujus
243 2640 444 2692 institutionem
456 2653 505 2703 est,
514 2646 586 2710 quod
603 2646 629 2696 in

98 2712 149 2763 hac
171 2713 214 2763 die
227 2748 245 2775 ,·
259 2729 321 2764 cum
351 2730 445 2765 omnes
468 2715 543 2767 horae
575 2718 631 2768 sint

98 2782 211 2847 flebiles,
233 2785 290 2833 sola
310 2783 393 2834 missa
415 2794 455 2835 est
482 2788 629 2849 solemnis,

98 2862 228 2920 tanquam
253 2855 280 2903 in
301 2870 350 2904 suo
371 2855 462 2915 natali,
480 2857 582 2909 scilicet
603 2859 630 2909 in

98 2923 143 2973 die
163 2940 218 2975 suae
234 2925 421 2976 institutionis.
441 2926 539 2978 Eadem
558 2945 630 2995 quo-

99 3008 152 3060 que
179 2995 222 3045 die
246 2995 373 3046 Chrisma
391 2996 553 3060 conficitur,
575 3016 630 3067 quo

98 3063 201 3114 frontes
219 3065 370 3132 liniuntur,
387 3068 452 3134 quia
474 3071 567 3120 eadem
586 3071 630 3122 die

98 3146 189 3202 postes
215 3136 275 3202 agni
301 3138 433 3203 sanguine
454 3139 629 3192 liniebantur.

97 3207 194 3272 Aspice
206 3222 278 3257 nunc
288 3207 355 3258 bene
366 3211 502 3273 quomodo
512 3211 630 3278 diligen-

97 3284 137 3327 ter
152 3293 182 3326 ac
203 3276 325 3338 fideliter,
341 3287 366 3328 et
384 3279 477 3330 devote
497 3282 630 3332 Dominus

97 3347 221 3412 praedicta
236 3345 308 3411 facit,
325 3356 351 3398 et
368 3349 485 3414 propriis
505 3351 630 3402 manibus

96 3418 171 3469 illam
185 3420 309 3471 dilectam
324 3429 350 3470 et
368 3421 533 3472 benedictam
548 3423 629 3474 farni-

96 3490 161 3543 liam
176 3509 253 3543 suam
272 3493 461 3545 communicat.
478 3496 538 3545 Non
554 3496 628 3546 enim

95 3574 136 3616 est
155 3564 377 3632 intelligendum,
404 3567 476 3633 quod
495 3567 629 3633 discipuli

97 3645 237 3701 sumptum
250 3636 355 3702 Corpus
368 3636 402 3686 de
421 3652 503 3687 manu
517 3636 628 3687 Domini

95 3705 148 3757 sibi
174 3706 376 3769 ministrarent;
398 3709 443 3758 sed
464 3707 512 3774 qui
532 3723 629 3758 conse-

96 3777 189 3838 cravit,
206 3778 263 3843 ipse
276 3789 303 3828 et
317 3778 486 3830 ministravit.
506 3778 536 3829 ln
552 3780 628 3844 cujus

97 3847 208 3913 signum
222 3865 318 3900 omnes
328 3849 447 3916 religiosi
463 3850 591 3901 deberent
601 3850 627 3900 in

92 3918 140 3971 die
153 3919 246 3972 Coenae
268 3921 385 3987 recipere
398 3920 504 3987 Corpus
516 3920 629 3982 Christi,

409 310 585 361 SECUNDAE
600 308 728 360 PARTlS
744 309 862 361 CAPUT
879 308 947 360 LVI.

682 425 715 475 de
725 440 808 476 manu
820 425 921 491 praelati
931 423 983 475 sui.
1000 422 1126 489 Sumpsit
1136 423 1218 474 etiam

682 495 740 561 ipse
754 506 950 546 sacramentum
967 495 1097 560 Corporis
1109 503 1136 544 et
1149 494 1219 544 San-

682 566 774 632 guinis
799 567 851 626 sui,
876 582 930 616 non
950 575 1058 631 propter
1079 565 1123 616 sui
1144 564 1217 615 indi-

683 638 809 704 gentiam,
833 648 859 689 et
888 647 918 688 ut
940 637 1059 703 aliquem
1086 651 1102 687 a
1125 651 1218 687 sacra-

683 720 775 759 mento
788 718 1000 774 consequeretur
1013 706 1156 773 effectum3
1171 707 1218 758 sed

683 781 768 849 gratia
782 781 908 846 exempli,
919 781 1021 831 scilicet
1031 789 1061 830 ut
1071 780 1133 831 aliis
1144 780 1219 830 daret

683 854 862 904 manducandi
871 855 1035 920 exemplum.
1043 853 1218 919 Sumpsitau-

683 933 737 974 tem
753 925 834 974 modo
857 924 924 974 illud
947 923 1134 974 sacramentali
1156 932 1219 974 tan-

683 1007 751 1058 tum,
767 1014 821 1047 non
838 998 982 1064 spirituali.
998 999 1049 1048 Per
1063 998 1116 1048 hoc
1128 1008 1218 1048 autem

683 1069 756 1135 quod
782 1068 908 1119 Christus
934 1069 1015 1118 morti
1038 1068 1218 1135 propinquus,

683 1158 738 1193 non
761 1143 848 1193 solum
873 1158 972 1208 agnum
1001 1141 1148 1208 typicum,
1172 1141 1218 1191 sed

683 1214 763 1265 etiam
784 1214 890 1280 Corpus
909 1230 990 1264 suum
1010 1213 1104 1264 verum
1131 1227 1219 1263 sacra·

683 1285 834 1336 mentaliter
845 1301 908 1335 cum
921 1285 1061 1351 Apostolis
1078 1285 1219 1336 manduca·

682 1356 729 1416 vit,
746 1356 896 1407 ostenditur
910 1356 984 1420 quod
1002 1355 1118 1420 quilibet
1132 1353 1217 1404 Chri-

683 1428 796 1489 stianus,
808 1427 925 1493 periculo
941 1426 1038 1476 mortis
1048 1425 1217 1482 imminente,

683 1498 781 1557 debet,
809 1497 832 1547 si
859 1506 968 1563 potest,
991 1494 1216 1545 sacramentaliter

682 1565 905 1627 communicare,
927 1578 953 1618 et
978 1568 1002 1618 si
1026 1583 1084 1618 non
1109 1575 1213 1633 potest,

683 1643 865 1693 communicet
879 1643 973 1692 saltem
988 1641 1051 1701 fide,
1066 1639 1214 1691 secundum

683 1712 750 1764 illud
764 1714 876 1764 verbum
894 1712 1067 1778 Augustini.-
1090 1729 1105 1758 a
1123 1709 1216 1770 Crede,

683 1793 709 1833 et
729 1783 935 1834 manducasti.»

716 1852 730 1903 3
751 1854 912 1904 Gnarranuu
922 1869 999 1903 terro
1011 1867 1145 1910 raursqua
1158 1867 1219 1901 aaa·
1239 1908 1242 1915 Ι

682 1939 751 1974 erro.
774 1953 805 1961 -
823 1924 937 1975 Attende
959 1924 1041 1974 etiarn
1056 1921 1217 1973 sacramenti

682 1993 849 2058 dignitatem,
867 2004 892 2044 et
904 1993 1089 2054 reverentiam,
1106 2002 1133 2044 et
1147 1991 1220 2043 ordi·

682 2079 744 2114 nem
767 2064 836 2115 circa
859 2064 958 2130 ipsum,
975 2065 1109 2131 quoniam
1131 2064 1218 2130 primo

681 2135 792 2200 gratias
806 2137 863 2202 egit
886 2154 894 2187 .·
915 2152 963 2201 pro
985 2146 1061 2187 tanto
1080 2135 1217 2202 mysterio,

681 2207 750 2258 circa
772 2209 846 2273 quod
866 2208 958 2258 divina
983 2210 1070 2259 virtus
1095 2217 1218 2274 operatur

682 2279 825 2343 secretius3
849 2290 875 2329 et
901 2297 950 2346 pro
980 2290 1052 2330 tanto
1078 2280 1215 2340 beneficio,

682 2361 712 2401 ut
727 2350 831 2417 Corpus
854 2361 880 2401 et
898 2352 1064 2416 Sanguinem
1080 2367 1162 2402 suum
1176 2352 1217 2402 det

683 2421 763 2470 nobis
777 2437 784 2470 ι
800 2431 825 2471 et
836 2437 883 2488 per
894 2421 945 2470 hoc
959 2423 1088 2484 ostendit,
1103 2423 1178 2489 quod
1190 2421 1214 2471 in

683 2495 848 2560 sumptione,
861 2505 888 2545 et
899 2504 961 2544 ante
974 2497 1162 2561 sumptionem
1173 2495 1215 2545 hu-

681 2564 724 2630 jus
745 2565 917 2624 sacramenti,
939 2567 1114 2632 praeexigitur
1138 2567 1214 2617 devo·

682 2634 721 2684 tio
741 2644 767 2685 et
788 2635 883 2695 oratio,
904 2649 934 2685 ac
959 2636 1059 2686 mentis
1083 2636 1113 2686 in
1133 2637 1212 2687 Deum

682 2705 802 2756 elevatio.
819 2706 849 2756 In
864 2706 916 2756 hoc
930 2707 1011 2757 etiam
1023 2707 1122 2758 tribuit
1135 2706 1208 2758 nobis

682 2777 837 2841 exemplum
868 2777 1034 2844 glorificandi
1068 2781 1157 2830 Deum
1186 2777 1210 2827 iu

682 2847 758 2896 omni
769 2846 839 2897 bona
850 2846 1116 2900 inchoatione.Unde
1126 2849 1211 2900 Beda:

683 2936 697 2964 a
710 2918 747 2968 Et
763 2918 831 2969 sicut
844 2919 876 2969 de
888 2921 1023 2971 veteribus
1037 2920 1208 2972 terminandis

682 3001 779 3057 egerat,
804 2992 882 3043 sicet
902 2993 935 3042 de
955 2994 1032 3044 novis
1055 2992 1211 3061 incipiendis

682 3062 792 3127 gratias
816 3063 889 3128 agit,
907 3064 986 3114 nobis
1008 3064 1110 3130 pariter
1128 3080 1212 3116 exem-

682 3132 758 3198 plum
775 3133 906 3193 tribuens,
926 3134 955 3184 in
972 3135 1049 3185 omni
1065 3136 1132 3185 boni
1153 3150 1211 3201 ope·

682 3205 720 3255 ris
744 3205 936 3268 inchoatione,
963 3208 1005 3258 vel
1036 3208 1210 3274 perfectione,

683 3276 787 3327 Patrem
800 3276 847 3343 qui
863 3277 892 3327 in
912 3278 986 3329 coelis
1001 3289 1052 3339 est,
1069 3294 1129 3330 esse
1141 3277 1213 3345 glori·

681 3347 824 3399 ficandum.
848 3368 862 3396 u
886 3349 989 3399 Deinde
1007 3350 1155 3413 benedixit,
1174 3347 1213 3399 di-

681 3421 764 3470 cendo
787 3421 866 3471 verba
890 3437 951 3487 quae
970 3433 1122 3488 sequuntur
1134 3441 1143 3474 :
1155 3423 1212 3474 Hoc

681 3499 722 3544 est
732 3508 830 3557 corpus
843 3509 927 3544 meum
934 3512 944 3556 ,·
956 3495 1014 3558 hoc,
1029 3495 1132 3547 scilicet
1145 3495 1213 3563 quod

682 3566 733 3618 sub
767 3566 856 3631 specie
885 3567 962 3633 panis
994 3567 1116 3629 videtis,
1146 3568 1215 3635 quod

682 3639 755 3688 nu'nc
776 3639 827 3698 do,
851 3646 876 3688 et
901 3639 974 3704 quod
1000 3654 1074 3689 nunc
1095 3640 1212 3699 sumitis,

681 3710 753 3775 quod
778 3724 826 3774 pro
842 3708 935 3772 vobis,
956 3719 981 3759 et
1006 3711 1088 3760 vestri
1108 3713 1213 3763 redem-

681 3780 774 3844 ptione
788 3779 919 3843 tradetur,
932 3780 964 3830 ad
983 3779 1178 3846 flagellandum
1193 3791 1217 3833 et

682 3852 902 3918 crucifigendum.
910 3853 952 3903 Ex
962 3868 1018 3918 quo
1028 3854 1137 3907 videtur
1146 3856 1217 3924 quod

681 3922 730 3975 itae
750 3938 804 3973 non
824 3923 991 3974 demonstrat
1004 3924 1126 3989 speciem
1140 3927 1217 3994 panis
