2632 4320
447 120 452 151 l

185 246 232 296 DE
244 240 510 296 VENTILATIONE
529 240 635 292 AREAE
652 242 688 292 IN
706 243 884 294 EXTREMO
907 245 1052 296 JUDlClO.
1126 245 1178 310 369

63 366 116 416 Ista
136 373 226 415 autem
249 373 352 428 septem
369 361 491 425 impensa
514 355 603 408 fideli-

59 439 112 488 bus
132 445 240 502 propter
253 434 402 497 Christum,
419 440 522 498 reputat
534 432 592 496 ipse

60 507 187 558 Christus
206 505 259 555 sibi
280 504 362 566 facta;
383 514 410 554 et
428 501 592 554 econtrario

58 578 185 628 fidelibus
198 577 338 643 denegata,
354 575 406 626 sibi
422 574 473 641 ipsi
487 582 592 640 reputat

58 651 196 714 denegata.
219 648 325 698 Fideles
344 656 407 696 sunt
424 647 482 710 ejus
504 659 592 694 mem-

58 721 116 780 bra,
132 729 239 785 propter
251 718 324 784 quod
340 717 499 768 facientibus
512 729 592 781 opera

58 792 252 843 misericordiae
283 791 370 842 reddit
402 790 486 841 vitam
511 799 591 839 aeter-

59 880 131 923 nam,
157 863 352 929 denegantibus
371 872 460 912 autem
485 875 515 910 ea
530 859 592 909 red-

57 937 98 987 dit
133 951 248 1001 poenam.
277 935 475 985 Advertendum
501 943 591 982 tamen

57 1010 131 1076 quod
151 1024 212 1058 cum
235 1007 335 1058 dicitur
349 1024 356 1058 ι
371 1008 493 1066 Domine,
511 1019 592 1071 quan-

58 1081 92 1130 do
109 1087 133 1131 te
147 1079 261 1130 vidimus
275 1078 439 1140 esurientem
461 1088 520 1136 ete,
535 1091 591 1126 non

60 1159 102 1200 est
115 1148 232 1215 quaestio
248 1148 400 1213 ‘procedens
414 1162 446 1198 ex
460 1147 591 1213 ignoran-

58 1220 114 1279 tia,
143 1219 207 1286 quia
232 1218 295 1284 justi
327 1227 486 1284 cognoscent
517 1216 591 1281 quod

58 1306 140 1356 opera
163 1289 356 1341 misericordiae
372 1289 439 1340 facta
461 1287 592 1339 membris

57 1360 170 1421 Christi,
193 1361 252 1425 ipse
274 1360 326 1411 sibi
348 1370 453 1426 reputat
470 1357 540 1417 fieri,
565 1368 591 1408 et

57 1447 105 1497 pro
127 1431 227 1482 talibus
247 1447 275 1482 se
291 1433 394 1492 salvari,
418 1441 444 1482 et
467 1429 593 1480 similiter

57 1501 120 1552 mali
135 1502 220 1553 scient
236 1519 264 1553 se
285 1519 334 1569 pro
354 1502 489 1553 contrario
512 1501 591 1551 dam-

58 1573 135 1638 uari;
151 1573 198 1623 sed
213 1584 254 1625 est
270 1574 384 1640 quaestio
394 1571 590 1632 admirationis,

58 1661 107 1710 pro
133 1647 319 1712 magnitudine
343 1646 434 1713 gratiae
459 1660 521 1712 quae
546 1643 592 1696 fiet

56 1715 158 1776 electis,
173 1725 200 1766 et
212 1733 261 1783 pro
275 1716 462 1784 magnitudine
477 1715 592 1766 miseriae

57 1803 118 1853 quae
142 1787 279 1853 infligetur
293 1788 422 1854 reprobis.
439 1788 483 1838 Sic
501 1787 592 1853 itaque

51 1859 187 1925 judicium
197 1861 254 1911 sine
264 1861 459 1925 misericordia,
471 1859 500 1910 fit
512 1859 537 1910 ei
545 1859 592 1925 qui

58 1946 108 1982 non
118 1933 189 1998 fecit
203 1935 424 1986 misericordiam.
440 1933 513 1993 Quid
527 1948 590 1998 ergo

57 2013 195 2054 merentur
220 2004 267 2070 qui
300 2005 387 2055 aliena
413 2004 536 2070 rapiunt,
567 2003 591 2053 si

57 2075 220 2126 eternaliter
238 2076 400 2126 damnantur
421 2075 468 2142 qui
489 2076 522 2126 de
541 2090 591 2126 suo

59 2161 114 2196 non
132 2147 272 2198 dederint?
292 2148 320 2198 Si
337 2149 399 2200 talia
419 2147 592 2199 sustinebunt

57 2215 301 2279 immisericordes,
337 2220 426 2285 qualia
464 2235 591 2285 passuros

59 2297 186 2350 putamus
200 2288 337 2341 crudeles?
352 2291 429 2341 Unde
450 2291 591 2359 Chrysor-

59 2363 145 2408 tomus
167 2375 176 2408 .·
195 2377 209 2406 u
230 2359 269 2409 Ex
298 2360 349 2411 hoc
371 2362 429 2412 loco
452 2362 591 2413 sciendum

59 2438 107 2487 est,
126 2429 201 2494 quod
223 2445 278 2479 non
291 2440 396 2482 tantum
411 2448 459 2498 pro
472 2448 503 2482 eo
518 2433 591 2498 quod

59 2510 235 2564 peccaverunt
253 2501 379 2554 homines
393 2503 591 2555 condemnandi

59 2580 131 2631 sunt,
144 2572 193 2622 sed
214 2573 294 2623 etiam
316 2590 365 2640 pro
384 2576 503 2641 eoquod
524 2576 593 2627 bene

59 2657 113 2692 non
125 2641 243 2707 faciunt,
260 2644 282 2694 si
298 2656 388 2696 autem
411 2663 458 2712 pro
472 2662 505 2697 eo
519 2649 592 2714 quod

59 2718 127 2767 bene
140 2731 195 2767 non
207 2715 306 2767 faciunt
317 2718 356 2768 sic
367 2719 590 2785 condemnantur,

59 2797 138 2852 putas
157 2788 251 2853 quales
273 2805 366 2854 poenas
386 2791 524 2841 exsolvent
543 2807 592 2856 pro

59 2875 90 2910 eo
120 2860 194 2927 quod
211 2861 335 2926 peccant?
357 2862 390 2912 Et
409 2863 497 2930 digne,
519 2864 591 2914 Deus

59 2931 133 2981 enim
147 2931 290 2982 hominem
304 2932 363 2983 ideo
383 2932 447 2983 fecit
459 2947 489 2985 ut
507 2936 592 2987 bene-

59 3003 147 3066 faciat,
166 3013 193 3054 et
206 3005 247 3055 ad
260 3005 372 3072 gloriam
390 3007 438 3057 Dei
453 3008 591 3073 pertineat,

60 3090 115 3124 non
141 3075 203 3125 ideo
230 3085 334 3127 tantum
360 3088 390 3129 ut
411 3094 467 3128 non
493 3090 591 3144 peccet,

60 3161 123 3197 nam
147 3145 172 3197 si
191 3162 247 3198 non
266 3147 343 3200 faciat
363 3150 475 3211 bonurn,
491 3167 539 3202 nec
553 3161 593 3202 est

59 3229 140 3268 causa
154 3232 208 3283 qua
221 3229 324 3269 creatus
348 3232 396 3271 est.
418 3221 484 3273 Sine
508 3223 592 3273 dubio

60 3287 135 3338 enim
153 3287 177 3338 si
193 3298 297 3339 creatus
313 3305 367 3340 non
380 3291 483 3352 fuisset,
501 3307 593 3358 pecca-

61 3369 120 3410 tum
134 3375 191 3410 non
207 3360 281 3412 fieret
298 3377 378 3428 super
392 3373 506 3428 terram3
531 3380 594 3414 nam

59 3430 108 3497 qui
146 3431 276 3497 intelligit
309 3433 466 3499 mysterium
491 3434 595 3486 divinae

58 3501 280 3569 dispensationis,
295 3519 377 3570 quare
390 3504 474 3556 factus
487 3516 528 3557 est
541 3507 595 3556 ho-

60 3589 106 3625 mo
128 3573 284 3640 cognoscit,
307 3575 371 3640 quia
396 3576 493 3626 merito
517 3577 595 3643 quasi

61 3659 175 3710 peccans
191 3644 386 3695 condemnetur
399 3645 446 3710 qui
465 3646 596 3710 justitiam

59 3730 114 3766 non
135 3713 199 3766 facit
220 3730 228 3765 z
250 3732 263 3762 r
295 3714 351 3766 haec
372 3716 592 3782 chrysostomus.

59 3785 135 3839 Sicut
147 3795 241 3837 autem
255 3785 352 3837 melius
366 3796 407 3837 est
420 3802 500 3853 opera
512 3789 596 3840 mise-

59 3854 183 3908 ricordiae
200 3855 270 3907 circa
284 3855 413 3917 animam,
427 3872 509 3923 quarn
526 3859 597 3911 circa

123 3973 195 4024 Vtra
209 3973 274 4025 Jrsu
286 3972 407 4035 Cnnrsrr,
422 3988 509 4024 rouus
526 3975 568 4026 lll.

645 372 742 422 corpus
754 357 853 422 facere3
868 358 907 409 sic
920 359 998 424 pejus
1009 369 1050 409 est
1065 373 1096 410 ea
1109 360 1179 412 circa

645 429 766 480 animam
781 447 864 496 quam
879 431 948 482 circa
970 448 1067 498 corpus
1087 433 1177 499 negli-

644 517 715 568 gere.
742 504 820 554 Unde
843 504 914 555 idem
935 505 1147 571 chrysostomus
1168 525 1177 558 :

645 593 659 621 a
685 575 713 624 Si
739 575 796 626 haec
821 577 994 642 corporaliter
1020 578 1179 644 corporibus

645 663 700 698 non
713 659 837 714 praestare
852 649 997 715 impietatis
1014 660 1063 715 est,
1079 667 1139 717 quae
1153 663 1180 703 et

645 718 667 768 si
682 718 816 786 accipiunt
831 735 869 781 ea,
890 736 945 771 non
961 731 1074 786 possunt
1091 722 1179 773 vivere

645 803 768 856 semper,
796 801 874 856 putas
898 800 1007 857 quantae
1031 791 1178 857 impietatis
1221 831 1229 851 ,
1253 801 1255 805 ’

645 869 684 909 est
699 861 756 910 haec
774 860 865 911 omnia
880 861 1057 926 spiritualiter
1071 863 1178 914 anima-

645 932 695 983 bus
716 934 932 999 periclitantibus
945 950 1000 985 non
1013 934 1177 997 ministrare,

644 1019 704 1069 quae
729 1015 851 1070 poterant
872 1005 962 1056 vivere
985 1005 1012 1055 ln
1035 1015 1179 1071 aeternum,

644 1076 666 1126 si
701 1075 760 1127 haec
789 1076 830 1127 eis
863 1076 1013 1127 ministrata
1042 1075 1176 1130 fuissent?

644 1147 784 1206 Quantum
812 1147 886 1199 enirn
909 1147 1065 1198 meliorest
1087 1148 1178 1200 anima

643 1234 726 1285 quam
751 1235 866 1285 corpus,
898 1228 972 1270 tanto
1001 1218 1109 1284 gravius
1137 1230 1177 1272 est

643 1299 781 1356 peccatum
817 1291 959 1341 animabus
990 1290 1177 1343 laborantibus

643 1362 795 1428 spirituales
819 1363 1002 1428 eleemosynas
1029 1379 1084 1413 non
1103 1380 1176 1430 prae-

643 1445 721 1493 stare,
740 1448 822 1499 quam
837 1433 995 1498 corporibus
1016 1435 1178 1500 corporales.

644 1505 673 1553 ln
696 1503 816 1554 Ecclesia
838 1518 902 1568 ergo
922 1519 977 1553 non
1001 1505 1091 1554 solum
1115 1514 1179 1556 sunt

644 1589 774 1640 pauperes
806 1573 980 1638 corporaliter
1006 1575 1177 1638 esurientes,

642 1655 688 1694 aut
711 1643 813 1694 debiles
833 1643 1014 1708 corporaliter,
1036 1655 1083 1695 aut
1100 1661 1179 1710 pere-

643 1714 714 1781 grini
736 1714 883 1765 secundum
905 1729 1016 1779 corpus,
1033 1715 1177 1766 sedetiam

643 1786 819 1853 spiritualiter
838 1800 967 1851 pauperes
986 1786 1043 1835 sine
1060 1787 1122 1836 cibo
1138 1787 1177 1852 ju-

643 1860 741 1923 stitiae,
768 1859 827 1909 sine
851 1868 916 1925 potu
941 1859 1087 1925 agnitionis
1112 1860 1176 1926 Dei,

643 1947 744 1983 necnon
775 1930 835 1981 sine
872 1929 1031 1980 vestimento
1066 1930 1177 1984 Christi.

643 2002 759 2054 Maxime
777 2001 865 2052 taliter
880 2016 1009 2067 pauperes
1034 2012 1107 2063 sunt,
1129 2002 1177 2068 qui

643 2073 815 2139 corporaliter
837 2071 960 2123 videntur
983 2072 1079 2123 divites
1107 2087 1175 2133 esse,

643 2148 773 2215 quoniam
792 2147 950 2213 plerumque
969 2146 998 2196 in
1015 2146 1178 2198 abundantia

643 2235 734 2270 rerum
766 2217 858 2284 inopia
886 2216 995 2283 justitiae
1031 2217 1177 2270 invenitur.

644 2292 711 2341 Sunt
725 2288 857 2356 peregrini
872 2288 901 2338 in
921 2288 973 2338 hoc
987 2289 1099 2349 mundo,
1115 2298 1180 2340 sunt

644 2364 747 2414 debiles
764 2362 865 2422 animo,
880 2371 944 2413 sunt
959 2372 1049 2412 mente
1060 2363 1133 2423 caeci,
1149 2363 1177 2413 in
1219 2385 1221 2387 ·

644 2436 797 2487 obedientia
827 2434 915 2493 surdi,
945 2443 971 2484 et
998 2435 1092 2484 ceteris
1115 2450 1180 2500 pas·

644 2508 769 2559 sionibus
798 2504 982 2571 spiritualibus
1008 2514 1178 2569 aegrotantes,

644 2593 761 2645 quorum
778 2575 875 2625 animae
896 2589 1006 2623 omnem
1023 2588 1110 2623 escam
1126 2574 1180 2639 spi-

644 2650 767 2701 ritualem
781 2647 967 2698 abominantes
977 2645 1175 2712 appropinqua·

644 2732 739 2774 verunt
751 2735 837 2786 usque
851 2719 884 2770 ad
899 2729 989 2785 portas
1005 2718 1110 2768 mortis.
1125 2718 1178 2778 Qui

642 2811 706 2862 ergo
721 2810 774 2845 non
790 2792 870 2843 habet
884 2792 955 2842 unde
971 2789 1049 2841 faciat
1065 2791 1179 2841 eleemo-

643 2884 723 2934 synas
737 2865 897 2932 corporales,
914 2863 993 2914 faciat
1009 2862 1172 2928 spirituales,

643 2955 675 2989 ex
689 2937 774 3004 gratia
784 2935 859 2986 verbi
873 2949 955 3000 quam
970 2932 1068 2998 accepit
1081 2948 1097 2984 a
1110 2933 1177 2998 Deo,

643 3019 669 3060 et
683 3006 802 3063 inveniet
817 3003 1023 3055 retributionem
1038 3003 1147 3071 dignam
1163 3019 1179 3054 a

644 3079 762 3138 Christo,
787 3076 835 3143 qui
855 3076 948 3127 omnia
961 3085 1015 3126 tam
1030 3074 1178 3142 corporalia

644 3166 725 3217 quam
747 3147 897 3214 spiritualia
911 3147 981 3207 data,
996 3147 1074 3212 quasi
1098 3145 1126 3195 in
1149 3159 1177 3194 se

645 3222 712 3272 facta
735 3228 937 3278 commemorat,
961 3231 1022 3284 quae
1043 3232 1103 3266 cum
1122 3215 1177 3264 ho-

646 3289 768 3341 rninibus
797 3286 887 3352 fiunt,
916 3288 975 3339 haec
1001 3285 1120 3336 diximus
1148 3293 1178 3334 ut

646 3360 730 3410 sciant
745 3360 868 3409 doctores
881 3366 907 3408 et
921 3365 1051 3423 quantum
1065 3353 1178 3404 beatitu-

646 3431 719 3481 dinis
746 3429 799 3480 sibi
825 3428 971 3496 acquirant,
993 3426 1016 3476 si
1037 3423 1178 3489 diligentes

648 3501 748 3551 fuerint
769 3500 839 3550 circa
857 3499 979 3555 verbum,
997 3505 1023 3546 et
1045 3504 1177 3560 quantum

648 3568 839 3630 damnationis,
864 3568 886 3618 si
913 3567 1014 3618 fuerint
1037 3564 1178 3630 negligen-

647 3652 708 3693 tes:
724 3661 738 3688 r>
753 3641 809 3690 haec
823 3637 1043 3703 chrysostomus.

684 3728 715 3763 ro
730 3713 810 3762 Srcur
830 3721 990 3757 nrrnrnurro
1005 3721 1050 3754 rra
1070 3720 1178 3754 rumrro

648 3801 710 3836 narr
726 3797 844 3834 lernam.
859 3808 889 3818 -
903 3780 942 3829 Et
955 3779 1027 3829 ibunt
1048 3776 1084 3838 hi,
1101 3776 1177 3827 scili-

648 3867 690 3909 cet
702 3853 818 3920 reprobi,
830 3852 857 3902 in
867 3850 1026 3916 supplicium
1035 3853 1177 3912 oeternum

1050 3977 1085 4026 24
