2632 4320
107 285 159 356 396

107 398 214 450 minum
233 397 378 464 majestatis
400 414 454 449 non
480 397 592 460 vereris,
619 397 643 448 si

107 471 146 522 sic
171 487 259 538 usque
282 472 315 520 ad
342 471 428 536 ipsius
456 486 563 538 semper
593 469 643 521 tibi

108 542 231 604 benefici,
249 557 409 608 semperque
434 541 585 593 innocentis
599 541 644 590 in-

106 615 217 665 teritum
232 613 329 665 saevis?
340 615 453 675 ¹Sedvae
470 615 531 675 tibi,
545 613 641 665 miser!

95 687 151 737 ·Tu
176 685 286 751 quidem
301 686 459 749 obduratus,
482 687 556 753 quod
575 702 643 736 con·

108 755 201 821 cepisti
222 756 364 822 parturies,
388 767 551 808 nontamen
575 757 642 823 ipse,

107 827 154 878 sed
167 836 196 877 tu
212 827 322 893 peribis.
343 828 512 880 Admiranda
527 839 568 879 est
588 829 643 896 igi-

106 910 151 951 tur
165 909 236 951 tanta
250 901 415 952 humilitatis
430 913 456 953 et
465 903 643 968 benignitatis

107 971 279 1038 profunditas
290 973 400 1023 Domini
414 975 486 1025 Jesu.
502 974 580 1025 Unde
590 977 644 1025 An-

108 1041 208 1093 selmus
223 1061 232 1094 .·
247 1062 261 1090 a
272 1043 308 1093 Et
322 1053 348 1093 te
362 1043 473 1110 quidem
490 1045 643 1111 perditissi-

109 1115 148 1165 mi
168 1115 314 1182 proditoris
324 1117 363 1167 tui
381 1116 490 1183 perfidia
505 1133 560 1167 non
574 1119 642 1169 late-

107 1189 162 1248 bat,
172 1188 281 1254 quando
296 1188 324 1238 in
335 1189 384 1238 hac
398 1204 472 1239 eoena
485 1189 640 1251 ablutionis,

108 1258 190 1310 etiam
212 1274 303 1310 coram
327 1259 387 1325 ipso
406 1275 477 1324 genu
492 1259 561 1310 flexo
576 1276 641 1324 pro·

106 1330 246 1390 cumbens,
262 1329 416 1380 maledictos
422 1330 507 1396 pedes
521 1331 578 1395 ejus
594 1333 640 1381 ve-

108 1401 179 1453 loces
203 1402 241 1452 ad
266 1401 454 1469 effundendum
480 1403 640 1468 sanguinem

106 1482 204 1533 tuum,
231 1474 411 1525 sanctissimis
437 1475 564 1525 manibus
586 1475 640 1526 tuis

106 1552 254 1605 attrectare,
276 1546 372 1605 lavare,
394 1555 420 1595 et
442 1556 578 1611 extergere
600 1544 640 1595 di-

106 1623 203 1679 gnatus
216 1629 253 1665 es.
265 1615 299 1665 Et
312 1623 342 1664 tu
351 1615 439 1665 adhuc
450 1625 557 1666 extento
570 1616 638 1666 collo

106 1682 244 1735 ambulas!
268 1685 292 1735 O
313 1695 382 1736 terra
404 1695 430 1736 et
449 1685 528 1750 cinis,
550 1686 639 1737 adhuc

106 1755 232 1820 superbia
246 1764 272 1806 te
287 1757 380 1818 elevat,
396 1758 483 1808 adhuc
500 1757 639 1824 impatien-

107 1824 144 1875 tia
158 1835 184 1876 te
198 1827 327 1892 exagitat!
346 1828 453 1878 lntuere
473 1828 637 1879 humilitatis

104 1904 130 1946 et
155 1896 370 1947 mansuetudinis
400 1894 549 1963 speculum,
574 1898 637 1948 uni-

398 285 573 337 SECUNDAE
587 283 712 335 PARTIS
731 285 849 338 CAPUT
862 286 930 338 LIV.

697 397 881 449 Ecclesiastico
910 394 923 449 :¹
946 399 1069 449 Amictus
1098 397 1238 460 hominis,

698 472 819 522 enuntiat
843 472 877 522 de
900 470 957 522 illo.
984 471 1032 521 Per
1061 470 1114 520 hoc
1139 481 1235 523 autem

697 541 817 593 ostendit
834 543 908 608 quod
928 541 1052 608 superior
1063 549 1126 606 post
1143 551 1235 593 actum

696 611 858 664 humilitatis
870 612 948 663 debet
956 627 1093 663 resumere
1108 612 1235 664 debitum

695 685 815 737 officium
839 685 1013 738 auctoritatis.
1041 686 1157 752 Mystico
1183 702 1235 738 au-

695 767 760 818 tem,
776 759 924 809 secundum
946 756 1100 818 Alcuinum,
1118 757 1235 824 impleta

697 827 894 893 redemptionis
925 836 1024 878 nostrae
1049 827 1233 892 purgatione,

696 914 743 964 per
757 900 900 966 sanguinis
916 899 959 950 sui
974 899 1145 961 effusionem,
1160 915 1233 951 acce·

695 969 736 1035 pit
748 971 906 1021 vestimenta
919 985 977 1031 sua,
992 970 1070 1020 tertia
1082 970 1128 1022 die
1141 972 1176 1022 de
1186 987 1233 1023 se·

695 1042 808 1106 pulchro
830 1057 983 1108 resurgens,
1006 1051 1031 1092 et
1055 1042 1151 1092 eodem
1169 1057 1231 1093 cor·

694 1128 758 1179 pore
784 1115 836 1178 jam
865 1114 1014 1165 immortali
1041 1115 1177 1179 vestitus,
1206 1125 1232 1166 et

695 1184 842 1236 ascendens
870 1185 898 1235 in
923 1188 1040 1248 coelum,
1070 1185 1098 1235 in
1124 1186 1232 1238 dextera

693 1264 809 1321 paternae
826 1255 976 1307 divinitatis
999 1258 1174 1318 recumbens,
1188 1257 1233 1307 in·

693 1326 872 1380 deventurus
893 1336 933 1378 est
946 1327 978 1377 ad
995 1327 1182 1392 judicandum.

725 1399 818 1465 9Cun
842 1413 926 1449 suern
953 1414 1020 1449 mus
1042 1413 1120 1456 Quart
1142 1413 1230 1448 viram

693 1485 836 1534 novam,
867 1473 1001 1523 Crinisrus
1032 1488 1084 1521 ran
1112 1486 1161 1522 noc
1184 1485 1228 1520 nr·

691 1556 808 1593 scrrunrs
837 1558 979 1593 exaurnun
1016 1558 1087 1592 nane
1118 1556 1225 1593 vonurr.

690 1642 722 1652 —
742 1615 778 1666 Et
803 1630 862 1666 cum
888 1616 1054 1668 recubuisset
1075 1616 1173 1667 iterum
1193 1613 1225 1664 ad

691 1700 795 1735 coenam
822 1686 950 1752 Corporis
981 1685 1022 1736 sui
1055 1684 1224 1748 faciendam,

690 1755 780 1807 docuit
809 1771 855 1808 eos
880 1772 962 1822 quare
990 1756 1043 1807 hoc
1066 1755 1170 1818 fecerit,
1199 1754 1228 1806 ln

690 1828 813 1894 exemplo
846 1827 947 1878 scilicet
970 1836 1068 1878 mutuo
1093 1827 1147 1878 sibi
1172 1841 1228 1878 ser-

689 1897 788 1948 viendi.
807 1898 884 1949 Unde
898 1897 972 1949 dixit
985 1897 1046 1948 eis:
1061 1898 1148 1949 Scitis
1165 1897 1229 1964 quid

104 1981 188 2018 versae
205 1966 312 2019 facturae
327 1969 490 2030 Creatorem
504 1978 530 2020 et
541 1979 638 2021 treme·
683 1971 799 2036 fecerim
813 1970 915 2023 uobis?
931 1970 958 2020 id
973 1980 1013 2021 est
1026 1980 1162 2037 quantam
1173 1970 1228 2022 hu-

104 2032 227 2089 bundum
242 2040 362 2092 iudicem
379 2040 503 2091 vivorum
522 2050 548 2092 et
562 2058 637 2093 mor-

104 2117 225 2170 tuorum,
238 2111 393 2193 antepedes
411 2111 541 2174 hominis,
556 2113 636 2163 etiam

104 2148 241 2231 traditoris
266 2183 325 2245 sui,
349 2198 436 2248 genua
460 2194 635 2246 curvantem,

105 2248 178 2299 disce
196 2251 230 2299 ab
246 2265 285 2313 eo,
301 2252 365 2316 quia
382 2252 456 2302 mitis
476 2259 527 2316 est,
543 2260 570 2304 et
584 2254 636 2305 hu-

103 2319 176 2370 milis
185 2320 274 2370 corde.
286 2320 458 2372 Confundere
471 2323 500 2373 in
510 2324 637 2390 superbia

102 2398 158 2451 tua,
174 2392 324 2443 erubesce
318 2408 347 2442 m
366 2392 534 2459 impatientia
548 2405 603 2448 tua.
621 2417 635 2445 n

104 2461 158 2512 Et'
152 2472 278 2514 iterum:
296 2483 310 2512 n
326 2465 395 2517 Cum
416 2475 506 2518 autem
523 2484 636 2535 surgens

102 2547 119 2582 a
132 2548 207 2586 coena
221 2534 306 2586 linteo
328 2551 357 2587 se
379 2539 558 2602 praecinxerit,
582 2540 636 2591 mi-

102 2604 220 2672 seritque
240 2622 338 2673 aquam
362 2608 391 2658 in
414 2610 523 2674 pelvim
548 2611 635 2678 cogita

103 2690 165 2740 quae
182 2677 315 2743 majestas,
337 2695 398 2745 quae
413 2691 529 2745 potestas
542 2683 635 2734 homi-

103 2765 171 2800 num
186 2752 267 2816 pedes
290 2753 354 2804 lavit
378 2763 404 2804 et
428 2757 545 2818 extersit,
572 2774 634 2824 quae

104 2819 256 2887 benignitas
271 2823 417 2903 proditoris
429 2826 543 2892 vestigia
553 2830 635 2881 sacris

103 2891 230 2942 manibus
245 2893 339 2959 tangit
356 2895 452 2959 Specta
464 2906 489 2946 et
503 2910 633 2964 exspecta,

103 2970 129 3011 et
152 2962 249 3030 ultimo
266 2963 387 3013 omnium
412 2975 473 3016 tuos
496 2967 520 3018 ei
546 2970 635 3034 praebe

103 3035 184 3101 pedes
208 3035 366 3098 abluendos,
394 3039 525 3103 quoniam
552 3058 634 3108 quem

101 3120 156 3155 non
183 3105 285 3167 laverit,
309 3122 365 3156 non
390 3108 501 3160 habebit
530 3123 632 3178 partem

100 3190 163 3227 curn
177 3192 208 3227 eo
221 3195 228 3229 ε
240 3197 253 3224 n
270 3178 327 3229 haec
339 3179 492 3232 Ansetntus.

104 3290 107 3295 .
134 3246 236 3308 8Qurn
261 3264 372 3299 nrsrrca
400 3266 497 3302 srnnar
519 3268 634 3306 vrsrrun

100 3319 344 3370 annssuurrrbi—
354 3321 411 3370 Hoc
422 3332 512 3372 autem
527 3326 631 3390 expleto

102 3390 268 3454 ministerio,
294 3392 366 3459 quod
392 3394 425 3443 ad
450 3393 631 3448 humilitatem

103 3462 253 3527 pertinebat
266 3461 399 3532 obsequii,
418 3475 444 3516 et
460 3467 492 3517 ad
507 3467 632 3533 purifica-

100 3531 204 3583 tionem
219 3550 299 3586 coenae
313 3537 442 3603 Corporis
456 3537 508 3599 sui,
528 3553 631 3590 reacce-

100 3600 142 3666 pit
171 3604 331 3657 vestimenta
356 3623 405 3659 sua
434 3617 461 3659 et
491 3608 571 3660 rediit
597 3611 630 3660 ad

100 3671 191 3723 locum
206 3691 296 3727 coenae.
312 3677 384 3737 Quia
397 3688 482 3729 mutat
498 3678 629 3741 officium,

100 3755 187 3796 mutat
204 3759 230 3798 et
253 3748 390 3814 habiturn;
411 3751 444 3800 ad
458 3751 630 3802 serviendum

99 3815 259 3868 vestimenta
277 3819 412 3884 deposuit,
426 3821 459 3871 ad
479 3822 630 3872 docendum

85 3888 212 3966 ⁸resumit
225 3900 251 3941 et
261 3893 345 3953 sedet,
360 3903 390 3944 ut
404 3893 478 3944 enim
495 3895 630 3946 diciturin

688 2041 830 2093 militatem
856 2041 1026 2092 exhibuerim
1063 2041 1153 2092 vobis
1180 2041 1227 2092 ln·

688 2120 818 2178 terrogat,
842 2123 873 2162 ut
899 2127 944 2162 eos
975 2121 1092 2162 attentos
1126 2111 1225 2163 reddat.

687 2181 791 2232 Deinde
818 2198 864 2237 eos
893 2183 926 2232 ad
957 2182 1123 2233 imitandum
1147 2197 1226 2234 suum

688 2253 841 2319 exemplum
860 2252 999 2315 confortat,
1023 2253 1118 2304 dicens
1140 2271 1147 2304 ι
1174 2254 1226 2304 Vos

688 2325 792 2376 vocatis
814 2338 855 2374 me
867 2324 1009 2391 Magister
1023 2331 1049 2374 et
1064 2325 1189 2390 Domine,
1203 2330 1228 2376 et

688 2397 751 2448 bene
771 2397 870 2461 dicitis,
892 2398 956 2464 quia
976 2413 1071 2449 verum
1094 2397 1226 2464 estquod

687 2466 793 2531 dicitis,
818 2481 876 2518 sum
907 2467 1010 2533 etenim,
1041 2468 1173 2534 Magister
1201 2477 1227 2520 et

686 2537 829 2598 Dominus,
853 2539 916 2605 quia
941 2539 989 2588 Dei
1014 2539 1112 2600 virtus,
1139 2539 1188 2591 Dei
1201 2548 1227 2590 et

682 2611 818 2678 sapientia
835 2628 841 2660 :
858 2611 1006 2677 Magister,
1024 2611 1148 2679 inquam,
1161 2629 1226 2680 pro·

686 2691 745 2747 pter
757 2681 926 2748 sapientiam,
941 2698 1023 2748 quam
1039 2684 1124 2735 doceo
1137 2684 1224 2746 vobis,

686 2752 826 2814 Dominus,
843 2762 950 2818 propter
965 2754 1125 2820 potentiam,
1141 2770 1223 2822 quam

686 2826 800 2875 ostendo
818 2825 964 2876 miraculis.
990 2827 1061 2886 Quia
1078 2843 1144 2879 vero
1160 2829 1224 2880 dicit

686 2912 785 2962 magna
808 2898 842 2948 de
863 2912 901 2958 se,
921 2913 977 2948 non
1001 2910 1042 2949 est
1061 2900 1223 2966 arrogantia,

686 2967 733 3016 sed
760 2967 859 3017 veritas
879 2983 939 3035 quae
961 2968 1070 3032 prodest
1090 2971 1223 3021 auditori·

686 3039 747 3100 bus,
776 3039 848 3091 sicut
872 3039 935 3091 facit
957 3051 984 3092 et
1007 3042 1117 3094 Paulus.
1146 3045 1223 3098 Unde

686 3111 858 3176 Augustinus
883 3127 890 3162 :
920 3130 934 3159 u
967 3113 1157 3178 Vituperabile
1186 3123 1223 3166 est

685 3183 758 3248 quod
778 3186 895 3250 quis'que
915 3200 943 3235 se
957 3187 1140 3249 commendet,
1159 3204 1220 3254 pro·
1265 3230 1268 3235 4

685 3263 743 3318 pter
768 3254 918 3320 periculum
943 3256 1128 3321 superbiendi.
1155 3259 1219 3309 Nam

685 3322 866 3388 periculosum
887 3334 928 3376 est
952 3325 1004 3375 sibi
1033 3327 1156 3392 placere,
1180 3326 1218 3380 cui

684 3395 832 3445 cavendum
855 3406 896 3446 est
916 3396 1064 3461 superbire.
1082 3399 1136 3449 Ubi
1160 3412 1217 3466 ergo

684 3483 740 3517 non
753 3467 880 3519 imminet
893 3469 1043 3536 periculum
1059 3472 1217 3537 superbien-

683 3538 726 3599 di,
762 3555 818 3589 non
848 3549 887 3590 est
919 3541 1086 3606 vituperium
1113 3541 1217 3610 propris

682 3611 888 3662 commendatio.
900 3612 930 3661 ln
944 3613 1053 3663 Christo
1065 3625 1157 3666 autem
1170 3616 1215 3666 hoc

682 3683 832 3749 periculum
847 3701 902 3734 non
913 3684 1070 3747 timebatur,
1087 3686 1133 3738 ille
1147 3687 1214 3740 enim

682 3755 729 3821 qui
748 3757 935 3822 superomnia
950 3768 998 3819 est,
1014 3770 1216 3824 quantumcun-

681 3842 734 3892 que
749 3842 777 3877 se
789 3828 888 3889 laudet,
905 3845 959 3879 non
971 3844 999 3880 se
1011 3830 1116 3881 extollit
1129 3830 1215 3882 exrel-

682 3913 738 3948 sus.
754 3900 831 3960 ltem,
845 3901 910 3966 quia
925 3901 1070 3967 aliquando
1086 3903 1214 3955 laudabile
