2632 4320
150 283 201 335 386

104 402 108 410 '
147 397 249 464 vigilia,
265 397 401 447 Dominus
415 397 491 447 lesus
507 395 685 463 requisitusa

147 469 288 536 discipulis
304 470 370 528 suis,
386 469 432 519 ubi
450 471 528 520 vellet
543 469 595 520 sibi
609 470 685 536 juxta

148 545 247 608 Legem
271 541 357 607 parari
383 541 494 601 Pascha,
520 541 548 591 id
569 550 611 593 est
635 557 684 607 pa-

146 615 266 665 schalem
286 630 396 679 agnum,
421 615 552 679 praemisit
578 615 611 664 ad
633 613 685 663 hoc

147 686 299 737 faciendum
312 687 424 736 Petrum
447 696 474 736 et
494 687 639 749 ioannem,
651 685 685 735 ad

149 761 268 812 amicum
289 777 370 811 suum
383 761 412 811 in
432 771 523 812 morae
541 760 621 820 Sion,
636 757 684 810 ubi

149 844 206 884 erat
230 834 394 884 coenaculam
419 833 526 900 grande
556 839 683 895 suatum,

150 904 245 967 iubens
269 913 299 954 ut
322 905 424 955 Pascha
443 913 568 970 pararent
592 902 641 964 ibi,
659 912 686 952 et

143 989 199 1040 ‘per
208 974 499 1025 omnia-manifestans
513 974 588 1040 quod
598 987 686 1039 usque

151 1046 185 1096 ad
199 1055 350 1096 extremum
364 1045 426 1096 ritae
440 1062 494 1096 non
508 1055 550 1096 est
562 1045 685 1096 adversa·

151 1117 283 1183 tusLegi.
301 1118 350 1168 Per
365 1119 471 1167 Petrum
478 1118 604 1183 signatur
616 1115 686 1167 actio

154 1187 232 1248 bona,
264 1204 311 1253 per
341 1189 472 1238 loannem
494 1186 709 1253 contemplatio¹

154 1260 257 1320 devota,
277 1275 336 1325 quae
360 1270 510 1325 praeparant
533 1258 643 1319 Pascha,
658 1259 686 1308 id

153 1340 193 1381 est
214 1331 364 1395 disponunt
394 1331 426 1380 ad
453 1331 558 1396 Corpus
582 1329 685 1380 Christi

152 1410 276 1452 sanctum
295 1401 383 1450 debite
396 1402 570 1451 sumendum.
587 1401 687 1465 Praepa-

153 1482 211 1522 rant
230 1480 320 1521 autem
337 1471 365 1519 in
380 1472 529 1532 coenaculo,
545 1470 573 1520 id
592 1479 632 1520 est
657 1469 686 1520 in

153 1540 265 1590 homine
283 1556 290 1590 ε
311 1556 359 1606 per
380 1541 551 1592 devotionem
566 1541 686 1601 elevato,

153 1613 247 1679 grandi
268 1612 437 1678 longitudine
465 1612 686 1680 longanimitatis,

152 1686 204 1735 lato
224 1685 365 1735 latitudine
383 1685 508 1745 caritatis,
532 1694 615 1735 strato
639 1699 687 1734 va-

151 1759 244 1808 rietate
283 1758 402 1808 virtutis.
446 1759 557 1809 Mittens
596 1766 687 1808 autem

152 1829 307 1894 discipulos,
320 1829 388 1879 dixit
407 1829 464 1880 eis:
478 1830 519 1879 Ite
541 1829 567 1878 in
588 1828 687 1879 civita-

154 1906 213 1963 tem,
230 1905 256 1950 et
276 1914 335 1951 ecce
349 1900 544 1950 introeuntibus
557 1899 636 1951 robis
647 1913 688 1950 oc-

153 1975 243 2021 curret
257 1971 331 2021 vobis
350 1970 426 2020 homo
439 1969 596 2036 amphoram
609 1983 688 2034 aquae

150 2045 276 2105 portans.
297 2041 338 2090 Ad
355 2040 470 2089 litteram
487 2039 550 2089 tulit
570 2041 688 2106 ampho-

154 2124 211 2158 ram
226 2124 274 2158 seu
289 2109 410 2174 lagenam
425 2125 512 2175 aquae,
528 2110 598 2159 utin
612 2118 686 2160 tauto

154 2177 222 2227 festo
237 2177 347 2227 haberet
362 2178 432 2242 apud
447 2194 475 2228 se
491 2194 590 2243 aquarn
601 2178 689 2244 expia-

155 2247 246 2308 tionis,
261 2264 314 2312 qua
329 2250 471 2298 mundaret
486 2264 532 2312 se;
549 2260 574 2299 et
588 2248 689 2315 signifi·

154 2329 195 2368 cat
216 2321 288 2384 quod
315 2319 361 2368 ubi
384 2320 510 2371 Christus
535 2330 688 2372 coenaturus

153 2400 201 2450 est,
229 2391 323 2456 lagena
346 2407 422 2458 aquae
449 2393 629 2459 lacrymarum
659 2392 687 2443 in

75 2478 78 2483 '
152 2469 307 2536 expiatione
333 2472 413 2522 debet
442 2473 589 2537 praecedere
611 2489 618 2523 z
641 2488 689 2540 per

152 2559 251 2611 aquam
270 2544 343 2595 enim
368 2544 469 2596 vivifici
488 2546 572 2597 fontis
591 2545 688 2613 Bapti-

151 2632 210 2667 sma
223 2618 388 2684 designatur.
402 2619 480 2669 Unde
495 2620 571 2670 Beda
585 2635 591 2668 :
608 2636 622 2666 a
636 2619 688 2669 Pa-

151 2689 248 2740 raturis
290 2691 390 2740 Pascha
421 2691 504 2741 homo
528 2691 687 2758 amphoram

151 2776 228 2828 aquae
237 2770 346 2827 portans
354 2763 478 2824 occurrit,
490 2773 521 2814 ut
532 2764 688 2814 ostendatur

152 2832 314 2897 mysterium
338 2832 446 2883 Paschae
477 2833 588 2885 Domini
616 2835 688 2885 cele-

153 2905 287 2955 brandurn
331 2920 380 2971 pro
415 2906 554 2958 ablutione
580 2907 687 2957 mundi.

152 2977 231 3041 Aqua
245 2977 379 3028 lavacrum
399 2979 499 3044 gratiae,
522 2981 617 3046 lagena
629 2978 687 3030 fra-

153 3046 283 3113 gilitatem
296 3048 419 3114 designat
431 3066 534 3115 sorum,
550 3066 597 3117 per
618 3066 687 3118 quos
704 3086 706 3091 ,

153 3117 246 3168 eadent
256 3128 311 3168 erat
322 3121 405 3183 gratia
417 3123 521 3172 mundo
533 3122 688 3173 ministran-

154 3189 196 3239 da.
208 3207 222 3236 n
239 3189 272 3239 Et
287 3190 398 3240 subdit:
414 3192 563 3257 Sequimini
579 3208 639 3243 eum
660 3194 687 3244 ia

153 3258 258 3311 domum
279 3274 358 3324 quam
383 3261 475 3324 intrat,
490 3269 517 3312 et
537 3263 619 3314 dicite
638 3277 688 3328 pa-

153 3331 191 3380 tri
188 3331 316 3398 familias
339 3331 433 3382 domus
449 3333 613 3399 :Magister
635 3335 687 3385 tibi

152 3403 219 3455 dicit
236 3421 244 3455 .·
263 3405 380 3470 Tempus
401 3418 496 3465 amani,
511 3405 615 3455 scilieet
636 3420 686 3470 pa-

151 3475 247 3537 tiendi,
272 3493 360 3544 prope
386 3484 435 3538 est,
459 3477 536 3544 apud
560 3484 585 3527 te
604 3477 686 3542 facio

152 3548 271 3600 Pascha.
285 3550 370 3611 Quasi
385 3550 504 3600 diceret:
514 3549 583 3600 Volo
596 3550 685 3615 parari

152 3620 223 3684 apud
243 3629 279 3681 te,
300 3637 360 3687 quae
374 3621 520 3688 exiguntur
538 3619 570 3670 ad
592 3634 686 3671 come·

151 3689 269 3741 aionem
302 3691 365 3757 agni
400 3691 541 3758 paschalis,
571 3699 598 3740 et
624 3689 684 3741 ideo

151 3761 262 3825 provide
275 3762 346 3812 mihi
362 3763 396 3813 de
410 3764 469 3813 loeo
479 3772 506 3813 et
519 3761 601 3826 cibo;,
612 3761 685 3811 unde

151 3832 268 3884 creditur
284 3835 360 3900 quod
385 3835 431 3885 ille
454 3844 510 3885 erat
531 3833 684 3900 discipulus

150 3900 263 3969 Christi,
284 3905 331 3956 sed
348 3907 488 3973 occulms3
505 3913 532 3958 et
548 3904 609 3956 ideo
623 3919 684 3970 pro·

440 280 614 333 SECUNDAE
631 279 755 353 enatis
771 280 889 332 CAPUT
905 282 971 333 Llll.

742 396 812 447 vidit
825 397 859 447 de
871 397 939 461 loco,
948 408 974 448 et
985 413 1055 464 agno
1070 407 1098 448 et
1112 398 1175 449 aliis
1190 413 1277 450 neces·

742 467 820 519 sariis
839 467 868 518 in
890 469 1006 519 convivii
1028 469 1210 520 celebratione
1230 485 1278 537 pa·

740 538 853 590 schalis.
885 539 916 589 ln
942 554 998 604 quo
1026 549 1136 606 apparet
1161 540 1279 593 maxima

745 618 887 677 paupertas
903 609 1015 671 Christi,
1039 610 1102 676 quia
1124 611 1163 662 ita
1177 627 1277 679 pauper

738 689 797 730 erat
824 681 901 746 quod
937 695 986 731 nec
1019 680 1200 746 domicilium,
1227 697 1276 736 nec

739 750 955 816 susceptaculum
985 751 1110 812 habebat,
1134 765 1183 802 nec
1202 752 1276 804 unte

741 821 896 888 paschalem
929 820 1021 871 cibum
1046 835 1140 871 emere
1165 831 1275 888 possem

736 902 766 943 et
786 892 850 943 ideo
865 891 989 957 discipuli
1006 891 1210 957 interrogabam
1227 891 1275 943 mr

739 963 842 1014 Pascha
871 979 966 1030 parare
996 963 1132 1014 deberent.
1155 963 1277 1015 Audiens

736 1037 800 1088 hac
824 1037 1027 1088 ret-erubescant
1040 1037 1223 1102 quibuscum
1237 1046 1278 1089 est

740 1110 770 1160 in
786 1109 955 1160 aedificandis
977 1110 1084 1176 magnis
1103 1109 1234 1160 domibus
1247 1119 1277 1161 et

739 1183 905 1248 ambitiosis,
930 1194 957 1234 et
990 1183 1188 1250 congregandis
1214 1185 1277 1236 the-

741 1256 842 1320 sauris3
864 1265 1026 1320 cognoscant
1048 1256 1191 1307 Christum
1213 1272 1276 1306 om·

742 1329 819 1380 nium
842 1329 1001 1391 Dominum,
1026 1329 1091 1395 quia
1116 1330 1208 1380 locum
1229 1328 1275 1380 ubi

739 1414 855 1454 coenaret
867 1403 910 1454 vel
933 1403 1014 1454 etiam
1031 1412 1113 1470 caput
1126 1403 1275 1464 reclinaret,

741 1482 788 1524 aut
801 1473 892 1524 cibum
906 1490 987 1540 quem
1003 1475 1142 1540 acciperet,
1163 1474 1207 1526 vel
1227 1489 1275 1540 pe·

741 1546 850 1598 cuniam
868 1549 940 1599 unde
961 1556 1061 1598 emeret
1080 1564 1138 1598 non
1152 1547 1276 1600 habebat.

737 1619 887 1670 Attendant
901 1634 930 1669 se
949 1634 1045 1685 parum
1068 1619 1170 1670 distare
1183 1619 1218 1670 ab
1232 1619 1274 1669 in-

742 1690 877 1752 fidelibus,
895 1691 966 1741 idola
985 1702 1011 1741 et
1034 1707 1117 1758 opera
1144 1707 1274 1743 manuum

740 1761 882 1812 hominum
892 1762 1052 1814 colentibus.
1066 1761 1197 1813 Studium
1205 1762 1274 1814 enim

741 1850 839 1900 ponere
862 1845 888 1885 et
908 1835 1031 1886 delectari
1058 1835 1088 1885 in
1115 1835 1227 1903 magnis
1251 1845 1275 1886 et

739 1905 862 1971 pulchris
874 1903 1005 1967 mdificiis,
1018 1906 1062 1956 vel
1086 1905 1116 1955 in
1131 1904 1274 1965 thesauris,

741 1976 807 2043 quid
824 1975 896 2025 aliud
917 1985 956 2025 est
979 1991 1061 2041 quam
1084 1976 1174 2027 colere
1196 1976 1273 2043 ligna,

741 2050 783 2100 vel
798 2048 909 2115 lapides,
924 2048 965 2100 vel
980 2058 1123 2114 argentum
1141 2059 1169 2100 et
1182 2064 1273 2100 aurum

742 2138 805 2173 cum
827 2122 977 2173 Gentibus?
1002 2123 1110 2174 Eunias
1132 2129 1222 2173 autem
1239 2121 1275 2172 di-

742 2194 1272 2262 scipuiiinveneruntsicutdixeratillis,

737 2272 769 2316 et
782 2270 948 2331 paraverunt
967 2264 1086 2326 Pascha,
1107 2265 1137 2315 id
1153 2275 1194 2317 est
1207 2264 1273 2316 refe·

742 2336 858 2387 ctionem
875 2334 983 2385 Paschae
1000 2335 1029 2384 in
1045 2344 1141 2386 monte
1162 2335 1237 2399 Sion,
1250 2345 1274 2386 et

743 2407 878 2459 coenaculo
903 2416 1012 2455 ostenso
1036 2405 1084 2456 eis.
1112 2405 1154 2455 lbi
1178 2405 1273 2456 Pascha

742 2478 978 2536 manducaverunt,
1005 2475 1044 2525 ibi
1068 2485 1136 2542 post
1156 2490 1274 2527 ramme·

741 2548 859 2598 ctionem
878 2545 989 2596 Domini
1015 2545 1145 2612 discipuli
1164 2551 1274 2614 propter

741 2626 838 2671 metum
871 2618 1030 2668 Judoeorum
1059 2618 1208 2678 latuerunt,
1237 2616 1273 2667 ibi

742 2690 876 2756 Spiritum
904 2688 1035 2753 Sanctum
1058 2687 1089 2738 in
1113 2689 1160 2740 die
1183 2689 1273 2739 Peum-

740 2771 827 2813 cosms
842 2768 1010 2825 receperunt,
1029 2774 1060 2810 ac
1074 2759 1163 2810 mults
1177 2768 1205 2810 et
1215 2771 1272 2808 ma-

741 2852 793 2903 gna
816 2835 919 2886 ibidem
952 2849 1001 2899 per
1031 2833 1186 2885 Dominum
1210 2832 1271 2883 facts

742 2916 814 2958 sunt.
828 2907 880 2957 Hic
890 2921 973 2957 mons
991 2905 1067 2965 Sion,
1081 2919 1160 2955 mons
1171 2917 1271 2971 coagr-

741 2980 822 3043 latus,
840 2992 919 3030 raons
932 2977 1057 3045 pinguis,
1078 2990 1156 3028 mons
1180 2977 1208 3027 ia
1224 2986 1272 3042 qna

742 3049 936 3117 beneplacitum
957 3053 998 3099 est
1022 3048 1082 3098 Deo
1105 3047 1230 3099 habitare
1247 3045 1270 3096 ia

740 3136 780 3186 eo,
793 3131 819 3172 et
833 3124 923 3173 multa
940 3137 970 3172 ac
986 3120 1056 3170 mira
1067 3120 1185 3186 operari,
1200 3116 1268 3187 qmsi

740 3192 816 3244 favus
838 3193 973 3243 distillans
994 3190 1148 3251 dulcedine,
1176 3199 1206 3241 et
1225 3188 1268 3240 flu
1310 3198 1312 3209 '

740 3265 864 3315 redolens
888 3263 1032 3314 suavitatis
1063 3263 1190 3324 odorem,
1215 3259 1268 3328 pis
1308 3292 1312 3299 ·

740 3343 845 3384 mentes
855 3333 897 3384 sui
911 3333 1098 3384 recordatione
1105 3331 1198 3393 afficit,
1210 3344 1268 3383 noa·
1308 3346 1312 3387 ἱ

739 3407 820 3458 iortat
840 3418 867 3458 et
885 3407 982 3471 reficit,
1004 3423 1035 3458 ac
1056 3406 1266 3458 sanctitatis'soe
1298 3436 1301 3441 -

740 3479 943 3543 praeeminentia
962 3480 1119 3529 consolatur
1133 3488 1163 3529 et
1178 3474 1266 3544 panl-

770 3548 786 3599 3
802 3549 863 3599 Cua
881 3565 953 3600 noua
963 3565 1128 3600 vssmnrrns
1146 3556 1266 3601 rum

739 3621 963 3685 samaritamus
986 3619 1146 3671 remnants?
1166 3648 1199 3659 -
1217 3618 1265 3682 Ap·

740 3689 938 3758 propinquante
959 3701 1051 3741 sutem
1071 3706 1194 3757 vespere,
1215 3688 1264 3754 ips

741 3761 875 3812 Dominus
886 3777 949 3812 cum
964 3761 1025 3813 aliis
1043 3761 1190 3829 discipulis
1206 3754 1263 3811 ciri·

740 3841 822 3883 tatem
834 3833 953 3897 intravit,
976 3841 1003 3882 et
1022 3833 1057 3883 ad
1076 3833 1171 3900 ipsum
1186 3833 1261 3884 loun
1308 3866 1312 3903 t

738 3903 897 3970 perveniens
916 3903 951 3955 ad
971 3918 1112 3971 vesperam
1135 3893 1260 3958 iniurati
