2632 4320
306 259 352 310 DE
368 251 547 310 GLORIOSA
562 261 690 312 DOMINI
706 261 956 316 SUSCEPTIONE.

72 392 166 440 sanna,
188 377 216 426 id
240 386 280 426 est
302 377 388 440 salva,
416 378 534 429 obsecro.
558 377 605 428 Bis

18 474 21 481 ·
71 453 165 502 dicunt
187 451 317 512 hosanna,
340 451 404 518 quia
427 451 546 501 Salvator
563 459 604 500 est

70 523 197 574 Christus
210 522 358 572 secundum
372 531 494 572 naturam
504 531 604 571 utram-

68 612 142 664 que:
160 595 312 646 secundum
327 594 458 654 divinam,
469 592 600 656 effective;

69 667 220 718 secundum
238 667 394 727 humanam,
408 664 553 715 meritorie.
568 665 602 715 Et

68 739 99 790 ad
115 737 257 789 sciendum
275 737 308 787 de
322 753 375 803 qua
394 736 482 787 salute
496 735 600 786 intelli-

68 820 153 877 gatur,
167 808 345 860 determinant
357 808 403 860 ubi
418 823 447 858 se
457 807 542 859 velint
551 807 600 858 sal·

66 882 132 948 vari,
145 880 248 932 scilicet
264 880 455 944 inanissimis,
471 879 498 929 id
516 888 557 929 est
570 877 598 928 in

66 952 229 1016 toelestibus,
243 967 298 1001 non
316 950 344 1001 in
358 951 461 1001 infimis
474 960 500 1001 et
513 960 597 1001 terre-

67 1021 118 1072 nis.
130 1023 209 1072 Salva
219 1021 248 1072 in
262 1021 381 1082 excelsis,
394 1021 441 1088 qui
453 1020 528 1087 prius
542 1023 597 1072 sal-

66 1093 141 1145 vabis
153 1093 188 1144 ab
203 1093 307 1143 inferis.
319 1093 384 1143 Ecce
394 1093 491 1158 duplex
504 1092 576 1143 salus
589 1108 596 1142 :

66 1181 118 1216 una
137 1164 166 1215 in
193 1164 353 1215 liberatione
378 1179 473 1230 poenae,
495 1164 547 1215 alia
567 1163 596 1212 in

66 1235 208 1293 collatione
239 1234 347 1301 gloriae3
378 1234 425 1285 ubi
456 1234 597 1284 manifeste

65 1306 216 1358 ostenditur
241 1307 314 1372 quod
341 1306 469 1357 adventus
493 1304 595 1356 Christi

66 1395 120 1430 non
144 1387 250 1428 tanturn
271 1377 425 1436 hominum,
444 1376 489 1427 sed
513 1376 596 1427 totius

66 1448 161 1499 mundi
176 1449 248 1498 salus
261 1458 310 1510 est,
326 1448 354 1498 in
368 1447 444 1498 coelis
458 1445 525 1497 etin
540 1457 597 1497 ter-

66 1523 110 1583 ris,
124 1530 151 1573 et
168 1530 272 1572 terrena
289 1521 404 1586 jungens
418 1519 573 1571 coelestibus
588 1537 595 1570 ι

69 1594 103 1646 Ut
117 1607 196 1646 omne
208 1607 279 1659 genn
301 1592 352 1643 sibi
368 1593 499 1661 flectatur
522 1592 597 1642 coele-

65 1666 151 1729 stium,
175 1665 351 1727 terrestrium,
371 1669 397 1713 et
419 1665 593 1731 infernorum.

65 1736 190 1789 Christus
204 1735 277 1785 enim
295 1735 418 1786 veniebat
433 1736 465 1785 ad
480 1735 594 1786 dandam

64 1810 178 1861 salutem
205 1809 339 1858 coelestem
363 1817 388 1858 et
410 1816 546 1868 aeternam,
568 1817 595 1858 et

63 1880 132 1933 forte
144 1880 208 1931 licet
221 1879 415 1931 sublimitatem
429 1879 506 1946 regni
520 1888 595 1929 aeter·

63 1951 90 2002 ni
116 1961 143 2002 et
164 1950 320 2017 temporalis
345 1951 477 2015 petebant,
503 1958 593 2000 tamen

62 2023 211 2074 nescientes
234 2021 388 2088 prophetice
406 2037 468 2073 eum
493 2023 593 2088 Regem

61 2095 118 2146 coeli
133 2104 160 2146 et
177 2094 342 2161 Angelorum
356 2095 543 2161 predicabant.
558 2094 594 2145 Et

61 2166 111 2217 hoc
129 2164 221 2216 divina
235 2165 404 2217 ordinatione
418 2166 594 2234 significaba-

59 2247 105 2288 tur
122 2236 215 2289 verbis
238 2237 416 2297 laudantium,
435 2254 496 2288 cum
518 2238 593 2289 dice-

60 2309 127 2359 bant
147 2325 155 2359 :
179 2309 313 2360 Hosaana
334 2309 361 2360 in
375 2310 501 2373 excelsis,
519 2310 593 2377 quod

61 2393 100 2433 est
114 2384 230 2433 salutem
243 2393 369 2434 aeternam
383 2400 399 2434 a
413 2384 530 2434 Domino
543 2399 593 2450 pe-

60 2465 126 2514 tere,
137 2453 201 2504 licet
211 2454 264 2504 hoc
278 2469 332 2503 non
344 2454 532 2520 intelligerent,
546 2455 594 2506 sic·

61 2535 90 2576 ut
106 2535 134 2576 et
147 2524 265 2590 Caiphas
279 2525 348 2575 dixit
359 2536 474 2576 mortem
489 2526 592 2576 Christi

58 2595 178 2647 futuram
191 2611 239 2660 pro
250 2595 335 2647 salute
350 2596 454 2658 mundi,
466 2596 528 2646 licet
540 2612 593 2647 non

61 2666 225 2733 intelligeret
237 2665 303 2732 quid
318 2667 425 2720 diceret.
441 2667 493 2719 Ubi
506 2667 594 2733 Chry-

60 2743 194 2789 sastomus
204 2754 213 2788 .·
224 2756 238 2785 a
255 2738 295 2788 Ex
307 2738 352 2789 his
363 2755 425 2805 ergo
435 2739 524 2790 verbis
536 2740 592 2789 col·

59 2808 180 2876 ligimus,
200 2810 273 2876 quod
294 2811 366 2861 Deus
388 2821 436 2861 est.
453 2811 591 2862 Hosanna

57 2879 132 2929 enim
151 2879 245 2930 salvos
253 2880 305 2952 sac
326 2880 527 2947 interpretatum
545 2897 592 2934 sa-

57 2951 143 3003 lutem
162 2961 255 3007 autern
280 2953 335 3004 Deo
356 2954 493 3021 Scriptura
513 2956 591 3007 attri-

57 3021 127 3073 buit.
141 3041 157 3071 ι»
169 3023 203 3074 Et
216 3024 373 3085 notandum,
383 3025 447 3092 quia
458 3027 531 3093 quod
546 3027 592 3076 di-

58 3093 129 3145 citur
142 3095 169 3146 t'n
190 3096 318 3159 excelsis,
333 3097 442 3164 signum
457 3109 497 3149 est
518 3100 590 3165 quod

58 3163 86 3214 in
108 3164 286 3218 inferioribus
307 3184 362 3218 non
384 3180 424 3220 est
441 3169 523 3229 salus,
544 3171 591 3220 sed

58 3235 202 3303 multiplex
214 3238 379 3304 periculum3
393 3241 440 3290 sed
457 3241 484 3291 in
498 3241 591 3292 excel-

57 3307 106 3370 sis,
129 3322 189 3374 quae
211 3309 270 3359 sola
292 3310 408 3361 coelestia
426 3322 498 3371 sunt,
519 3312 591 3362 salus

56 3376 116 3429 sine
130 3378 250 3444 periculo
264 3379 410 3432 invenitur.
424 3383 482 3442 Vel,
495 3381 524 3432 in
540 3383 591 3433 hoc

56 3448 132 3515 quod
144 3449 245 3501 dicitur
254 3452 308 3516 hic,
323 3453 350 3504 in
362 3454 487 3517 excelsis,
503 3454 591 3520 signi·

55 3518 152 3571 fleatur
171 3536 220 3587 per
236 3523 355 3588 primurn
376 3526 495 3577 hosanna
517 3527 589 3591 quod

54 3592 184 3646 Christus
204 3607 245 3647 est
262 3598 318 3648 Rex
333 3598 361 3648 in
380 3608 449 3650 terra
466 3599 590 3651 universa

52 3680 103 3731 per
126 3665 208 3719 fidem
230 3679 257 3720 et
276 3671 404 3736 gratiam;
425 3681 451 3722 et
472 3687 518 3738 per
538 3672 590 3722 hoc

52 3736 129 3803 quod
141 3736 187 3788 hic
200 3739 233 3789 ad
243 3742 392 3793 secundum
406 3743 526 3794 hosanna
540 3744 589 3794 ad-

52 3807 138 3869 ditur,
153 3810 181 3861 in
195 3813 322 3877 excelsis,
337 3813 503 3880 significatur
514 3815 588 3882 quod

53 3893 111 3930 non
124 3888 231 3932 tantum
245 3882 273 3933 in
291 3883 377 3946 terris,
390 3885 436 3936 sed
459 3886 538 3936 etiam
558 3885 586 3936 in

125 3995 195 4049 Vtra
211 3998 276 4052 lesu
292 3999 413 4071 Cnnrsrr,
431 4017 518 4055 nonus
534 4003 578 4054 lll.

1138 284 1190 336 209

652 377 805 429 coelestibus
817 379 944 431 Christus
953 391 1056 448 regnat,
1070 383 1135 449 quia
1144 400 1192 450 per

653 449 742 514 ipsum
755 463 786 499 ea
800 450 891 502 omnia
905 467 966 517 quae
985 453 1012 502 in
1028 454 1102 505 coelis
1118 465 1144 506 et
1161 456 1189 506 in

653 519 731 570 terris
744 528 809 570 sunt
823 531 1016 573 restaurantur.

686 589 699 639 5
714 591 826 642 Oratam
838 592 944 644 Donmo
958 609 1123 646 exarantem
1137 612 1187 648 suo

653 677 778 713 rsonassu
792 679 957 713 rarunearxr
971 681 1124 717 nontamen
1143 684 1185 718 nx·

653 751 772 786 PLchTA.
785 763 815 773 -
826 736 1026 788 Consideranda
1036 749 1077 789 est
1085 750 1184 803 autem,

651 806 724 870 iuxta
744 807 867 858 ordinem
890 823 1077 874 personarum,
1094 812 1185 877 quali-

652 888 692 928 tas
706 880 873 932 meritorum.
890 880 943 939 Qui
960 881 1032 930 enim
1050 884 1184 936 vestimen·

651 957 679 1002 ta
700 967 750 1003 sua
769 967 849 1021 super
869 955 974 1005 asinam
992 955 1183 1023 imposuerant,

650 1031 681 1072 ut
700 1025 777 1075 Jesus
800 1025 910 1076 mollius
928 1027 1039 1087 sederet,
1062 1027 1184 1092 Apostoli

650 1094 771 1157 fuerunt,
796 1097 842 1163 qui
869 1112 917 1148 sua
938 1098 1060 1149 doctrina
1082 1109 1185 1151 mentes

650 1166 804 1228 hominum,
820 1176 851 1217 ut
868 1167 1052 1218 habitaculum
1070 1168 1117 1219 Dei
1138 1185 1185 1220 es-

650 1246 719 1298 sent,
735 1249 960 1304 praeparaverunt.
986 1240 1034 1289 Per
1054 1239 1120 1290 istos
1143 1240 1184 1290 si·

649 1306 770 1372 gnificari
790 1319 914 1374 possunt,
929 1309 976 1376 qui
997 1325 1044 1376 per
1058 1325 1119 1360 suas
1135 1325 1184 1361 ex-

650 1378 817 1429 hortationes
848 1380 967 1431 animam
996 1380 1141 1441 erudiunt,
1169 1395 1185 1432 a

648 1448 763 1513 peccatis
784 1449 953 1512 abstrahunt,
970 1451 1117 1502 virtutibus
1137 1467 1186 1501 or-

648 1528 713 1569 nant
727 1529 753 1569 et
776 1531 954 1586 componunt,
971 1531 1002 1572 ut
1022 1523 1061 1572 sic
1076 1522 1113 1572 ibi
1128 1522 1186 1573 Do-

649 1591 742 1641 minus
751 1592 850 1652 sedeat,
857 1601 883 1642 et
892 1592 1021 1659 quiescat.
1031 1592 1084 1651 Qui
1095 1605 1184 1645 autem

648 1661 803 1712 vestimenta
814 1676 864 1712 sua
880 1662 906 1712 in
919 1663 964 1712 via
974 1667 1138 1724 straverunt,
1150 1678 1184 1713 ne

648 1747 695 1796 pes
714 1732 796 1782 asinae
811 1731 981 1798 impingeret,
1004 1731 1089 1782 sancti
1108 1734 1182 1782 Mar-

647 1812 718 1868 tyres
740 1811 813 1863 sunt,
833 1802 880 1869 qui
900 1803 967 1852 dum
989 1818 1101 1868 corpora
1121 1817 1179 1862 sua,

647 1873 798 1925 animarum
809 1873 934 1924 videlicet
945 1882 1107 1940 tegumenta,
1121 1889 1180 1939 pro·

647 1959 706 2014 pter
719 1949 806 1999 Deum
825 1948 857 1999 ad
877 1946 1006 2014 supplicia
1020 1947 1137 2011 tradunt,
1152 1958 1179 1998 et

646 2019 756 2085 proprio
776 2034 805 2070 se
825 2019 913 2070 carnis
939 2017 1039 2069 amictu
1066 2027 1178 2082 exuunt,

646 2092 723 2159 quasi
742 2093 900 2145 vestimenta
913 2107 961 2143 sua
982 2102 1113 2152 sternunt,
1130 2090 1179 2142 iter

646 2165 859 2232 simplicioribus
879 2181 929 2216 suo
943 2163 1074 2230 sanguine
1088 2173 1178 2214 osten-

646 2237 748 2298 dentes,
767 2253 815 2303 per
838 2238 910 2302 quod
929 2236 962 2287 ad
985 2237 1119 2286 coelestem
1133 2235 1179 2286 Je-

646 2311 763 2361 rusalem
787 2309 927 2376 pervenire
948 2308 1062 2375 possint.
1086 2309 1115 2357 ln
1137 2308 1180 2360 via

646 2383 762 2448 denique
784 2382 946 2433 vestimenta
973 2390 1105 2440 sternunt,
1131 2381 1179 2446 qui

646 2455 768 2521 exempla
785 2455 934 2520 Martyrum
956 2452 1049 2511 secuti,
1068 2467 1181 2518 corpora

646 2541 694 2576 sua
715 2540 763 2590 per
781 2523 974 2574 abstinentiam
998 2523 1133 2585 edomant,
1150 2533 1181 2573 ut

646 2595 765 2645 Domino
780 2593 831 2644 iter
844 2594 878 2644 ad
890 2603 1007 2643 mentem
1021 2603 1124 2657 parent,
1136 2592 1179 2642 vel

644 2665 1027 2734 exemplabonasequentibus
1035 2665 1179 2730 praebeant.

646 2741 716 2802 Quia
736 2756 799 2807 ergo
815 2740 1006 2792 vestimentum
1024 2738 1122 2790 animae
1139 2749 1180 2791 est

644 2829 751 2880 corpus,
770 2814 823 2864 hoc
842 2812 1032 2864 vestimentum
1054 2812 1177 2863 subster-

644 2886 744 2947 nimus,
759 2894 805 2936 aut
818 2900 866 2951 per
882 2883 1052 2950 martyrium,
1067 2893 1113 2933 aut
1130 2899 1178 2950 per

643 2957 782 3023 jejunium,
797 2965 843 3007 aut
859 2956 939 3007 etiarn
962 2970 1009 3021 per
1029 2955 1093 3005 boni
1109 2971 1177 3021 ope-

644 3028 681 3078 ris
693 3026 849 3078 exercitium
861 3035 887 3076 et
896 3026 1060 3091 exemplum,
1073 3036 1119 3076 aut
1130 3041 1177 3092 per

643 3096 814 3148 continentia.
828 3096 1005 3163 propositum.
1020 3097 1080 3159 Vel,
1094 3097 1177 3148 vesti-

644 3177 733 3220 menta
751 3167 849 3218 animae
866 3167 1035 3218 diversorum
1055 3168 1176 3218 colorum

644 3253 708 3295 sunt
731 3241 871 3293 varietates
897 3240 1063 3292 diversarum
1088 3239 1175 3290 virtu-

643 3325 712 3376 tum,
730 3330 791 3383 quae
813 3324 876 3366 tunc
902 3315 930 3365 in
954 3314 998 3365 via
1022 3310 1177 3369 sternimus,

644 3388 754 3454 quando
770 3386 844 3438 eain
863 3387 1017 3452 exemplum
1032 3383 1093 3434 aliis
1107 3396 1177 3447 prae-

644 3461 748 3510 bemus.
772 3459 848 3509 Felix
873 3457 947 3508 illius
969 3455 1076 3515 anima,
1102 3452 1178 3516 cuius

642 3530 756 3581 virtutes
778 3528 948 3579 confundunt
972 3537 998 3576 et
1022 3522 1178 3586 exstingunt

644 3605 672 3655 in
687 3605 748 3655 aliis
761 3603 828 3655 vitia
848 3599 993 3653 contraria!
1010 3597 1179 3650 Vestimenta

643 3675 735 3736 etiam,
751 3675 786 3726 ob
800 3675 945 3725 adventum
959 3668 1060 3721 Christi
1083 3666 1112 3717 in
1135 3665 1178 3716 via

644 3754 770 3805 sternere,
784 3754 825 3795 est
841 3742 981 3808 antiquam
996 3736 1177 3790 conversatio·

645 3830 706 3866 nem
718 3814 816 3881 peccati
831 3814 973 3878 deponere.
989 3808 1042 3868 Qui
1057 3823 1120 3859 vero
1134 3821 1178 3857 ra·

643 3900 700 3938 mos
713 3886 746 3936 de
754 3883 896 3936 arboribus
908 3881 1054 3944 cadebant,
1064 3884 1090 3931 et
1104 3883 1176 3930 ster-

1051 4011 1090 4061 a,
