2632 4320
110 254 128 302 4
426 234 600 287 SECUNDAE
618 235 743 286 PARTlS
759 236 875 288 CAPUT
888 239 907 288 Ι.

107 352 181 405 sibili
199 351 309 404 materie
322 360 349 402 et
362 350 511 402 substantia
529 351 581 402 sibi
594 351 638 402 in·
691 354 793 404 Petrus
826 365 867 406 est
900 355 1018 423 populus
1045 356 1227 410 Christianus.

106 428 259 478 stituerunt.

137 497 153 548 6
178 498 319 548 Pnourssro
344 511 393 545 rrsr
416 511 507 546 ruera.
529 524 559 534 -
580 496 637 546 Re·

106 570 238 638 spondens
260 574 346 619 autcm
363 569 545 628 resurectio,
561 578 587 619 et
610 568 637 618 in

106 646 184 695 Petro
211 641 352 702 omnibus,
386 643 537 692 mercedem
570 655 638 691 verae

691 424 752 475 ldeo
765 426 858 477 addit:
873 427 913 479 Et
925 442 1005 495 super
1024 428 1092 480 hanc
1110 435 1228 494 petram,

691 511 773 562 quam
794 498 875 549 modo
894 498 1031 550 confessus
1052 515 1089 560 es,
1102 509 1129 549 et
1143 515 1227 565 quam

691 575 720 617 tu
740 569 821 619 modo
839 568 867 619 in
887 568 948 620 fidei
969 568 1145 620 fundamento
1170 585 1224 635 po·

691 637 780 699 suisti,
795 638 822 688 id
839 649 879 689 est
895 654 974 705 super
988 637 1138 699 Christum,
1152 639 1225 690 cedi-

41 760 45 767 .
106 713 294 774 confessionis,
316 713 390 764 dixit
408 714 433 766 ei
455 731 464 765 :
485 715 586 764 Beatus
609 726 639 762 es
683 711 775 777 ficabo
795 712 945 764 Ecclesiam
971 726 1064 763 meam.
1088 740 1119 750 -
1141 713 1228 764 Petra

107 787 200 838 Simon
211 784 341 852 Bariana,
355 785 381 835 id
392 796 432 837 est
442 786 515 836 filius
523 786 624 836 loanna
631 800 639 847 ;

107 855 166 905 Bar·
179 853 252 905 enim
268 854 339 906 idem
354 864 393 906 est
407 857 479 923 quod
487 856 576 922 filius,
591 855 639 905 Jo-

107 940 142 976 na
166 935 254 976 autern
277 926 386 992 ponitur
409 943 456 992 per
475 925 638 976 diminutio-

106 1011 178 1057 nem,
202 1012 250 1063 pro
268 998 379 1058 Joanna,
403 998 536 1049 subtracta
551 996 639 1047 media

107 1066 222 1132 syllaba;
243 1068 316 1118 unde
334 1067 455 1133 Bariana
477 1067 523 1118 hic
537 1066 638 1133 accipi-

692 782 760 832 enim
774 790 833 834 erat
845 783 979 848 Christus,
992 799 1073 849 super
1082 783 1155 849 quod
1166 781 1228 833 fun-

692 855 848 907 damentum
879 857 1044 924 etiamipse
1077 855 1226 909 aedificatus

691 936 738 977 est.
752 927 822 977 Huic
836 928 976 979 sententiae
992 927 1137 994 Apostolus
1156 941 1226 976 con-

690 997 812 1057 cordans,
829 998 866 1048 ait
887 1015 894 1048 ι
916 998 1126 1050 Fundamentum
1149 996 1229 1047 aliud

691 1082 765 1119 nemo
776 1075 866 1134 potest
874 1084 982 1134 ponere,
994 1075 1097 1135 praeter
1112 1067 1141 1118 id
1154 1067 1228 1133 quod

106 1146 159 1209 tur,
176 1152 206 1187 ac
226 1137 249 1188 si
271 1138 343 1188 filius
362 1137 474 1188 loannis
497 1138 637 1196 diceretur,
686 1143 803 1209 positum
823 1152 871 1208 est,
886 1145 956 1211 quod
975 1151 1016 1195 est
1030 1144 1155 1194 Christus
1173 1143 1226 1193 Je-

105 1216 131 1258 et
146 1218 255 1274 propter
267 1209 320 1259 hoc
335 1208 416 1259 etiam
442 1211 534 1260 Petrus
547 1222 636 1274 quan-

104 1281 194 1347 doque
207 1282 301 1333 Simon
324 1282 434 1333 ioannis
457 1283 564 1333 dicitur.
586 1283 636 1331 Se-

103 1355 222 1404 cundum
240 1356 469 1422 Chrysostomum,
495 1356 547 1407 hoc
564 1355 637 1415 dicit,

103 1435 133 1477 ut
144 1428 266 1478 ostendat
278 1428 408 1493 quoniam
427 1428 463 1479 ita
483 1428 638 1479 naturaliter

103 1506 142 1548 est
155 1496 279 1549 Christus
288 1499 373 1549 Filius
384 1499 441 1561 Dei,
454 1500 523 1550 sicut
536 1501 636 1560 Petrus,

102 1567 177 1619 filius
199 1570 319 1634 loannes,
336 1570 456 1635 ejusdem
479 1570 637 1621 substantiae

103 1655 165 1691 cum
189 1657 221 1692 eo
244 1643 293 1709 qui
326 1643 428 1708 genuit.
453 1645 563 1705 Beatus,
595 1643 637 1694 in-

103 1729 200 1780 quam,
229 1729 272 1780 es,
302 1726 410 1783 propter
441 1716 636 1768 confessionem

101 1799 171 1835 verae
185 1785 257 1847 fidei,
272 1801 334 1853 quae
349 1787 422 1837 ducit
438 1788 470 1838 ad
490 1787 637 1839 beatitudi-

103 1869 176 1916 nem,
195 1856 258 1921 quia
277 1871 341 1908 caro
355 1863 381 1907 et
395 1858 510 1924 sanguis
524 1874 574 1909 non
589 1873 636 1908 re-

102 1925 202 1975 velavit
212 1925 270 1990 tibi,
285 1926 311 1976 id
326 1935 435 1976 estnon
450 1936 572 1991 parentes
586 1928 634 1988 tui,

102 1996 144 2045 vel
166 1995 250 2045 homo
272 1997 411 2055 mortalis,
446 2007 492 2048 aut
517 1997 636 2051 humana

102 2068 223 2121 doctrina
238 2069 317 2120 istam
327 2071 476 2132 veritatem,
491 2081 517 2123 et
530 2082 635 2125 tantum

101 2155 228 2191 arcanum
258 2140 319 2191 fidei
343 2150 368 2192 te
396 2143 558 2207 docuerunt3
589 2147 636 2197 sed

101 2212 187 2261 Pater
200 2227 273 2263 meus
286 2214 332 2279 qui
348 2219 389 2264 est
408 2214 434 2264 in
450 2215 533 2277 coelis,
547 2227 572 2267 et
589 2234 636 2284 per

101 2298 269 2349 consequens
292 2292 346 2336 tota
370 2285 497 2346 Trinitas,
518 2288 582 2353 quia
597 2290 635 2339 in-

100 2355 185 2406 divisa
212 2367 276 2407 sunt
299 2373 380 2424 opern
403 2359 553 2413 Trinitatis.
582 2363 633 2414 Ubi

101 2425 312 2493 chrysostomus
324 2443 333 2477 ε
349 2447 362 2476 «
372 2431 466 2480 Sermo
480 2430 529 2481 iste
542 2448 635 2484 conve-

100 2495 141 2546 nit
165 2497 243 2547 etad
264 2513 368 2560 omnes,
392 2510 422 2550 ut
438 2500 554 2569 singulis
569 2505 634 2570 qui-

99 2565 203 2632 busque
228 2567 352 2620 dicatur:
375 2571 478 2621 Beatus
500 2586 537 2635 es,
564 2589 634 2640 quo-

99 2634 172 2684 niam
189 2651 253 2688 caro
267 2644 294 2689 et
307 2641 422 2705 sanguis
436 2655 488 2692 non
503 2645 634 2696 revelavit

98 2705 146 2754 tibi
152 2722 163 2768 ;
177 2706 225 2756 sed
239 2708 324 2759 Patet·
338 2724 411 2760 meus
424 2714 471 2777 qui
482 2719 522 2763 est
535 2715 562 2764 in
577 2730 632 2767 cce-

98 2775 141 2824 lis.
156 2794 168 2822 n
183 2776 224 2826 Tu
237 2777 315 2838 dicis,
330 2788 356 2829 et
369 2795 462 2831 verum
477 2783 552 2844 dicis,
569 2786 633 2851 quia

97 2860 160 2911 ergo
173 2861 232 2896 sum
249 2848 373 2900 Christus
391 2851 481 2902 Filius
499 2854 550 2905 Dei
569 2856 631 2908 vivi.

97 2915 136 2964 Et
151 2930 203 2982 ego
218 2917 265 2983 qui
283 2934 344 2970 sum
361 2921 457 2973 veritas
473 2923 630 2990 immobilis,

97 2983 172 3048 cujus
186 2985 273 3038 dicere
285 2999 324 3039 est
335 2989 427 3052 facere,
444 2993 503 3043 dico
522 2995 571 3046 tibi
582 3014 630 3063 pro

97 3064 123 3105 te
145 3065 171 3106 et
192 3074 240 3123 pro
261 3061 343 3112 sociis
361 3063 434 3115 tuis:
455 3065 526 3127 Quia
550 3075 578 3120 tu
602 3086 630 3122 es

97 3127 196 3178 Petrus
218 3145 232 3180 a
256 3147 299 3182 me
320 3134 397 3185 Petra
422 3135 518 3198 dictus,
543 3139 570 3190 id
591 3154 631 3195 est

96 3197 232 3250 confessor
246 3216 313 3253 verae
325 3213 415 3269 petrae,
431 3205 477 3270 qui
495 3218 535 3258 est
547 3210 630 3260 Chri-

96 3276 166 3329 stus,
201 3285 231 3320 ac
255 3271 307 3323 fide
331 3273 422 3335 fortis,
455 3288 482 3328 et
509 3280 629 3333 doctrina

96 3339 208 3392 stabilis.
228 3342 332 3404 Merito,
347 3357 455 3412 propter
469 3349 531 3400 fidei
549 3351 628 3404 forti-

95 3409 217 3462 tudinem
233 3423 259 3463 et
273 3411 378 3465 fidelem
397 3417 498 3469 Christi
519 3423 627 3474 confes-

94 3477 209 3561 sione-m,
225 3484 276 3535 hoc
292 3500 389 3536 nomen
407 3488 499 3539 Petrus
520 3493 627 3559 accepit,

94 3564 141 3614 qur
164 3566 193 3600 m
217 3564 318 3619 petram
341 3557 480 3609 Christum
506 3563 626 3615 credidit.

93 3619 188 3673 Simon
202 3627 302 3694 quippe
316 3640 392 3682 antea
406 3630 563 3699 vocabatui3
580 3638 626 3687 sed

94 3689 146 3740 hoc
169 3709 268 3746 nomen
294 3701 393 3753 Petrus
420 3718 435 3752 a
458 3702 576 3756 Domino
603 3707 626 3758 ei

95 3758 254 3826 impositum
272 3778 321 3832 est,
338 3764 371 3822 ut¹
382 3772 524 3824 Ecclesiam
540 3775 627 3842 signi-

86 3828 193 3887 ticaret.
214 3837 286 3898 Quia
306 3842 380 3894 enim
397 3851 476 3910 petra
491 3846 624 3914 Christus,

690 1228 745 1265 sus.
758 1216 796 1266 Ac
809 1215 909 1267 sidicat
923 1232 930 1266 a
947 1217 1008 1265 Non
1022 1225 1061 1264 est
1073 1213 1146 1265 aliud
1157 1211 1225 1263 fun-

690 1285 856 1346 damentum,
882 1285 935 1337 nisi
961 1286 1006 1337 illa
1030 1295 1112 1351 petra,
1140 1299 1224 1349 quarn

691 1357 784 1408 Petrus
810 1357 901 1424 posuit
924 1355 1140 1415 fundamentum,
1161 1369 1224 1405 cunr

690 1426 789 1478 diceret
803 1444 809 1478 :
830 1429 873 1478 Tu
882 1442 912 1478 es
926 1427 1052 1478 Christus
1066 1425 1157 1476 Filius
1170 1424 1224 1475 Dei

691 1501 752 1552 viui.
767 1503 853 1566 Super
868 1501 938 1551 hanc
951 1500 1024 1550 enim
1039 1510 1142 1566 petram
1156 1498 1225 1548 aedi-

690 1570 782 1622 ficatur
794 1582 848 1622 tota
862 1571 1127 1636 Dei,&clesia.ltem,
1142 1583 1224 1634 super

690 1643 759 1695 hanc
769 1649 884 1710 petram,
902 1643 930 1693 id
949 1654 989 1695 est
1004 1658 1084 1709 super
1101 1642 1172 1691 hanc
1188 1640 1222 1690 fi-

690 1714 751 1764 dem
779 1723 804 1765 et
824 1713 1037 1775 confessionem,
1067 1727 1115 1763 seu
1139 1711 1222 1776 hujus

690 1784 752 1836 fidei
776 1796 801 1837 et
828 1785 947 1836 veritatis
972 1784 1136 1843 firmitatem,
1158 1791 1221 1834 tan·

690 1873 771 1924 quam
790 1873 871 1925 supra
882 1856 1088 1907 fundamentum
1100 1854 1220 1915 firmum,

689 1928 829 1996 aedificabo
845 1929 995 1979 Ecclesiam
1010 1941 1092 1976 meam
1097 1943 1107 1989 ;
1122 1930 1149 1975 et
1158 1940 1222 1990 por·

689 2006 725 2050 tae
749 2001 838 2066 inferi,
864 2014 925 2065 quae
950 2007 1013 2048 sunt
1035 1995 1221 2062 suggestiones

689 2070 860 2132 daemonum,
881 2067 1069 2119 delectationes
1092 2064 1221 2116 vitiorum

687 2142 816 2192 doctrinae
833 2140 1029 2197 haereticorum,
1044 2147 1177 2188 tormenta
1191 2152 1220 2189 ac

689 2214 872 2265 blandimenta
885 2223 1094 2279 persecutorum,
1114 2226 1144 2261 ac
1156 2227 1220 2277 pra·
1241 2233 1246 2243 ·

688 2301 720 2337 va
748 2287 881 2336 malorum
909 2300 997 2350 opera,
1024 2283 1157 2348 colloquia
1194 2292 1220 2333 et

687 2357 817 2423 exempla,
831 2370 892 2422 quae
904 2354 953 2405 iter
964 2353 1123 2421 perditionis
1133 2363 1220 2404 osten·

687 2429 761 2490 dunt,
789 2439 815 2479 et
837 2428 869 2479 ad
895 2437 991 2477 tartara
1023 2426 1138 2488 ducunt;
1167 2441 1218 2481 neat

685 2500 869 2565 praevalebunt
892 2499 1023 2548 aduersus
1035 2512 1103 2561 eam,
1119 2496 1219 2548 scilicet

687 2569 832 2620 Ecclesiam
850 2568 889 2619 sic
902 2566 1044 2628 firmatam,
1060 2568 1124 2634 quia
1137 2582 1152 2617 a
1165 2567 1218 2618 fide

686 2651 712 2691 et
731 2641 838 2692 caritate
859 2639 960 2690 Christi
982 2655 1036 2689 non
1058 2638 1218 2704 separabunt

686 2728 755 2763 eam.
780 2715 819 2762 Ex
836 2727 891 2779 quo
912 2720 983 2776 patet
1003 2710 1076 2776 quod
1098 2710 1218 2760 Ecclesia

685 2783 808 2833 consistit
826 2782 853 2832 in
866 2781 920 2831 illis
939 2781 1062 2846 personis
1074 2781 1101 2829 in
1117 2781 1218 2845 quibus

685 2866 725 2905 est
748 2855 844 2906 notitia
855 2865 882 2906 et
894 2870 955 2906 vera
968 2852 1101 2905 confessio
1114 2853 1176 2904 fidei
1192 2865 1218 2906 et

685 2925 812 2977 veritatis.

716 3013 732 3063 7
749 2997 820 3056 Qun>
835 3012 907 3048 suus
920 3012 1017 3047 cervas
1032 3012 1111 3047 nsum
1125 3012 1217 3048 casro-

685 3067 752 3117 nuu?
771 3095 801 3104 —
815 3065 918 3118 Deinde
932 3068 1018 3117 claves
1038 3067 1114 3134 regni
1133 3068 1216 3118 coelo-

683 3155 744 3190 rum
766 3155 795 3190 se
826 3141 903 3191 Petro
928 3143 1052 3191 daturum
1081 3140 1216 3189 Dominus

684 3210 818 3276 promisit,
844 3213 889 3262 sed
902 3221 966 3262 tunc
981 3227 1036 3262 non
1051 3210 1135 3271 dedit;
1151 3209 1215 3274 quia

682 3283 705 3333 si
718 3283 809 3333 statim
824 3285 949 3348 dedisset,
967 3297 1107 3348 nunquam
1120 3281 1149 3329 in
1163 3282 1214 3331 Pc-

682 3365 723 3406 tro
753 3356 869 3421 pravitas
894 3355 1081 3414 confessionis,
1106 3355 1138 3404 de
1161 3370 1214 3421 qua

681 3425 771 3476 statim
787 3428 929 3488 subditur,
942 3427 984 3476 vel
1002 3441 1077 3476 error
1091 3427 1214 3492 negatio-

682 3497 734 3557 nis,
749 3499 782 3548 de
794 3514 849 3564 quo
861 3498 890 3547 in
908 3498 1035 3548 Passione
1046 3496 1153 3558 dicitur,
1169 3499 1213 3548 lo-

680 3583 742 3618 cum
765 3567 920 3619 invenisset.
949 3568 1023 3619 Sicut
1042 3579 1132 3619 autem
1164 3587 1213 3636 pro

680 3638 809 3688 omnibus
833 3638 969 3703 Apostolis
992 3640 1085 3690 Petrus
1100 3656 1212 3707 respon-

679 3707 727 3768 dit,
742 3707 779 3759 ita
798 3707 827 3758 in
843 3723 874 3759 eo
888 3708 1017 3759 omnibus
1029 3711 1117 3761 claves
1137 3713 1210 3778 regni

680 3778 813 3830 Dominus
839 3779 972 3845 promisit,
986 3781 1094 3832 dicens:
1105 3784 1210 3846 Ettibi,

679 3851 726 3917 qui
749 3866 803 3918 prae
822 3852 916 3904 ceteris
932 3853 1072 3906 confessus
1089 3870 1126 3918 es,
1142 3856 1211 3906 dabo
