2632 4320
399 301 446 352 DE
461 300 589 351 TRIBUS
603 297 806 361 PARABOLIS,
823 297 905 348 ETC.
1186 293 1218 346 53

107 423 194 469 catone
214 416 399 482 poenitentiam
422 423 526 483 agente,
555 431 633 481 quam

106 501 183 552 snper
196 486 348 550 nonaginta
369 501 459 537 novem
473 487 569 554 justis,
589 487 635 552 qui

106 573 152 608 non
167 557 293 622 indigent
298 558 474 624 poenitentia;
499 575 554 608 non
571 558 636 608 dicit

106 627 290 693 poenitentiam
305 628 448 693 cogitante,
461 645 522 696 quae
534 638 574 679 est
585 645 637 695 poe-

107 699 216 750 nitentia
238 699 480 764 procrastinorum;
502 716 550 751 nec
574 700 638 751 dicit

106 772 291 839 poenitentiam
309 772 429 834 docente,
451 789 510 840 quae
525 783 565 824 est
579 789 637 839 poe-

107 844 218 895 nitentia
231 844 408 894 verbosorum
416 845 634 910 praedicatorum,

64 932 66 937 ·
106 931 150 966 nec
169 915 237 966 dicit
262 916 447 980 poenitentiam
470 917 635 976 ostendente,

105 1004 162 1055 quae
174 998 216 1039 est
226 988 383 1054 poenitentia
400 989 598 1054 hypocritarum
611 999 637 1039 et

104 1059 310 1121 simulatorum;
338 1059 383 1108 sed
416 1059 480 1109 dicit
502 1058 637 1125 poeniten-

104 1131 165 1180 tiam
192 1136 301 1195 agente,
332 1145 392 1195 quae
419 1139 459 1179 est
482 1129 636 1195 poenitentia

103 1202 272 1252 devotorum.
295 1201 356 1250 Non
377 1211 417 1251 est
435 1217 498 1266 ergo
513 1202 635 1267 gauden-

103 1272 164 1322 dum
178 1272 271 1322 solum
286 1272 319 1322 de
333 1271 517 1337 redemptione
529 1271 634 1336 generis

104 1345 228 1408 humani;
251 1347 297 1394 sed
313 1360 474 1411 quacunque
490 1346 555 1395 hora
570 1361 635 1394 con-

102 1417 211 1467 vertitur
221 1432 294 1467 unus
309 1426 437 1482 peccator,
462 1415 492 1466 fit
506 1416 634 1482 gaudium

103 1487 212 1552 Angelis
225 1487 285 1546 Dei,
301 1487 420 1552 eoquod
437 1502 566 1537 numerus
586 1503 634 1537 eo-

57 1600 61 1609 .
102 1572 159 1607 rum
184 1558 362 1622 suppleatur,
396 1572 428 1606 ex
458 1557 633 1608 conversione

103 1638 279 1694 peccatorum.
312 1629 389 1679 Unde
423 1630 592 1695 Augustinus
626 1648 634 1680 .·

104 1718 116 1744 ιι
137 1701 188 1760 Qui
215 1701 473 1766 perpoenitentiam
496 1712 632 1767 peccatum

104 1771 187 1834 diluit,
202 1773 330 1838 angelicae
344 1773 479 1824 felicitatis
501 1775 529 1824 in
553 1785 633 1825 aeter-

106 1857 168 1890 num
192 1859 304 1893 consors
326 1845 385 1905 erit,
409 1845 472 1894 hinc
496 1855 536 1895 est
560 1847 633 1912 quod

106 1928 181 1980 super
197 1917 373 1977 conversione
395 1918 548 1983 peccatoris,
560 1919 634 1969 velut

105 1986 134 2036 de
158 2004 207 2038 suo
232 2001 364 2054 consorte,
389 1991 485 2056 Angeli
509 1991 537 2041 in
567 1993 632 2042 coelo

102 2058 212 2121 gaudere
232 2059 368 2110 dicuntur.
384 2080 398 2108 ιι
418 2062 496 2122 Nam,
525 2070 554 2111 ut
568 2062 633 2112 dicit

105 2127 261 2193 Origenes:
279 2149 292 2176 ιι
313 2131 368 2181 Nos
381 2132 491 2197 Angelis
507 2132 535 2182 in
557 2133 631 2184 coelis

103 2203 267 2253 occasionem
287 2204 376 2269 gaudii
394 2205 557 2270 praebemus,
569 2199 630 2256 cum

105 2284 178 2338 super
188 2284 288 2323 terram
304 2275 472 2325 ambulantes
489 2292 631 2327 conversa-

103 2340 199 2393 tionem
218 2343 247 2392 in
261 2344 336 2394 coelis
347 2345 486 2396 habemus,
501 2366 515 2393 ιι
528 2347 630 2397 Secun-

102 2412 160 2464 dum
176 2417 358 2479 Ambrosium,
383 2419 479 2483 Angeli
500 2419 630 2484 quoniam

104 2485 269 2536 rationabiles
297 2499 378 2547 sunt,
411 2505 465 2539 non
493 2490 629 2540 immerito

104 2557 242 2609 hominum
277 2562 462 2627 redemptione
495 2562 628 2623 laetantur,

104 2643 252 2712 quanquam
267 2632 319 2682 hoc
337 2648 446 2699 quoque
459 2632 579 2698 proficiat
596 2634 628 2683 ad

105 2698 227 2752 incentiva
243 2702 426 2767 probitatis,
406 2719 428 2752 si
442 2703 628 2770 unusquisque

104 2774 299 2824 conversionem
311 2791 387 2825 suam
397 2785 497 2841 gratam
509 2775 565 2826 lore
577 2792 630 2827 cre-

104 2840 142 2891 dat
165 2844 280 2894 coetibus
306 2847 486 2910 Angelorum,
511 2861 627 2930 quorum

103 2923 141 2964 aut
153 2915 276 2967 affectare
291 2917 478 2982 patrocinium,
489 2929 535 2968 aut
543 2934 627 2970 vereri

103 2983 173 3036 debet
188 2986 337 3049 offensam3
354 2998 380 3038 et
393 2999 422 3038 tu
439 2989 521 3054 igitur
535 2991 629 3055 Ange-

102 3051 130 3104 lis
142 3067 199 3107 esto
209 3058 314 3108 occasio
327 3058 434 3118 laetitiae,
450 3060 582 3124 gaudeant
593 3062 626 3110 de

101 3125 181 3177 reditu
196 3138 252 3177 tuo.
269 3129 348 3179 Unde
363 3130 471 3180 Beda:
499 3149 512 3176 ιι
538 3131 625 3182 Ovem

100 3208 156 3278 ergo
172 3199 334 3249 Dominus
328 3201 439 3263 invenit,
452 3201 561 3266 quando
575 3202 626 3252 ho-

100 3267 195 3319 minem
220 3271 387 3332 restauravit,
413 3281 437 3322 et
467 3288 547 3348 super
567 3289 625 3323 eam

99 3335 232 3392 inventam
260 3344 348 3407 majus
375 3332 504 3425 gaudium
529 3356 569 3396 est
599 3347 625 3396 in

97 3412 156 3461 coelo
159 3429 258 3497 ,quam
268 3429 349 3480 super
359 3415 506 3481 nonaginta
518 3432 623 3477 novem,

97 3484 155 3564 quia
169 3487 254 3551 major
282 3488 392 3538 materia
415 3488 514 3539 divinae
537 3490 625 3540 laudis

96 3554 168 3604 estin
179 3558 372 3607 restauratione
381 3558 533 3622 hominum,
542 3575 624 3626 quam

96 3622 121 3675 in
131 3628 264 3678 creatione
278 3631 452 3695 Angelorum.
466 3631 625 3683 Mirabiliter

95 3698 165 3750 enim
179 3701 299 3767 Angelos
311 3704 423 3755 creavit·
416 3740 424 3766 ,
450 3704 495 3754 sed
508 3704 622 3754 mirabi-

95 3766 146 3820 lius
169 3770 296 3823 homines
318 3775 506 3825 restauravit:
531 3794 545 3822 ιι
565 3775 623 3826 haec

95 3837 178 3890 Beda.
194 3841 324 3902 Quamvis
347 3858 410 3909 ergo
432 3853 522 3910 pastor
535 3846 622 3896 multo

94 3909 153 3972 plus
167 3910 262 3978 diligat
276 3927 338 3964 oves
354 3913 500 3980 nonaginta
514 3931 620 3978 novem,

689 429 771 480 quam
801 413 886 464 solam
911 413 1098 475 centesimam;
1131 411 1217 464 tacitis

690 497 779 537 tamen
806 487 875 547 aliis,
903 487 935 537 de
956 496 1101 538 restaurata
1124 484 1218 537 multis

690 561 778 611 modis
790 577 819 612 se
833 563 945 627 gaudere
959 562 1085 612 ostendit.
1095 559 1138 610 Sic
1147 577 1219 626 quo-

689 648 742 698 que
751 635 870 682 Salvator
881 633 914 683 de
926 632 1090 698 reparatione
1098 631 1219 682 hominis
1295 636 1297 643 ⁴

690 708 775 772 magis
790 707 895 773 gaudet,
909 707 960 756 hoc
969 717 1009 757 est
1023 706 1109 772 magis
1122 717 1148 756 et
1163 707 1220 772 plu-

689 778 763 828 ribus
777 778 945 843 argumentis
967 777 1086 828 ostendit
1109 793 1136 827 se
1151 792 1217 843 gau·

689 850 759 909 dere,
778 865 859 916 quam
887 850 920 900 de
932 851 1096 915 Angelorum
1114 846 1218 898 stabili·

689 934 753 987 tate;
773 922 982 975 usitatissimum
1007 922 1105 973 etenim
1130 932 1169 972 est
1190 932 1219 972 ut

688 999 812 1064 quamvis
835 1014 897 1048 eum
917 998 977 1063 plus
993 1012 1045 1045 non
1064 996 1218 1062 diligamus,

689 1069 817 1132 maiorem
832 1078 921 1118 tamen
943 1066 1062 1116 laetitiam
1074 1067 1107 1116 de
1118 1066 1164 1115 illo
1177 1065 1218 1117 fa-

688 1138 801 1201 ciamus,
826 1154 907 1204 quem
927 1139 960 1188 de
985 1136 1077 1201 majori
1101 1137 1219 1201 periculo

689 1207 794 1258 liberari
810 1208 943 1259 videmus
959 1209 1033 1258 Sicut
1046 1222 1108 1272 ergo
1130 1216 1220 1270 pastor

688 1279 784 1358 gaudet
793 1279 900 1344 speciali
912 1279 1009 1344 gaudio
1024 1277 1072 1327 de'
1066 1276 1220 1326 inventione

687 1348 770 1398 unius
791 1348 857 1411 ovis,
876 1364 930 1398 non
947 1347 1011 1414 quia
1036 1345 1121 1412 magis
1146 1345 1219 1396 illam

688 1422 773 1470 solam
798 1437 879 1487 quam
901 1437 995 1471 omnes
1020 1421 1086 1470 alias
1107 1419 1218 1484 diligat3

687 1492 733 1541 sed
748 1492 811 1557 quia
824 1491 851 1541 i‘n
867 1507 896 1542 ea
912 1493 991 1542 habet
1011 1491 1153 1558 specialem
1174 1505 1220 1540 ra-

686 1563 786 1613 tionem
802 1563 944 1630 gaudendi,
960 1580 1041 1630 quam
1053 1562 1081 1612 in
1092 1561 1152 1613 aliis
1163 1578 1217 1612 non

686 1632 821 1694 habebat;
851 1633 889 1683 sic
912 1634 985 1683 Deus
1015 1634 1048 1683 de
1068 1633 1219 1683 reversione

686 1703 830 1767 peccatoris
844 1704 924 1753 habet
934 1703 1073 1769 specialem
1085 1703 1217 1754 rationem

686 1772 785 1838 gaudii,
800 1789 882 1839 quam
895 1790 949 1822 non
968 1775 1048 1824 habet
1065 1776 1097 1823 de
1119 1775 1216 1824 ceteris

686 1843 714 1892 in
737 1843 836 1907 justitia
864 1844 1084 1908 permanentibus
1092 1859 1100 1906 ;
1122 1844 1217 1894 ceteris

686 1924 774 1965 tamen
791 1915 910 1982 paribus,
935 1926 1120 1982 permanentes
1134 1916 1163 1965 in
1174 1916 1218 1982 ju·

684 1986 758 2036 stitia
775 1997 836 2036 sunt
846 1988 900 2038 Deo
911 1987 997 2053 magis
1014 1986 1113 2037 dilecti.

717 2057 731 2107 5
748 2059 909 2108 Monnmrsn
928 2075 961 2108 na
984 2074 1119 2108 ramensis
1135 2073 1169 2108 ιτ
1182 2074 1216 2108 na

684 2145 841 2180 aanoronuu
864 2146 981 2179 nuuano.
1003 2159 1033 2167 -
1056 2130 1107 2179 Per
1121 2128 1214 2178 homi-

685 2214 746 2249 nem
761 2211 867 2249 centum
883 2215 945 2249 oves
960 2200 1104 2249 habentem
1122 2214 1214 2248 mora-

683 2268 744 2319 liter
765 2269 930 2335 significatur
955 2270 1101 2336 praesidens
1120 2285 1215 2320 mona·

683 2342 774 2402 sterio,
785 2345 826 2393 vel
837 2343 970 2403 Ecclesiae,
982 2344 1084 2394 habens
1091 2343 1214 2394 subditos

683 2413 711 2464 in
728 2432 891 2482 quocunque
915 2432 1037 2477 numero,
1061 2415 1125 2481 quia
1142 2430 1213 2480 saepe

683 2487 711 2536 in
734 2489 869 2554 Scriptura
886 2488 994 2555 ponitur
1011 2504 1141 2538 numerus
1164 2488 1212 2537 de-

681 2558 842 2607 terminatus
854 2573 902 2624 pro
912 2557 1130 2618 indeterminat03
1148 2565 1174 2606 et
1189 2556 1211 2606 si

682 2630 827 2695 perdiderit
851 2645 931 2680 unam
956 2645 1004 2695 per
1029 2627 1210 2694 apostasiam,

681 2703 721 2752 vel
734 2702 901 2753 occasionem
914 2701 1004 2762 aliam,
1018 2716 1108 2751 nonne
1121 2700 1212 2750 dimit·

680 2771 712 2822 tit
726 2773 790 2822 alias
803 2773 831 2822 in
845 2775 959 2832 deserto,
976 2772 1003 2822 id
1018 2782 1058 2822 est
1073 2772 1100 2821 in
1115 2771 1210 2821 obser-
1255 2816 1258 2820 .

681 2843 786 2893 vatione
808 2844 941 2895 claustrali
962 2845 1003 2894 vel
1024 2843 1208 2904 ecclesiastica,
1259 2858 1267 2872 ·

680 2930 740 2979 quae
766 2917 900 2966 desertum
933 2915 1048 2975 dicitur,
1077 2931 1108 2966 eo
1136 2915 1210 2982 quod

679 2985 807 3050 asperitas
830 2987 868 3035 ibi
888 2986 1002 3046 videtur,
1027 2997 1052 3036 et
1076 3001 1091 3036 a
1114 2986 1208 3036 multis

678 3059 823 3123 deseritur;
851 3070 877 3110 et
902 3061 974 3111 vadit
996 3061 1028 3110 ad
1051 3061 1126 3111 illam
1148 3075 1209 3128 quae

678 3129 800 3194 perierat,
813 3140 846 3181 'ut
858 3132 891 3181 ad
918 3133 1019 3182 bonum
1039 3134 1160 3196 reducat;
1182 3141 1209 3182 et
1293 3139 1294 3142 ’

678 3203 774 3267 gaudet
799 3205 831 3254 de
858 3204 930 3255 illius
963 3205 1116 3255 reductione
1148 3205 1209 3269 plus

678 3291 759 3340 quam
781 3292 861 3356 super
885 3278 946 3328 aliis
971 3294 1025 3328 non
1047 3276 1208 3336 errantibus,

679 3361 734 3394 non
751 3347 815 3426 quia
837 3348 896 3413 plus
912 3348 1006 3414 diligat
1029 3363 1087 3397 eam
1103 3344 1207 3405 ceteriS,

677 3416 722 3464 sed
737 3416 800 3480 quia
821 3419 963 3482 specialem
988 3418 1117 3468 rationem
1139 3429 1208 3497 gau-

677 3489 757 3538 dendi
786 3490 866 3540 habet
890 3491 922 3541 de
948 3489 1103 3541 redu‘ctione
1128 3487 1207 3552 ejus,

677 3573 759 3624 quam
775 3576 829 3610 non
844 3561 925 3610 habet
941 3562 974 3610 de
998 3559 1071 3620 aliis;
1091 3573 1145 3607 non
1163 3572 1207 3608 er·

677 3640 766 3681 rantes
780 3640 868 3681 tamen
884 3645 989 3697 semper
1000 3638 1064 3679 sunt
1080 3629 1149 3694 plus,
1162 3644 1208 3680 ce·

676 3703 740 3752 teris
765 3704 884 3768 paribus,
913 3701 1052 3767 diligendi.
1071 3702 1103 3751 Et
1131 3711 1203 3767 nota,

676 3775 825 3824 secundum
835 3774 998 3842 Dionysium
1010 3790 1018 3824 :
1033 3789 1046 3818 ιι
1061 3772 1140 3833 Quod
1152 3773 1207 3822 Do-

676 3846 767 3897 minus
789 3862 932 3897 numerum
952 3845 1099 3896 electorum
1114 3847 1204 3896 deter-

677 3918 789 3971 minavit
803 3919 832 3968 in
850 3919 941 3969 decem
958 3935 965 3970 ι
982 3911 1079 3971 novem
1092 3917 1202 3986 quidem
