2632 4312
147 288 199 355 324
265 329 268 334 .

145 405 186 456 ci't
209 403 347 454 Humilem
369 402 535 452 voluntatem
558 408 675 450 vestrm

146 473 318 527 solummodo
328 471 451 538 quaesivi,
463 485 519 520 non
528 484 577 520 vos
589 467 675 534 coegi,

147 562 180 598 ne
199 560 279 596 eausa
297 554 390 594 vestrae
418 540 513 593 salutis
542 549 611 591 esset
630 554 677 589 oc-

147 616 218 667 casio
264 612 435 664 necessitatis.
473 610 559 662 Dicite
586 608 676 669 mihi,

147 695 297 754 peccatores
322 684 469 734 secundum
489 695 596 732 carnem
616 694 678 746 pas·

148 757 257 818 sibiles,
292 770 321 806 ac
344 754 480 814 mortales,
515 750 581 817 quid
606 749 677 816 passi

148 829 213 881 estis
255 838 363 895 propter
394 841 438 876 me
474 823 678 876 Dominatorem

147 910 283 959 vestrum,
313 899 359 965 qui
391 896 470 947 etiam
504 892 679 961 impassibilis

149 986 198 1037 pro
226 970 304 1022 vobis
347 983 442 1033 passus
482 966 560 1016 sum?
582 984 596 1012 n
621 964 679 1014 haec

148 1041 277 1107 Ephrem.

182 1111 196 1163 3
214 1112 272 1163 Coa
289 1127 315 1161 ru
332 1125 449 1161 secunao
461 1122 583 1159 numeru
600 1107 679 1157 Cluu-

148 1200 212 1238 srus
232 1200 262 1236 se
281 1199 416 1235 vrorunuu
441 1197 550 1233 cuncrrs
575 1196 679 1230 ramsu-

149 1272 201 1321 mr,
217 1271 269 1307 cua
283 1269 461 1305 crearnrcmus
471 1251 633 1304 vunnenuni
649 1278 678 1288 -

148 1327 188 1379 Et
201 1332 263 1378 tunc
282 1326 408 1377 videbunt
426 1324 512 1375 oculis
538 1321 680 1388 corporali·

150 1398 211 1458 bus,
236 1406 291 1447 tam
324 1394 415 1445 fideles
441 1410 523 1462 quam
548 1391 679 1455 infideles,

157 1466 258 1516 Filium
271 1465 385 1517 hominis
397 1464 425 1514 in
443 1464 530 1531 specie
551 1463 680 1522 humana,

149 1536 215 1601 quia
241 1540 269 1586 in
295 1535 382 1586 torma
401 1534 521 1586 hominis
544 1532 679 1599 judicabit.

152 1608 230 1660 Unde
243 1609 413 1674 Augustinus
430 1626 439 1659 .-
454 1625 468 1654 (ι
482 1607 558 1657 Visio
579 1605 680 1671 quippe

150 1679 213 1731 Filii
236 1679 356 1730 hominis
376 1679 518 1730 exhibetur
543 1687 569 1728 et
592 1676 679 1736 malis,

151 1768 214 1804 nam
247 1752 317 1804 visio
351 1751 444 1802 formae
468 1749 518 1802 Dei
539 1766 594 1800 non
627 1747 679 1799 nisi

152 1823 264 1873 mundis
273 1822 352 1873 corde
368 1821 520 1888 :Quoniam
529 1820 582 1887 ipsi
595 1819 680 1870 Deum

150 1893 283 1944 videbunt.
297 1892 331 1943 Et
344 1892 408 1958 quia
419 1890 520 1942 Filium
532 1889 580 1940 Dei
590 1903 681 1940 secun·

152 1963 218 2014 dum
234 1963 261 2013 id
273 1964 346 2029 quod
361 1963 390 2012 in
408 1961 495 2012 forma
508 1960 557 2012 Dei
569 1958 681 2026 aequalis

149 2041 190 2085 est
219 2033 304 2093 Patri,
323 2032 413 2083 videre
436 2031 525 2098 iniqui
551 2046 604 2081 non
623 2045 682 2096 poa·

151 2112 225 2164 sunt,
238 2112 344 2168 oportet
354 2113 444 2152 autern
460 2111 489 2151 ut
503 2101 625 2152 iudicem
638 2099 682 2151 vi-

150 2188 247 2224 vorum
270 2182 296 2223 et
318 2181 488 2222 mortuorum
513 2186 603 2222 coram
626 2186 681 2236 quo

150 2243 351 2309 judicabuntur,
379 2254 405 2294 et
425 2243 494 2308 ¹justi
522 2242 631 2294 videant
656 2251 682 2292 et

152 2312 248 2379 iniqui,
263 2312 323 2363 ideo
337 2313 476 2378 oportebat
488 2322 519 2363 ut
532 2312 619 2363 Filius
629 2312 682 2361 ho-

152 2383 236 2435 minis
260 2383 389 2450 acciperet
418 2383 587 2449 judiciariam
605 2393 682 2449 pote-

152 2466 258 2507 statem.
284 2475 298 2504 n
324 2456 401 2507 Unde
420 2456 445 2506 e't
470 2455 546 2506 Beda
572 2473 581 2507 .·
606 2473 620 2502 u
642 2456 683 2506 Ea

151 2529 238 2579 forma
265 2527 354 2580 electis
388 2527 542 2594 apparebit,
571 2543 625 2594 qua
653 2527 682 2578 in

153 2613 244 2653 monte
268 2601 405 2668 apparuit;
428 2600 551 2668 reprobis
574 2601 682 2653 veroin

150 2687 181 2723 ea
200 2673 296 2731 forma,
310 2685 365 2737 qua
379 2671 408 2720 in
425 2686 502 2723 cruce
517 2672 652 2737 pependit.
668 2690 682 2719 n

155 2742 293 2804 Videbunt,
309 2741 439 2808 inquam,
458 2757 521 2792 eum
540 2743 682 2794 venientem

149 2813 329 2877 adjudicium
349 2813 377 2862 in
397 2812 508 2864 nubibus
522 2815 591 2876 coeli,
613 2815 682 2865 sicut

151 2884 178 2933 in
199 2885 271 2934 nube
292 2883 424 2943 ascendit,
447 2883 549 2935 scilicet
570 2884 599 2935 in
622 2900 682 2937 aere

150 2969 231 3021 super
253 2956 343 3006 locum
368 2956 439 3006 unde
457 2955 585 3008 ascendit.
604 2957 683 3009 Unde

151 3023 363 3091 chrysostomus
380 3042 388 3075 .·
405 3043 418 3071 a
434 3024 504 3084 Quia
520 3024 594 3076 enim
613 3027 683 3078 sicut

152 3097 181 3146 in
204 3097 314 3148 Actibus
337 3097 530 3164 Apostolorum
556 3098 682 3165 legitur:

152 3171 245 3222 Nubes
265 3172 382 3238 suscepit
398 3170 474 3222 illum
492 3172 526 3222 ab
542 3173 683 3225 oculiseo·

154 3254 233 3302 rum,·
247 3250 273 3292 et
286 3240 341 3291 illic
355 3241 458 3292 dictum
473 3250 513 3293 est
535 3242 569 3293 ab
591 3244 683 3311 Ange-

154 3310 189 3361 lis
204 3312 273 3363 :Sic
298 3313 385 3364 ueniet
407 3313 626 3380 quemadmodum
641 3315 684 3366 ui·

155 3381 236 3433 distis
254 3397 312 3435 eum
333 3384 518 3435 ascendentem
534 3385 560 3435 in
579 3386 683 3452 coelum,

154 3451 252 3504 merito
274 3454 420 3505 credendus
443 3464 492 3516 est,
512 3470 567 3506 non
594 3458 683 3508 solum

154 3524 185 3575 in
213 3525 306 3576 eodem
334 3542 446 3593 corpore
475 3542 530 3594 quo
556 3531 683 3592 ascendit,

153 3596 329 3647 verumetiam
354 3597 384 3647 in
410 3597 482 3648 nube
509 3608 647 3652 venturus.
669 3620 683 3650 n

154 3667 232 3719 Unde
258 3678 283 3720 et
313 3669 446 3735 Origenes
474 3687 483 3722 ε
511 3688 525 3717 u
551 3670 625 3723 Sicut
651 3689 684 3725 eo

153 3739 313 3792 ascendente
336 3741 365 3792 in
390 3742 498 3804 coelum,
512 3745 599 3795 nubes
621 3761 683 3798 eum

153 3807 225 3870 tulit,
247 3819 356 3876 propter
384 3811 516 3862 honorem
534 3814 683 3866 ascenden-

152 3875 189 3928 tis
197 3892 206 3941 ς
223 3877 260 3931 ita
273 3895 336 3931 eum
349 3880 450 3934 deferet
463 3882 497 3934 ad
511 3883 653 3948 judicium.
668 3905 682 3936 n

427 285 600 338 SECUNDAE
615 282 739 334 PARTIS
754 281 872 333 CAPUT
887 283 979 335 XLlll.

729 396 827 448 Veniet
851 406 1020 448 autemeam
1042 402 1184 463 potestate
1201 411 1263 447 rna-

729 481 786 533 gna
800 485 809 517 .·
824 467 929 532 primus
950 468 1024 519 enim
1039 466 1143 518 Christi
1160 467 1264 517 adven-

729 547 775 587 tus
800 536 853 586 luit
875 536 903 587 in
922 537 1105 589 ostensionem
1119 534 1266 586 infirmita·

729 609 774 672 tis,
800 610 934 660 secundus
957 610 1008 661 erit
1030 608 1059 659 in
1076 608 1266 660 ostensionem

730 680 877 746 potestatis,
896 686 922 731 et
935 681 1084 747 majestate,
1100 678 1127 728 id
1143 688 1185 730 est
1203 680 1266 745 glo-

729 750 784 814 ria;
799 759 864 800 tunc
879 752 953 801 enim
968 761 1040 801 totus
1054 750 1182 801 Christus
1199 765 1264 800 cum

731 820 861 871 membris
889 821 1023 887 gloriosus
1043 819 1195 887 apparebit,
1220 819 1266 870 in·

731 895 812 946 dutus
826 895 929 945 lumine
946 895 1015 946 sicut
1030 895 1204 946 vestimento.
1219 894 1267 945 Ve-

731 967 796 1027 niet,
817 967 938 1034 inquam,
954 982 1012 1018 cum
1026 968 1125 1019 virtute
1144 967 1230 1018 multa
1243 974 1269 1018 et

727 1043 861 1102 potestate
884 1047 976 1088 contra
1000 1037 1136 1098 inimicos,
1158 1038 1192 1088 ad
1209 1053 1264 1103 pu·

732 1108 863 1160 niendum
880 1120 906 1160 et
924 1110 1132 1176 deprimendum
1155 1124 1215 1170 eos,
1238 1123 1267 1160 ac

731 1181 816 1248 gloria
835 1197 933 1248 magna
948 1193 974 1233 et
991 1182 1137 1247 majestate,
1153 1190 1267 1248 propter

732 1253 819 1302 bonos
837 1253 869 1302 ad
893 1252 1088 1318 praemiandum
1116 1263 1143 1303 et
1160 1251 1267 1318 glorifi-

732 1322 847 1372 candum
875 1323 949 1389 ipsos
969 1332 1026 1372 :ut
1052 1321 1099 1388 qui
1118 1322 1148 1371 in
1179 1321 1269 1388 primo

732 1395 851 1446 adventu
865 1396 937 1447 venit
951 1404 982 1447 ut
995 1411 1089 1446 servus
1103 1411 1166 1446 cum
1186 1395 1267 1446 infir-

732 1467 825 1519 mitate
852 1477 878 1519 et
903 1469 1072 1534 humilitate3
1097 1469 1126 1519 in
1147 1468 1268 1520 secundo

732 1537 821 1589 veniat
839 1547 870 1588 ut
884 1538 1019 1589 Dominus
1033 1555 1095 1590 cum
1109 1538 1269 1589 fortitudine

732 1618 758 1659 et
771 1608 844 1675 regia
856 1609 1001 1674 majestate.
1023 1609 1101 1660 Unde
1117 1608 1246 1676 cyrillus
1260 1625 1269 1658 τ

732 1698 746 1726 a
762 1679 880 1729 Primam
893 1679 967 1729 enim
988 1679 1188 1746 apparitionem
1202 1694 1267 1745 pro-

732 1761 839 1802 secutus
879 1763 920 1803 est
950 1768 1012 1803 cum
1053 1751 1213 1804 infirmitate
1242 1761 1268 1803 et

732 1824 885 1876 humilitate
912 1834 1013 1888 nostra,
1046 1826 1094 1877 sed
1122 1826 1268 1877 secundam

733 1898 877 1950 celebrabit
891 1914 953 1950 cum
967 1899 1076 1965 propria
1091 1907 1225 1964 potestate
1243 1907 1269 1949 et

734 1968 878 2034 maiestate.
903 1988 917 2017 n
943 1968 994 2021 Ubi
1008 1980 1046 2020 =et
1079 1968 1265 2034 Gregorius:

734 2056 748 2085 a
765 2038 797 2089 In
810 2044 944 2104 potestate
966 2045 991 2090 et
1016 2039 1158 2103 maiestate
1182 2037 1265 2090 visuri

734 2120 797 2161 sunt
816 2125 898 2176 quem
917 2110 945 2160 in
977 2110 1130 2161 humilitate
1149 2109 1268 2176 positum

734 2180 826 2233 audire
841 2182 996 2242 noluerunt,
1017 2191 1048 2231 ut
1061 2181 1192 2232 virtutem
1211 2181 1266 2246 ejus

734 2261 809 2303 tanto
846 2263 910 2303 tunc
948 2252 1098 2303 districtius
1128 2252 1268 2311 sentiant,

735 2331 837 2388 quanto
863 2338 935 2373 nunc
964 2323 1093 2373 cervicem
1119 2323 1210 2374 cordis
1236 2323 1267 2374 ad

735 2392 792 2457 ejus
819 2391 977 2458 patientiam
1005 2407 1059 2442 non
1092 2391 1264 2443 inclinant.»

735 2465 788 2517 Ubi
804 2475 829 2516 et
843 2466 1073 2532 chrysostomus:
1086 2483 1101 2512 a
1111 2465 1138 2516 Si
1159 2465 1266 2532 quando

735 2552 780 2588 rex
806 2548 928 2587 terrenus
950 2551 1107 2602 processum
1130 2536 1266 2604 aliquem,

734 2618 780 2660 aut
794 2608 991 2675 expeditionem
1004 2608 1116 2658 mandat
1129 2608 1159 2658 in
1178 2624 1264 2675 popu-

733 2684 769 2741 lo,
792 2682 934 2747 dignitates
958 2696 1054 2732 omnes
1076 2692 1229 2741 moventur,
1243 2690 1268 2732 et

734 2755 866 2806 exercitus
888 2754 1029 2815 excitatur,
1045 2762 1157 2821 totaque
1172 2753 1265 2805 civitas

734 2822 832 2888 fervet3
848 2835 948 2891 quanto
971 2823 1057 2890 magis
1075 2823 1150 2890 Rege
1168 2823 1267 2875 coelesti

734 2906 894 2962 exsurgente
917 2895 1034 2960 judicare
1051 2894 1129 2946 vivos
1154 2905 1182 2946 et
1202 2908 1269 2946 mor·

735 2975 805 3030 tuos,
830 2965 949 3017 Virtutes
969 2964 1096 3031 angelicae
1115 2980 1267 3017 commove-

735 3037 846 3097 buntur,
868 3036 1002 3088 terribiles
1034 3035 1166 3099 ministri,
1191 3035 1268 3088 terri·

735 3107 860 3158 biliorem
892 3107 1040 3159 Dominum
1072 3105 1266 3173 precedentes!

735 3181 805 3230 Ante
819 3179 909 3244 ipsum
924 3193 971 3244 pro
990 3176 1160 3228 candelabris
1175 3176 1268 3243 fulgu-

736 3266 765 3302 ra
788 3250 848 3301 viva
872 3247 1030 3316 praecedent,
1055 3258 1081 3299 et
1116 3264 1166 3315 pro
1196 3247 1269 3299 tubis

736 3319 870 3371 horrenda
912 3319 1030 3371 tonitrua
1068 3318 1265 3371 vociferabunt.

737 3392 831 3453 Qualis
845 3407 901 3453 rex,
920 3392 983 3443 talis
999 3402 1039 3444 est
1055 3391 1214 3459 preparatio
1228 3406 1270 3443 re·

736 3464 779 3531 gis
799 3481 806 3515 ι
828 3463 915 3514 nhaec
937 3463 1158 3528 chrysostomus.
1183 3462 1270 3515 Filius

737 3549 800 3601 ergo
814 3533 937 3585 hominis
952 3532 980 3583 in
1000 3533 1102 3600 judicio
1122 3532 1270 3600 apparebit,

736 3608 802 3674 quia
829 3608 944 3674 dignum
967 3617 1009 3658 est
1035 3616 1067 3658 ut
1094 3607 1153 3674 ipse
1184 3606 1269 3659 Filius

736 3677 796 3738 Dei,
817 3678 864 3744 qui
882 3678 1012 3730 informa
1031 3677 1157 3730 hominis
1170 3677 1269 3745 injuste

736 3747 868 3813 judicatus
887 3758 936 3811 est,
952 3749 981 3798 in
996 3749 1089 3799 eadem
1111 3748 1201 3801 forma
1215 3748 1269 3800 ho·

736 3819 819 3871 minis
831 3819 971 3885 injudicio
985 3819 1054 3884 juste
1065 3820 1175 3885 iudicet.
1190 3820 1225 3873 Et
1239 3820 1267 3873 in

736 3904 814 3942 carne
851 3890 909 3956 ejus
939 3889 1102 3943 videbuntur
1133 3890 1271 3944 cioauicee
