2632 4312
152 225 188 289 48

150 341 229 392 debet
242 354 335 390 servus
351 347 520 389 contemnere
547 355 616 406 quos
633 339 685 390 Do

151 412 241 462 minus
256 420 360 461 tantum
379 409 481 471 dilexit,
496 410 542 461 sed
563 411 685 477 exemplo

150 502 209 552 ejus
235 499 345 534 omnem
373 498 464 534 curam
490 493 520 534 ut
548 486 684 535 salventur

150 559 288 617 adhibere,
299 573 347 623 pro
363 557 463 623 quibus
476 558 611 610 salvandis
625 559 683 608 Do-

151 634 244 685 minus
262 636 343 683 venit.
361 631 396 682 Et
417 633 473 683 haec
495 633 562 683 ratio
574 648 622 684 seu
635 649 683 682 co-

151 705 252 770 gitatio,
275 701 422 754 secundum
449 704 681 772 Chrysostomm,

150 775 235 841 major
248 786 287 824 est
304 774 399 840 priore.
412 775 498 826 Grave
514 785 554 825 est
567 786 683 826 contem·

151 861 213 896 nere
234 861 315 911 quem
339 846 410 896 Deus
439 847 554 896 honorat
580 847 682 911 Angelo

150 917 271 981 custode3
290 918 335 966 sed
356 915 471 982 gravius,
488 926 597 982 propter
606 918 681 981 cujus

149 990 262 1039 salutern
285 987 333 1038 Dei
352 988 438 1038 Filius
460 987 547 1038 voluit
561 987 589 1038 in
605 1004 682 1037 mun·

149 1062 215 1110 dum
227 1059 326 1110 venire.

180 1130 252 1196 7Da
279 1131 446 1180 Auoaronuu
466 1145 604 1180 cusronuu
635 1146 680 1180 ur-

148 1216 278 1252 rusrsnro.
300 1228 331 1237 -
351 1200 390 1249 De
410 1201 538 1265 praedicto
560 1202 682 1266 Angelo-

148 1288 208 1322 rum
237 1269 388 1320 ministerio
410 1270 447 1320 sic
474 1271 539 1322 dicit
560 1273 681 1322 Bernar-

147 1342 198 1393 dus
212 1361 221 1392 :
237 1341 364 1391 «Fidelis
391 1343 608 1409 paranymphus,
633 1341 680 1408 qui

148 1413 234 1464 mutui
264 1411 364 1462 amoris
386 1415 519 1474 conscius,
548 1416 595 1465 sed
623 1430 679 1464 non

147 1485 264 1542 invidus,
280 1500 336 1534 non
355 1499 431 1534 suam
452 1485 563 1551 quaerit,
574 1486 619 1535 sed
630 1486 681 1535 Do-

147 1556 213 1606 mini
228 1555 350 1622 gloriam.
370 1555 502 1607 Discurrit
519 1557 625 1607 medius
640 1556 681 1605 in-

147 1637 186 1676 ter
200 1627 327 1675 dilectum
351 1635 377 1676 et
390 1626 514 1677 dilectam
535 1636 597 1677 vota
610 1626 651 1677 off
665 1655 679 1664 -

146 1712 218 1761 rens,
239 1695 355 1747 referens
370 1697 454 1763 dona3
473 1698 569 1749 excitat
590 1698 678 1759 istam,

147 1771 231 1835 placat
246 1769 333 1821 illum.
349 1771 485 1821 Interdum
511 1787 629 1838 quoque,
650 1771 679 1821 li-

144 1851 185 1892 cet
211 1856 280 1902 raro,
305 1851 476 1907 representat
503 1858 549 1894 eos
580 1843 679 1908 pariter

143 1912 210 1977 sibi;
242 1913 297 1963 sive
322 1913 390 1963 hanc
415 1914 532 1979 rapiens,
558 1915 614 1965 sive
643 1915 678 1964 il-

144 1985 201 2034 lum
224 1984 366 2033 adducens.
390 1983 531 2049 Siquidem
549 1986 679 2035 domesti-

145 2071 192 2106 cus
204 2065 244 2106 est
260 2065 286 2104 et
301 2066 382 2105 notus
401 2055 429 2104 in
453 2057 560 2122 palatio,
572 2073 619 2108 nec
632 2073 679 2108 ve-

146 2139 219 2180 retur
237 2130 390 2193 repulsum,
415 2138 441 2178 et
460 2130 583 2195 quotidie
607 2131 680 2181 videt

146 2199 239 2250 faciem
252 2198 344 2248 Patris.
357 2218 370 2245 n
387 2198 463 2249 Unde
477 2210 504 2249 et
518 2203 679 2252 anselmus.-

146 2288 160 2316 «
186 2269 271 2318 Millia
299 2267 416 2318 millium
452 2271 485 2319 ad
522 2273 680 2336 complenda

147 2338 231 2389 Patris
270 2338 420 2389 ministeria
458 2341 537 2390 alacri
571 2342 680 2392 discur-

144 2423 176 2459 su
206 2408 305 2473 jugiter
343 2420 433 2459 meant
471 2409 542 2460 inter
581 2414 679 2463 coelum

144 2491 170 2531 et
188 2491 301 2541 terram,
330 2482 407 2547 quasi
438 2499 502 2550 apes
534 2486 680 2551 negotiosae

146 2553 216 2604 inter
239 2553 364 2604 'alvearia
397 2565 423 2604 et
446 2555 535 2617 flores,
564 2558 680 2609 suaviter

144 2623 319 2690 disponentes
347 2624 452 2688 omnia;
484 2629 599 2692 populus
636 2644 680 2679 ac-

144 2693 258 2753 cinctus,
278 2695 400 2745 nesciens
415 2697 513 2757 labem,
527 2698 570 2747 vel
584 2698 679 2750 inobe-

143 2763 252 2814 dientiae
280 2780 384 2814 moram
402 2782 409 2816 t
425 2785 438 2813 n
454 2767 512 2816 hoec
527 2768 678 2820 anselmus.

143 2833 225 2883 Vides
238 2850 320 2900 quam
342 2835 455 2886 fideliter
476 2837 574 2902 Angeli
595 2841 679 2891 nostri

144 2903 223 2953 nobis
250 2905 380 2966 serviunt,
411 2919 438 2957 et
461 2922 543 2974 quam
571 2909 678 2960 solliciti

141 2976 211 3026 circa
226 2993 276 3026 nos
297 2989 374 3044 sunt;
396 2980 469 3031 unde
487 2995 614 3045 magnam
640 2983 679 3034 eis

140 3049 316 3099 reverentiam
339 3051 478 3112 debemus,
508 3061 534 3102 et
559 3054 680 3118 quotidie

140 3134 187 3169 eos
201 3121 318 3182 laudare,
334 3138 363 3173 ac
376 3125 415 3174 eis
429 3124 579 3191 gratiarum
592 3127 679 3178 actio-

140 3206 188 3241 nes
203 3191 301 3242 referre
308 3207 316 3256 ;
336 3195 459 3262 nihilque
483 3196 612 3248 illicitum
637 3201 679 3251 vel

138 3271 215 3340 turpe
230 3261 258 3310 in
277 3278 370 3314 eorum
386 3267 544 3331 praesentia,
560 3269 608 3336 qui
627 3287 679 3321 no·

138 3329 241 3380 bracum
270 3345 342 3395 sunt,
373 3337 501 3402 cogitare,
528 3342 571 3390 vel
593 3342 678 3408 loqui,

134 3410 180 3450 aut
203 3404 315 3465 operari.
340 3406 381 3455 Ad
412 3407 472 3459 lraec
508 3427 561 3461 nos
587 3424 680 3464 monet

131 3469 297 3536 Bernartius,
318 3475 432 3528 dicens:
449 3497 464 3525 ι(
483 3482 609 3551 Angelis
623 3484 680 3535 suis

128 3543 266 3622 mandavit
282 3547 315 3596 de
329 3554 361 3611 te,
378 3557 407 3601 ut
424 3558 598 3611 custodiant
612 3564 639 3609 te
654 3559 680 3609 in

125 3613 244 3663 omnibus
257 3615 309 3666 vt't's
320 3620 381 3671 tuis,
397 3622 557 3682 Quantam
574 3628 625 3680 tibi
639 3630 682 3679 de.

123 3675 230 3731 bethoc
250 3686 357 3739 verbum
370 3703 576 3754 reverentiam
597 3699 683 3751 infer.

107 3760 164 3821 re,
189 3753 288 3828 ‚afferre
318 3760 520 3830 devotionem
562 3772 685 3825 conferre

116 3815 237 3872 nducram
260 3843 267 3875 :
290 3816 590 3914 reverentiam’pro
614 3859 686 3913 prae·

759 150 772 181 Ι

461 222 635 274 SECUNDAE
650 222 773 274 PARTlS
784 225 902 278 CAPUT
913 228 958 278 Vl.

737 341 836 403 sentia3
863 342 1050 404 devotionem,
1078 359 1126 409 pro
1152 343 1269 396 benevo-

737 413 833 477 lentia3
846 414 981 476 fiduciam,
990 433 1038 482 pro
1047 417 1175 468 custodia.
1187 419 1272 472 Caute

735 485 853 545 ambula,
876 487 926 538 tibi
954 488 1051 539 adsunt
1073 489 1179 554 Angeli,
1201 490 1276 541 sicut

735 553 775 606 eis
797 557 954 608 mandatum
973 570 1021 618 est,
1037 560 1063 609 in
1078 559 1198 609 omnibus
1220 561 1274 612 viis

736 624 798 674 tuis.
827 626 857 675 ln
881 628 978 692 quovis
1003 628 1160 689 diversorio,
1189 640 1216 680 et
1243 630 1277 680 in

734 697 831 764 quovis
842 701 950 766 angulo,
967 703 1069 768 Angelo
1083 713 1130 752 tuo
1146 718 1274 754 reveren-

734 770 799 821 tiam
808 771 920 836 habeto;
935 790 969 824 ne
982 776 1088 835 audeas,
1100 775 1146 825 illo
1156 792 1276 841 praesen·

734 851 769 903 te,
784 845 857 908 quod
874 844 979 896 vidente
1000 862 1053 908 me,
1078 862 1133 896 non
1148 847 1271 899 auderes.

735 915 806 974 Quid
829 917 962 968 retribues
981 918 1099 968 Domino
1116 935 1165 985 pro
1180 920 1272 970 omni-

735 985 786 1035 bus
804 1002 865 1051 quae
886 988 1011 1038 retribuit
1030 989 1097 1039 tibi?
1127 989 1271 1054 Siquidem

734 1056 759 1106 ei
776 1057 829 1107 soli
851 1059 935 1109 honor
956 1064 983 1110 et
1007 1058 1111 1124 gloria.
1139 1060 1229 1119 Quare
1245 1060 1268 1111 ei

734 1129 802 1180 soli?
818 1130 890 1191 Quia
913 1132 970 1197 ipse
987 1131 1131 1191 mandavit,
1147 1143 1174 1182 et
1188 1149 1268 1185 omne

733 1200 825 1250 datum
855 1201 989 1267 optimum
1016 1218 1071 1252 non
1097 1202 1149 1252 nisi
1170 1203 1268 1254 abillo

733 1279 787 1333 est3
808 1282 993 1322 verumtamen
1017 1272 1066 1322 etsi
1092 1271 1137 1322 ille
1158 1275 1267 1324 manda-

732 1341 780 1402 vit,
797 1341 863 1406 ipsis
881 1358 999 1409 quoque,
1023 1343 1071 1409 qui
1094 1343 1118 1392 ei
1143 1358 1176 1393 ex
1197 1354 1268 1394 tanta
1308 1364 1310 1375 ·

732 1413 840 1464 caritate
862 1414 993 1464 obediunt
1013 1424 1039 1464 et
1064 1414 1143 1465 nobis
1168 1417 1267 1467 subve·
1307 1412 1310 1435 ²

732 1483 813 1534 niunt
832 1484 861 1535 in
882 1494 953 1534 tanta
968 1485 1130 1545 necessitate,
1148 1485 1267 1551 ingratos
1307 1482 1310 1513 ⁵

731 1571 858 1606 essenon
876 1555 947 1606 licet.
971 1557 1062 1606 Simus
1088 1571 1151 1622 ergo
1167 1556 1267 1622 devoti,

731 1627 817 1677 simus
835 1627 902 1693 grati
928 1627 1010 1677 tantis
1031 1627 1208 1692 custodibus;
1224 1645 1268 1681 re·

731 1696 877 1747 clamemus
899 1711 945 1747 eos
965 1707 1097 1762 quantum
1112 1713 1268 1761 possumus,

731 1777 861 1834 quantum
894 1768 1024 1818 debemus
1048 1785 1055 1818 ι
1078 1788 1092 1815 »
1116 1769 1174 1818 haec
1195 1771 1267 1820 Ber-

731 1839 843 1889 nardtu.
865 1838 897 1888 Et
915 1839 986 1899 ideo,
1002 1854 1063 1888 curn
1087 1839 1161 1888 omni
1181 1851 1267 1891 atten-

730 1909 803 1960 tione
814 1925 917 1960 necnon
934 1920 960 1960 et
975 1910 1128 1969 devotione,
1142 1909 1268 1963 distincte

731 1993 757 2032 et
769 1981 890 2032 alacriter
905 1981 1023 2032 officium
1044 1983 1169 2032 divinum
1184 1984 1269 2035 exsol-

730 2068 789 2115 vas3
809 2062 835 2102 et
849 2052 878 2101 in
896 2052 1034 2112 omnibus,
1054 2053 1154 2103 seilicet
1170 2069 1177 2102 :
1192 2054 1270 2120 cogi·

731 2126 812 2177 tando
835 2136 861 2175 et
875 2125 956 2175 verba
967 2125 1135 2191 proferendo,
1150 2126 1269 2178 videndo

731 2208 757 2249 et
783 2197 933 2258 audiendo,
957 2199 1053 2249 stando
1082 2209 1108 2249 et
1132 2199 1266 2259 sedendo,

731 2269 1268 2335 supplicandoetveniamsumendo;nec

732 2342 823 2392 nonin
835 2340 895 2391 aliis
905 2341 1021 2406 singulis
1032 2341 1064 2390 ad
1073 2341 1232 2391 interiorem
1242 2352 1268 2393 et

731 2414 890 2465 exteriorem
904 2414 1045 2464 hominem
1060 2413 1087 2462 in
1103 2414 1156 2463 hoc
1176 2413 1267 2464 officio

732 2485 922 2551 spectantibus,
945 2485 984 2534 sic
1003 2495 1151 2534 reverenter
1169 2492 1195 2534 et
1211 2485 1266 2535 hu-

732 2556 832 2607 militer
852 2568 878 2607 te
899 2555 1008 2615 habeas,
1034 2554 1111 2621 quasi
1126 2555 1215 2604 Deum
1237 2571 1266 2606 ac

733 2627 837 2678 beatam
855 2626 996 2692 Virginem
1011 2635 1037 2675 et
1056 2640 1152 2675 omnes
1172 2626 1267 2691 Ange-

732 2700 772 2749 los
794 2709 820 2748 et
842 2700 953 2748 Sanctos
971 2696 1155 2761 corporalibus
1180 2696 1269 2746 oculis

731 2787 822 2822 coram
846 2782 872 2821 te
899 2770 998 2829 videas,
1024 2769 1170 2834 recogitans
1192 2769 1268 2834 quod

731 2842 789 2892 sine
807 2841 891 2891 dubio
913 2850 1058 2906 praesentes
1079 2849 1144 2890 sunt
1168 2839 1268 2907 Angeli

731 2914 826 2972 sancti,
848 2913 877 2963 in
899 2927 1016 2978 quorum
1036 2921 1178 2977 conspectu
1191 2913 1268 2977 psal-

713 2984 765 3037 'lis
794 2988 850 3036 Deo
882 2984 919 3035 ibi
951 2995 977 3035 et
1001 2984 1103 3050 ubique
1130 2983 1267 3048 praesenti.

732 3060 809 3112 Unde
840 3058 956 3125 qualiter
975 3056 1059 3107 homo
1086 3055 1116 3106 in
1145 3056 1268 3108 oratione

730 3131 816 3198 possit
838 3129 1018 3181 intentionem
1052 3143 1130 3178 suam
1157 3129 1267 3180 recolli·

730 3218 802 3270 gere,
811 3203 889 3252 docet
898 3200 1030 3260 Basilius,
1044 3198 1155 3249 dicens:
1171 3200 1266 3260 «Quo

731 3273 813 3323 modo
834 3288 890 3327 non
913 3268 1048 3320 obtinebit
1072 3269 1145 3334 quis,
1174 3279 1205 3319 ut
1235 3269 1265 3319 in

731 3343 851 3394 oratione
865 3356 961 3392 sensus
977 3341 1034 3405 ejus
1047 3355 1102 3388 non
1114 3350 1236 3405 vagetur,
1243 3340 1267 3391 si

731 3425 817 3467 certus
834 3412 869 3463 sit
883 3411 1005 3462 assistere
1025 3419 1086 3461 ante
1100 3410 1194 3460 oculos
1209 3411 1268 3461 Do-

732 3483 816 3536 mini?
830 3481 967 3547 Recogitet
976 3495 1039 3546 ergo
1050 3479 1133 3531 homo
1146 3494 1176 3530 se
1185 3488 1267 3541 stare,

732 3572 780 3608 seu
792 3568 908 3621 pronum
920 3552 1003 3617 jacere
1015 3558 1076 3601 ante
1090 3561 1266 3617 conspectum

733 3627 791 3687 Dei,
805 3634 830 3675 et
851 3638 943 3674 secum
964 3621 1049 3688 loqui,
1063 3629 1090 3671 et
1103 3619 1266 3686 juvabitur·

733 3695 871 3764 vagatione
892 3692 997 3743 mentis.
1017 3691 1095 3743 Unde
1112 3689 1264 3742 Jeremias:

735 3765 889 3820 Recordare
901 3763 971 3830 quod
986 3762 1103 3813 steterim
1112 3761 1140 3812 in
1151 3774 1265 3827 conspe·

736 3830 1264 3902 mmmmwmme
