2632 4320
141 281 194 346 284

141 395 192 445 cati
205 394 389 455 hereditatem,
400 393 502 445 scilicet
511 393 544 444 ad
555 408 669 460 regnum

140 469 277 519 coelorum.
291 468 444 519 Secundum
462 468 668 534 Hieronymum,

140 555 236 591 omnes
260 539 408 592 Christiani
433 539 528 592 fratres
544 548 671 590 vocantur

142 613 292 678 specialiter
298 629 306 678 3
322 623 348 664 et
370 629 465 664 omnes
484 613 620 673 homines,
637 628 669 663 ex

141 699 196 734 uno
220 684 296 734 Patre
316 686 372 735 Deo
394 684 460 746 nati,
480 682 669 734 communiter.

143 757 202 806 Non
214 758 303 807 solum
319 768 409 809 autern
421 757 556 808 Dominus
567 756 670 823 prima·

141 838 185 879 tus
196 844 293 894 cupere
308 830 443 896 prohibet,
465 829 511 879 sed
522 829 555 879 ad
569 838 671 879 contra·

141 898 213 948 rium
224 900 374 952 auditorem
388 900 503 960 inducit,
520 899 591 949 unde
599 907 629 947 ut
641 899 669 948 in

140 985 260 1021 amorem
275 971 437 1022 humilitatis
456 970 605 1036 discipulos
616 970 669 1020 du-

140 1051 190 1102 cat,
205 1043 349 1093 ostendens
367 1042 482 1093 sormam
497 1040 668 1102 humilitatis,

142 1113 301 1180 subjungit:
316 1114 370 1176 Qui
383 1115 471 1181 major·
486 1121 526 1165 est
543 1119 668 1176 vestrum,

142 1183 184 1233 vel
205 1185 303 1235 merito
325 1185 483 1250 sanctitatis,
505 1186 548 1236 vel
582 1184 669 1236 officio

141 1255 294 1321 dignitatis,
315 1257 368 1306 erit
385 1266 412 1306 et
431 1256 466 1307 sit
490 1258 611 1308 minister
630 1271 671 1308 ve·

142 1332 206 1388 ster,
217 1337 243 1377 et
256 1328 323 1378 alios
332 1329 476 1394 praeveniat
486 1329 670 1395 obsequendo,

142 1413 197 1447 non
208 1399 322 1463 superbe
335 1400 511 1461 dominando,
521 1409 628 1465 paratus
637 1401 670 1449 ad

145 1468 234 1520 officia
261 1471 432 1532 humilitatis,
456 1473 603 1523 secundum
621 1472 671 1522 de·

141 1540 256 1590 centiam
277 1543 319 1592 sui
340 1553 425 1594 status
432 1559 439 1606 ;
465 1545 536 1594 unde
559 1553 586 1594 et
602 1543 671 1609 Papa

141 1620 219 1660 vocat
231 1627 259 1662 se
274 1628 381 1664 servum
397 1631 536 1666 servorum
549 1614 606 1665 Dei.
616 1615 671 1666 Be-

142 1695 176 1731 ne
196 1682 337 1747 agentibus
352 1700 406 1750 'per
432 1686 614 1736 humilitatem
636 1684 672 1734 sit

141 1753 245 1833 socius,
274 1765 366 1806 contra
400 1757 586 1824 delinquentes
614 1757 671 1808 zelo

140 1833 251 1887 Justrtiae
268 1824 303 1876 sit
328 1835 439 1878 erectus.
458 1828 513 1890 Qui
527 1834 615 1879 autem
642 1841 672 1879 se

143 1895 317 1959 exaltaverit,
339 1898 369 1949 in
391 1900 517 1964 praesenti
546 1915 593 1967 per
613 1900 671 1952 ela-

390 279 565 331 SECUNDAE
584 278 710 329 PARTIS
726 279 845 331 CAPUT
862 280 991 333 XXXVll.

723 393 825 446 tionem
845 405 871 446 et
893 397 1082 463 arrogantiam,
1099 398 1255 450 humiliati-

725 470 779 527 tur,
797 466 836 517 -in
864 465 956 517 futuro
981 482 1029 533 per
1052 468 1255 521 damnationem

724 547 750 588 et
770 554 893 605 paenam,
908 545 935 590 et
953 541 999 606 qui
1015 554 1044 592 se
1060 541 1251 607 humiliaverit,

725 608 754 659 in
771 613 904 675 prtesenti,
921 626 984 675 non
1000 612 1124 677 nequiter
1146 613 1194 663 sed
1207 628 1257 665 ve-

724 681 827 743 raciter,
849 682 1027 744 exaltabitur,
1050 682 1079 733 in
1094 682 1186 733 futura
1204 684 1258 750 glo-

724 754 764 804 ria
778 753 946 806 mirabiliter.
964 755 998 806 Et
1016 756 1166 806 notandum
1181 757 1255 822 quod

724 835 833 892 propter
855 825 988 893 triplicem
1011 827 1124 892 gradum
1147 822 1259 880 humili·

724 898 788 949 tatis
810 898 862 949 hoc
888 898 1000 950 verbum
1026 907 1067 948 ter
1089 899 1204 965 ponitur
1228 899 1257 951 in

726 971 880 1038 Evangelio,
896 971 997 1023 scilicet
1014 987 1021 1021 t
1036 987 1129 1038 supra,
1139 973 1190 1023 ubi
1202 988 1259 1024 mo-

725 1052 770 1094 net
782 1053 812 1092 ut
821 1041 927 1092 invitati
941 1041 1101 1092 recumbant
1112 1043 1141 1092 in
1157 1043 1256 1095 novis·

724 1114 794 1165 simo
815 1114 889 1177 loco;
904 1122 930 1163 et
941 1113 1049 1173 iterum,
1065 1113 1100 1163 de
1120 1113 1258 1166 Pharisaeo

723 1195 749 1236 et
767 1184 913 1234 Publicano
927 1183 1067 1235 orantibus
1080 1183 1109 1234 in
1133 1186 1257 1251 templo;

724 1266 750 1306 et
763 1254 842 1305 tertio
857 1254 885 1304 in
901 1255 952 1304 hoc
964 1255 1037 1305 loco.
1057 1255 1106 1306 Est
1115 1254 1193 1305 enim
1204 1255 1258 1306 tri·

722 1329 783 1393 plex
813 1327 968 1389 humilitas,
1001 1327 1103 1378 scilicet
1125 1345 1132 1377 :
1153 1328 1258 1391 cordis,

722 1399 812 1466 operis
831 1409 857 1450 et
879 1399 944 1461 oris,
957 1415 1039 1466 quarn
1058 1399 1109 1449 tria
1133 1400 1260 1450 nutriunt

723 1481 750 1521 et
761 1465 762 1469 ’
773 1468 929 1521 custodiunt
943 1487 950 1520 ι
964 1469 1091 1535 primam,
1112 1470 1258 1522 assiduitas

723 1541 850 1592 cordialis
875 1541 1068 1604 subjectionis,
1087 1555 1172 1608 quam
1201 1556 1257 1592 non

724 1613 821 1664 habuit
843 1611 965 1675 Lucifer;
988 1612 1146 1673 secundam,
1164 1611 1256 1662 consi·

700 1736 705 1743 ,
723 1683 826 1735 deratio
842 1682 956 1749 propriae
975 1681 1148 1749 fragilitatis,
1174 1695 1258 1749 quam

724 1772 780 1807 non
800 1756 895 1807 habuit
918 1755 1020 1820 Adam;
1043 1754 1163 1817 tertiam,
1177 1753 1258 1806 beni-

725 1830 812 1896 gnitas
825 1827 964 1887 orationis,
978 1843 1060 1895 quam
1072 1843 1130 1878 non
1146 1824 1258 1878 habebit

724 1899 916 1952 Antichristus.

631 2148 768 2200 ORATIO

171 2309 288 2361 Domine
309 2312 372 2363 Jesu
393 2313 500 2365 Christe
524 2313 577 2380 pie,
598 2315 672 2366 aufer
685 2330 701 2366 a
714 2331 758 2366 me
770 2313 904 2367 defectum
930 2314 1008 2365 bonae
1028 2313 1204 2380 operationis,
1225 2321 1255 2365 ut

141 2397 242 2433 merear
264 2385 332 2436 bona
357 2401 412 2436 non
431 2389 520 2438 solum
535 2389 629 2439 docere
643 2398 669 2440 et
685 2389 781 2453 dicere,
797 2389 844 2439 sed
865 2388 944 2440 etiam
971 2387 1058 2438 facere
1076 2397 1103 2438 et
1126 2385 1257 2452 operibus

141 2451 301 2520 adimplere;
317 2472 449 2509 removes
463 2474 506 2509 me
519 2459 699 2510 austeritatem
709 2474 738 2509 ac
747 2458 940 2520 crudelitatem,
957 2473 992 2508 ae
1003 2457 1116 2524 grandia
1127 2456 1256 2522 jubendo,

138 2534 165 2573 et
180 2525 284 2578 minora
298 2544 352 2579 non
369 2528 501 2591 faciendo,
515 2546 559 2581 me
567 2532 682 2582 relevare
693 2530 783 2581 videar
796 2540 823 2581 et
836 2530 904 2581 alios
918 2544 1036 2581 onerare.
1048 2528 1170 2580 Exclude
1183 2543 1200 2579 a
1213 2542 1257 2579 me

139 2597 254 2661 gloriam
268 2600 376 2652 inanem
391 2611 417 2652 et
428 2603 646 2664 ostentationem,
666 2619 700 2653 ne
719 2618 800 2669 opera
824 2618 884 2653 mea
902 2613 934 2654 ut
951 2604 984 2653 ab
994 2601 1153 2652 hominibus
1162 2600 1257 2652 videar

139 2667 250 2730 faciam,
262 2679 288 2720 et
299 2671 413 2736 gloriam
428 2674 575 2724 humanam
585 2675 614 2724 in
628 2673 668 2724 eis
680 2689 736 2724 non
753 2689 882 2740 quaeram.
899 2674 1002 2738 Elonga
1016 2671 1098 2723 etiarn
1111 2686 1127 2722 a
1143 2686 1189 2721 me
1201 2685 1257 2722 am·

140 2739 251 2791 bitionis
265 2750 291 2790 et
303 2741 390 2792 laudis
398 2743 530 2804 affectum,
546 2759 579 2794 ne
594 2743 679 2810 prima
693 2746 750 2794 loca
764 2753 791 2794 et
804 2743 979 2794 salutationes
987 2757 1092 2802 amem,
1112 2741 1156 2792 vel
1174 2739 1257 2806 magi·

139 2811 188 2860 stri
198 2827 306 2876 nomen,
316 2822 347 2862 ut
361 2829 405 2864 me
421 2814 459 2865 sic
474 2815 623 2868 humilians
635 2815 663 2866 in
678 2816 729 2866 hoc
744 2816 842 2877 seculo,
853 2830 957 2866 merear
968 2830 984 2866 a
996 2823 1022 2865 te
1043 2812 1154 2865 exaltari
1172 2811 1256 2865 iniu-

140 2898 209 2937 turo.
221 2887 317 2938 Amen.

614 3317 804 3442 w
