2632 4320
153 247 203 299 352

153 367 217 413 runt
233 361 361 411 veritates
384 375 401 410 a
418 360 490 426 filiis
508 360 651 411 hominum.
672 376 687 406 n

154 433 188 484 Et
209 432 276 482 bene
296 441 465 496 comparatur
485 445 559 480 mors
581 443 687 490 somno,

67 541 74 555 .
154 502 218 571 quia
237 518 252 551 a
272 512 359 552 morte
374 501 424 552 erit
441 501 473 551 ad
494 501 576 551 vitam
595 500 690 551 excita·

155 573 204 623 tio.
225 572 327 622 Deinde
349 572 460 636 ponitur
486 569 690 621 examinationis

156 644 289 710 judicium
310 644 378 695 circa
392 644 518 709 praedicta
536 657 616 708 opera
631 657 691 692 con-

158 714 357 780 templantium,
378 725 404 765 et
424 715 549 776 aliorum,
571 728 630 763 cum
653 711 691 761 di-

159 787 229 838 citur
248 787 369 838 :Media
390 794 479 838 autem
502 792 585 849 noete,
608 786 636 835 id
652 793 691 835 est

160 859 258 919 subito,
279 860 354 909 nullo
376 860 478 909 sciente
494 868 540 909 aut
559 866 690 923 sperante,

159 932 224 999 quia
244 932 312 982 sieut
331 931 374 981 fur
396 933 432 982 ita
450 932 507 982 dies
530 930 640 981 Domini
662 929 690 979 in

160 1014 236 1056 nocte
249 1003 347 1063 veniet,
364 1018 424 1052 cum
440 1002 512 1053 enim
526 1011 633 1067 tempus
649 1000 692 1065 ju·

160 1074 224 1125 dicii
245 1083 286 1124 est
306 1073 385 1123 nobis
402 1073 545 1131 occultum,
571 1072 631 1121 ideo
652 1069 692 1120 si-

160 1155 258 1212 gnatur
274 1160 320 1210 per
347 1144 463 1193 mediam
479 1152 600 1202 noctem,
628 1141 693 1207 quia

161 1217 207 1266 illa
227 1230 288 1281 quae
311 1214 380 1263 fiunt
402 1224 480 1264 nocte
499 1213 602 1276 media,
629 1221 693 1264 sunt

160 1284 321 1336 hominibus
334 1285 451 1347 occulta3
468 1284 555 1334 media
567 1298 631 1348 ergo
644 1296 693 1332 no-

160 1365 201 1410 ete
226 1357 327 1407 clamor
344 1355 442 1421 sactus
465 1362 514 1418 est,
539 1354 692 1405 tubantium

160 1430 344 1496 Angelorum,
373 1428 491 1478 excitans
521 1437 643 1476 mortuos
667 1435 694 1476 et

160 1513 309 1551 convocans
329 1499 362 1548 ad
381 1498 521 1562 judicium.
537 1498 561 1549 Ο
575 1506 694 1565 quantus

160 1570 270 1632 clamor,
280 1569 345 1636 quia
360 1585 415 1619 non
425 1569 476 1619 erit
485 1569 576 1619 anima
591 1568 628 1619 ita
642 1569 694 1618 alte

161 1641 189 1691 in
207 1639 283 1702 coelo,
299 1655 347 1689 nec
361 1639 397 1688 ita
413 1638 544 1704 profunde
562 1638 591 1689 in
607 1637 693 1689 infer-

161 1727 206 1772 no,
225 1727 274 1761 nec
287 1725 383 1775 corpus
404 1711 432 1760 in
453 1709 607 1775 sepulchro,
626 1709 694 1776 quin

161 1783 253 1835 audiat
274 1783 347 1832 hunc
370 1782 523 1841 clamorem,
543 1791 568 1831 et
590 1790 695 1831 contre-

161 1855 269 1908 miscat!
295 1855 336 1905 Ad
362 1855 490 1918 litteram,
512 1854 599 1904 media
620 1859 695 1904 nocte

162 1927 310 1979 secundum
334 1926 465 1991 quosdam
485 1924 532 1975 liet
553 1924 693 1990 judicium.

162 1999 221 2058 Qua
243 2013 306 2062 ergo
325 1996 393 2047 hora
408 1993 528 2062 Angelus
544 1995 694 2061 AEgyptum

161 2069 325 2130 devastavit,
352 2079 377 2118 et
398 2067 532 2118 Dominus
556 2066 693 2117 infernum

161 2143 296 2210 spoliavit,
320 2142 411 2192 eadem
435 2141 501 2191 hora
520 2143 617 2191 electos
631 2155 695 2190 suos

162 2217 266 2266 dehoc
290 2213 393 2263 mundo
414 2213 555 2276 liberabit;
583 2211 629 2262 sed
650 2227 694 2262 se-

162 2288 283 2338 cundum
300 2286 376 2349 alios,
395 2286 427 2334 de
445 2285 489 2334 die
506 2285 694 2341 celebrandum

162 2359 268 2418 dicitur,
285 2357 349 2424 quia
369 2371 426 2407 nox
440 2357 485 2407 illa
505 2357 575 2408 sieut
587 2357 645 2408 dies
659 2357 695 2407 t'I-

162 2431 345 2483 luminabitur.

194 2501 211 2553 6
226 2503 303 2553 Vruvn
312 2517 418 2552 rarrrro
431 2516 559 2552 vincutum
569 2516 658 2551 orauit
668 2516 696 2551 ru

161 2589 234 2626 vasis
248 2588 304 2624 suis
319 2588 371 2623 non
393 2588 554 2624 anasnrruu.
569 2601 600 2610 -
620 2571 697 2622 Tune

162 2650 344 2698 surrexerunt
366 2658 456 2694 omnes
480 2644 601 2710 virginer
629 2642 695 2706 illae,

162 2718 242 2770 fatuae
258 2726 284 2767 et
297 2716 450 2782 prudentes,
462 2715 526 2781 quia
540 2730 635 2766 omnes
649 2714 697 2765 sci·

163 2788 227 2838 licet
247 2787 312 2836 boni
330 2797 355 2836 et
376 2786 439 2835 mali
455 2795 604 2852 resurgent,
619 2795 649 2836 ut
668 2785 697 2834 in

161 2856 263 2922 judicio
291 2865 454 2922 appareant,
481 2862 508 2906 et
533 2862 698 2907 ornaverunt

165 2926 306 2991 lampades
326 2940 405 2988 ruas,
426 2926 452 2975 id
479 2935 519 2977 est
542 2935 698 2992 aptaverunt

164 2997 281 3049 rationes
305 3013 418 3062 operum
443 3013 556 3048 suorum
582 2998 698 3049 redden-

165 3068 224 3128 das,
239 3067 382 3132 cogitando
400 3077 426 3119 et
447 3069 614 3122 numerando
627 3068 697 3135 apud

166 3153 196 3190 se
214 3153 294 3204 opera
310 3153 367 3202 sua,
383 3155 432 3204 pro
447 3140 547 3205 quibus
561 3149 698 3206 exspecta-

166 3209 233 3261 bant
257 3209 521 3273 remunerationem;
548 3211 598 3261 iste
625 3209 698 3261 enim

167 3290 278 3333 ornatus
292 3295 348 3330 non
361 3288 406 3330 est'
419 3281 491 3331 aliud
509 3282 562 3332 nisi
575 3295 699 3333 recursus

168 3355 202 3407 ad
224 3364 351 3414 mentem,
375 3353 518 3418 cogitando
543 3354 576 3405 de
598 3352 700 3420 justitia

167 3441 281 3493 operum
303 3440 429 3485 suorum,
452 3435 479 3475 et
503 3425 624 3476 bonitate
645 3424 700 3475 clr-

169 3497 402 3559 cumstantiarum,
418 3513 448 3548 ac
467 3498 600 3548 reddenda
617 3496 700 3548 ratio-

169 3585 205 3621 ne
218 3586 311 3621 eorum
325 3587 332 3620 :
346 3570 397 3619 hoc
412 3569 485 3620 enim
500 3584 645 3620 commune
660 3577 701 3620 est

168 3641 251 3693 fatuis
265 3652 290 3692 et
305 3642 494 3708 prudentibus;
513 3641 558 3692 sed
578 3640 606 3691 in
621 3640 701 3692 fatuis

169 3721 210 3762 est
222 3726 289 3762 vana
300 3711 407 3772 fiducia,
423 3712 452 3761 in
466 3711 644 3775 prudentibus
660 3727 701 3763 ve·

169 3797 207 3833 ra.
235 3783 276 3833 nd
301 3783 439 3834 veritatem
464 3783 566 3849 quippe
592 3792 701 3835 ornatus

169 3851 302 3919 lampadis
316 3853 368 3906 tria
383 3854 536 3920 exiguntur,
553 3853 676 3906 videlicet
693 3870 700 3905 ε

409 244 585 296 SECUNDAE
604 242 730 294 PARTIS
756 242 875 295 CAPUT
889 245 1004 299 XLVIII.

742 358 848 410 claritas
870 360 951 422 vitri,
977 360 1005 410 in
1032 376 1087 426 quo
1111 359 1276 427 significatur

742 428 844 494 puritas
867 431 956 497 quoad
980 431 1099 497 seipsum
1106 448 1114 496 ;
1138 431 1275 496 plenitudo

743 499 805 560 olei,
822 499 851 549 in
872 517 927 567 quo
949 501 1133 552 misericordia
1156 501 1190 551 ad
1212 518 1275 568 pro-

743 571 864 635 ximum;
886 571 1066 623 inflammatio
1081 573 1163 639 ignis,
1181 573 1277 641 inquo

743 642 809 694 fides
823 659 884 694 cunr
898 645 1042 695 dilectione
1058 646 1090 695 ad
1105 646 1204 707 Deum,
1220 662 1277 712 quae

744 714 836 765 omnia
854 715 883 764 in
906 716 1083 781 prudentibus
1106 726 1180 780 sunt,
1202 727 1230 768 et
1250 717 1275 767 in

743 786 824 837 fatuis
845 787 982 837 deficiunt.
998 788 1050 837 Sed
1060 788 1155 853 satuoe
1175 802 1225 839 sua
1246 789 1276 838 fi-

744 858 822 909 ducia
848 859 963 925 deceptae
991 861 1158 925 rapientibus
1189 861 1276 912 dixe·

744 937 808 981 runt
826 949 835 982 .-
853 932 924 983 Date
949 932 1024 983 nobis
1045 933 1079 982 de
1098 933 1158 983 oleo
1179 939 1275 983 vestro.

745 1001 828 1060 Quasi
841 1001 959 1052 dicerent
974 1019 980 1052 :
995 1002 1103 1053 lustitia
1116 1011 1207 1054 vestra
1222 1002 1277 1054 suf-

745 1071 838 1122 ficiens
865 1082 906 1122 est
927 1089 976 1124 vos
1002 1072 1159 1139 glorificare,
1185 1084 1213 1124 et
1233 1089 1278 1125 nos

745 1156 885 1207 excusare3
907 1144 1040 1194 excusetis
1062 1159 1126 1210 ergo
1150 1159 1218 1205 nos,
1241 1146 1279 1195 vel

745 1212 837 1264 feratis
851 1214 1037 1264 testimonium
1053 1215 1086 1264 de
1098 1215 1230 1281 operibus
1239 1231 1279 1266 no

746 1284 808 1336 stris
829 1300 889 1351 quae
912 1287 1029 1347 vidistis,
1047 1286 1113 1352 quia
1135 1287 1278 1338 continen-

745 1366 785 1407 tes
805 1366 830 1407 et
850 1355 955 1421 fideles;
979 1358 1043 1423 quia
1065 1358 1210 1423 lampades
1232 1373 1277 1409 no·

746 1435 813 1480 stroe
832 1431 1059 1495 exstinguuntur,
1082 1430 1110 1479 id
1136 1440 1178 1481 est
1205 1445 1280 1497 opera

746 1512 836 1553 nostra
862 1518 921 1568 quae
948 1503 1108 1554 videbantur
1131 1504 1214 1555 nobis
1241 1504 1279 1555 Iu-

746 1590 813 1634 cere,
833 1583 859 1625 et
879 1575 947 1626 clara
969 1575 1128 1627 hominibus
1149 1576 1219 1628 foris
1233 1591 1277 1642 ap-

747 1660 855 1710 parere,
882 1646 909 1696 in
933 1646 1049 1695 adventu
1075 1645 1183 1697 Iudicis
1211 1646 1277 1696 lutus

746 1715 934 1778 obscurantur;
950 1715 1010 1766 oleo
1026 1715 1129 1766 etenim
1143 1731 1216 1768 verae
1230 1717 1278 1783 glo

746 1787 793 1838 riae
812 1796 838 1837 et
855 1787 1017 1838 intentionis
1036 1796 1115 1839 rectae
1132 1789 1276 1854 privantur.

746 1859 824 1919 Nam,
838 1859 985 1908 secundum
998 1860 1196 1924 Augustmum,
1212 1876 1276 1927 quo-

746 1946 808 1982 rum
827 1931 894 1981 lacta
914 1931 1001 1981 aliena
1019 1932 1097 1981 laude
1121 1930 1276 1991 fulciuntur,

747 2003 839 2053 eadem
853 2002 986 2052 subtracta
1001 2001 1139 2053 deficiunt.
1157 2005 1275 2069 Respon-

747 2068 844 2125 derunt
853 2073 1008 2137 prudenter,
1021 2073 1139 2125 dieentes
1152 2091 1162 2124 :
1174 2075 1219 2125 Ne
1223 2075 1276 2140 sor-

747 2152 773 2196 te
786 2159 837 2194 non
851 2144 967 2211 sufficiat
985 2144 1060 2194 nobis
1080 2151 1107 2195 et
1128 2145 1215 2196 vobis.
1229 2146 1274 2195 Ista

747 2215 840 2280 petitio
859 2227 927 2263 vana
946 2225 972 2264 et
992 2214 1135 2278 responsio
1160 2214 1273 2282 negativa

748 2286 856 2351 signant
875 2284 949 2350 quod
964 2284 1055 2333 nullus
1069 2294 1135 2334 tunc
1152 2285 1186 2335 ad
1200 2283 1273 2335 alium

748 2364 985 2423 quantumcunque
1004 2355 1106 2418 justum
1121 2354 1222 2420 poterit
1233 2367 1274 2420 pro

748 2424 848 2476 auxilio
863 2424 986 2474 habendo
1001 2439 1154 2488 accurrere;
1173 2439 1221 2475 nec
1231 2423 1274 2475 ali·

749 2498 811 2564 quis
825 2506 1064 2564 quantumcunque
1083 2497 1171 2562 justus
1188 2495 1274 2564 poterit

748 2571 832 2626 alium
845 2571 943 2636 juvare,
957 2570 1003 2620 sed
1017 2569 1062 2619 vix
1077 2569 1130 2620 sibi
1148 2571 1199 2622 soli
1213 2566 1274 2620 sulfi·

749 2643 786 2694 cit
805 2657 854 2693 sua
873 2641 983 2707 justitia.
999 2642 1076 2692 Unde
1090 2643 1273 2708 Augustinus:

751 2734 765 2764 a
779 2714 975 2781 Unusquisque
987 2730 1035 2779 pro
1044 2729 1073 2764 se
1082 2715 1216 2767 rationem
1227 2713 1274 2764 red·
1312 2732 1314 2745 ·

750 2787 810 2849 det;
824 2800 872 2836 nec
885 2785 973 2835 alieno
991 2785 1149 2836 testimonio
1169 2786 1274 2852 quisque

750 2854 919 2922 adjuvabitur
944 2855 1014 2919 apud
1036 2855 1142 2917 Deum,
1168 2857 1214 2907 sed
1238 2855 1273 2904 vix
1312 2886 1314 2891 -

750 2929 803 2980 sibi
821 2929 939 2995 quisque
951 2927 1060 2988 sufficit,
1074 2937 1106 2978 ut
1122 2930 1148 2980 ei
1162 2927 1273 2980 testimo·
1312 2956 1314 2961 ·

752 3000 830 3050 nium
852 2999 992 3065 perhibeat
1011 2998 1178 3051 conscientia
1200 3013 1273 3050 sua-¹
1312 2994 1314 2999 ’

753 3072 830 3123 Unde
843 3080 870 3121 et
886 3071 1074 3136 Hieronymus
1094 3087 1102 3120 :
1122 3087 1137 3116 a
1157 3070 1215 3120 Hoc
1229 3082 1272 3118 non

752 3143 785 3193 de
805 3139 924 3200 avaritia,
946 3141 992 3190 sed
1009 3141 1042 3190 de
1063 3139 1163 3191 timore
1183 3140 1272 3193 dicunt,

751 3215 815 3281 quia
829 3212 1017 3279 unusquisque
1030 3213 1064 3263 de
1077 3211 1208 3278 operibus
1227 3208 1273 3262 suis

752 3285 901 3336 mercedem
921 3283 1045 3348 accipiet;
1062 3297 1112 3333 nec
1129 3278 1272 3348 possuntin

752 3355 796 3407 die
822 3353 915 3420 judicii
940 3354 1054 3404 aliorum
1072 3353 1195 3415 virtutes,
1215 3352 1273 3404 alio·

747 3442 814 3478 ‚rum
826 3425 892 3476 vitia
907 3425 1054 3476 sublevare.
1070 3445 1083 3473 n
1098 3425 1141 3476 Ite
1154 3438 1222 3492 ergo
1231 3437 1273 3490 po·

753 3498 808 3549 tius
834 3498 1027 3549 adtendentes
1050 3503 1077 3548 et
1099 3496 1178 3548 emite
1196 3495 1273 3554 vote,

754 3571 830 3638 quasi
845 3570 971 3630 dicerent,
986 3569 1136 3621 secundum
1149 3565 1274 3637 Augusti·

753 3656 824 3705 num,
840 3641 943 3692 crimen
962 3656 1056 3691 eorum
1070 3653 1274 3692 commemoran-

754 3712 802 3772 do,
824 3711 963 3763 videamus
986 3727 1057 3762 nunc
1081 3709 1148 3778 quid
1166 3726 1214 3763 vos
1237 3707 1275 3761 ad·
1307 3775 1308 3778 Ἴ

755 3783 861 3848 juvent,
886 3782 932 3849 qui
954 3781 1033 3832 vobis
1055 3782 1149 3832 laudes
1175 3780 1276 3834 vendere

755 3863 960 3919 consueverunt,
973 3864 999 3904 et
1011 3867 1060 3904 vos
1073 3851 1103 3903 in
1118 3868 1235 3906 errorem
1246 3850 1276 3901 in·
