2632 4320
306 271 352 322 DE
373 269 567 323 PETITIONE
582 270 755 322 FILIORUM
777 270 944 323 ZEBEDAEI.

55 377 223 438 trabunteum
238 394 330 452 morte,
347 387 373 436 id
389 396 429 438 est
444 403 491 453 per
506 386 589 438 falsos

55 467 144 517 testes,
170 459 318 524 judicantes
341 473 404 508 eum
432 473 489 508 esse
512 473 589 507 reum

54 529 161 593 mortis,
186 530 262 580 nullo
276 530 343 595 juris
367 530 461 581 ordine
473 539 587 580 servam.

53 602 89 652 Et
108 602 175 668 quia
198 618 254 653 non
284 603 419 653 habebant
433 612 590 668 potestatem

57 672 249 733 interficiendi,
260 689 292 723 eo
305 674 378 738 quod
392 673 524 738 judicium
533 687 592 722 san·

56 745 148 810 guinis
174 755 245 795 esset
265 745 304 794 eis
328 745 446 794 ablatum
469 759 516 809 per
541 745 593 793 Ro·

57 831 161 877 manos,
175 816 222 883 qui
240 815 279 866 eis
293 815 509 874 dominabantur,
532 814 592 864 ideo

55 888 198 954 subjungit
211 905 218 938 :
233 888 273 939 Et
285 888 392 939 tradent
409 901 477 949 curn,
491 887 593 937 scilicet

56 958 193 1024 principes
204 968 230 1008 et
245 958 344 1009 Scribae
365 974 427 1008 cum
444 957 592 1008 accusatio-

59 1047 92 1082 ne
102 1031 236 1092 criminis,
245 1032 381 1093 Gentibus,
393 1031 494 1082 scilicet
507 1032 592 1081 Pilato

60 1103 179 1164 Praesidi,
190 1113 220 1154 et
240 1104 298 1153 suis
311 1103 445 1154 militibus
459 1102 593 1153 ministris

58 1175 255 1233 Romanorum,
270 1175 302 1223 ad
317 1173 508 1239 perficiendum
525 1172 592 1223 illud

58 1245 133 1311 quod
164 1244 217 1310 ipsi
247 1261 302 1294 non
327 1255 462 1310 poterant,
492 1243 593 1294 scilicet

59 1325 176 1365 mortem
196 1314 309 1366 Christi.
343 1316 376 1365 Et
405 1315 457 1381 ipsi
481 1315 593 1382 quidem

61 1384 320 1436 Gentilesilludent
330 1385 367 1446 ei,
382 1386 472 1436 verbis
486 1394 512 1436 et
526 1402 593 1436 con-

58 1456 192 1518 tumeliis3
217 1466 243 1506 et
266 1465 415 1522 conspuent
443 1471 515 1517 eum,
539 1456 593 1507 oris

54 1527 255 1591 immunditiis;
278 1538 304 1578 et
324 1528 496 1594 flagellabunt
520 1544 590 1589 eum,

56 1600 141 1667 virgis
162 1609 190 1650 et
210 1600 303 1663 nodis,
323 1611 349 1651 et
373 1599 495 1651 occident
520 1617 592 1662 eum,

54 1672 236 1741 crucifigendo
244 1674 326 1724 clavis
335 1674 437 1725 ferreis.
449 1675 547 1740 injuria
555 1676 595 1726 ni·

55 1746 109 1798 mia
122 1746 171 1796 ubi
182 1744 242 1796 falsi
253 1748 361 1797 tradunt
371 1747 518 1808 veritatem,
527 1747 593 1798 fatui

61 1818 182 1868 illudunt
201 1817 371 1883 sapientiam,
395 1818 433 1868 rei
459 1818 594 1884 flagellant

58 1887 249 1946 innocentiam,
266 1887 357 1938 miseri
371 1898 524 1954 conspuunt
534 1890 594 1954 glo-

58 1961 134 2023 riam,
149 1962 252 2013 mortui
271 1961 396 2012 occidunt
407 1962 500 2013 vitam.
517 1962 595 2012 Unde

59 2031 218 2083 Bernardus
232 2048 240 2082 :
255 2049 269 2077 u
287 2032 356 2092 Heu,
371 2030 464 2083 fratres
486 2031 594 2082 carissi·

60 2102 111 2154 mi!
139 2103 250 2153 libertas
279 2103 444 2168 captivorum
470 2103 592 2162 traditur,

60 2175 196 2240 speculum
207 2174 267 2224 sine
283 2175 387 2224 macula
401 2185 427 2226 et
442 2177 542 2226 candor
556 2176 594 2225 lu-

63 2245 99 2295 tis
123 2255 233 2295 aeternae
264 2245 430 2310 conspuitur,
459 2246 594 2297 Dominus

62 2317 183 2368 omnium
205 2316 353 2382 flagellatur
375 2328 401 2368 et
428 2318 481 2369 vita
500 2319 594 2369 homi-

62 2404 123 2439 num
146 2388 288 2439 occiditur.
305 2389 377 2449 Quid
391 2390 472 2440 instat
494 2391 548 2440 nisi
563 2401 594 2440 ut

63 2473 153 2509 omnes
179 2473 281 2516 eamus,
304 2471 407 2509 etcum
433 2475 465 2509 eo
491 2459 593 2510 moria-

64 2528 167 2581 murt»
197 2529 231 2581 Et
256 2529 354 2579 iterum
378 2547 385 2579 :
416 2549 429 2576 n
457 2531 593 2591 Traditur,

64 2608 188 2666 tanquam
201 2614 281 2662 reus;
297 2601 329 2649 ad
346 2600 525 2660 illudendum,
539 2611 595 2650 tan-

65 2685 141 2734 quam
186 2669 293 2734 fatuus3
322 2673 354 2721 ad
394 2671 594 2738 flagellandum,

66 2751 190 2808 tanquam
200 2741 263 2792 vilis
275 2757 282 2804 ;
297 2742 329 2792 ad
342 2742 527 2804 occidendum,
541 2753 597 2794 tan·

67 2826 143 2876 quam
169 2811 355 2877 praevaricator
377 2813 457 2878 Legis
479 2830 517 2863 :u
538 2814 596 2864 haec

66 2882 227 2933 Bernartius.
254 2882 366 2947 nrystice
389 2884 523 2934 Dominus
540 2896 597 2936 tra-

66 2950 133 3002 ditur
146 2967 162 3003 a
177 2951 343 3014 simoniacis,
361 2953 483 3004 illuditur
496 2955 530 3004 ab
543 2955 597 3020 hy·

66 3024 180 3088 pucritia,
193 3023 367 3090 flagellatura
385 3025 517 3091 tyrannis,
529 3041 597 3076 con-

10 3124 12 3133 ι
70 3094 174 3161 spuitur
186 3109 202 3145 a
216 3094 391 3160 blasphemis,
412 3095 543 3146 occiditur
564 3097 598 3147 ab

10 3140 13 3239 i
71 3162 206 3217 hereticis
218 3175 245 3214 et
259 3165 395 3230 apostatis.

10 3242 19 3317 l·
95 3253 114 3303 4
129 3239 301 3289 Puteurcrrun
315 3255 349 3288 er
366 3255 554 3290 assurrecno.
569 3264 600 3279 -—

10 3322 14 3387 'f
70 3308 100 3360 Et
112 3325 148 3360 ne
161 3309 296 3375 Apostoli,
322 3310 379 3374 eius
398 3319 484 3360 morte
500 3309 600 3370 audita,
631 3337 633 3341 ν

10 3406 12 3417 =
68 3379 276 3431 absorberentur
298 3395 352 3445 prae
369 3379 486 3440 tristitia,
501 3390 527 3430 et
541 3396 602 3430 con·

65 3450 241 3501 turbarentur
252 3464 320 3500 curn
345 3449 466 3501 viderent
480 3450 602 3500 morien-

67 3531 131 3584 tem,
147 3521 257 3575 nuntiat
271 3523 311 3573 eis
335 3538 413 3574 suam
427 3523 601 3574 resurrectio-

67 3606 146 3657 nem,
180 3595 215 3647 ad
253 3611 346 3646 eorum
374 3596 601 3657 consolationem,

66 3665 159 3719 dicens
186 3683 196 3717 t
224 3665 265 3717 Et
290 3667 373 3718 tertia
402 3666 445 3717 die
468 3672 601 3733 resurget.

63 3738 133 3791 Ecce
149 3748 259 3805 tempus
277 3746 303 3788 et
326 3737 411 3804 gloria
430 3738 603 3788 resurrectio-

65 3809 117 3873 nis,
148 3824 233 3877 quam
266 3808 387 3859 Passioni
415 3809 540 3867 annectit,
572 3819 604 3860 ut

61 3890 120 3935 tam
131 3883 185 3939 cita
197 3892 223 3936 et
239 3891 309 3934 certa
324 3882 482 3935 resurrectio
495 3883 605 3936 scanda-

1128 271 1175 323 163

642 385 699 436 lum
734 386 821 438 crucis
855 396 972 438 evacuet.
1000 388 1061 438 ldco
1092 388 1174 440 etiarn

644 457 734 507 Passio
751 466 777 506 et
790 459 948 509 resurrectio
966 460 1176 525 conjunguntur,

643 540 674 580 ut
685 530 714 579 in
731 529 856 580 Passione
872 541 967 581 natura
991 532 1177 594 humanitatis,

644 613 670 652 et
686 603 713 653 in
735 604 930 655 resurrectione
944 615 1038 655 natura
1049 605 1178 658 divinita-

643 674 679 723 tis
693 674 893 739 comprobetur.
905 676 946 734 Et,
962 685 992 725 ut
1004 675 1069 725 dicit
1078 678 1177 742 Augu-

644 744 731 795 stinus
757 761 766 795 .·
796 744 922 795 Passione
957 747 1084 807 ostendit,
1111 748 1176 813 quid

645 813 777 865 sustinere
791 830 840 879 pro
853 815 978 879 veritate3
1002 817 1180 868 resurrectio·

646 900 688 945 ne,
702 885 768 950 quid
782 900 888 950 sperare
904 885 932 934 in
948 885 1123 938 tribulatione
1134 888 1178 938 de-

645 953 765 1006 beamus.
786 957 902 1021 Sequere
925 971 988 1022 ergo
1010 967 1126 1008 nuncet
1146 968 1177 1009 tu

644 1042 706 1078 cum
738 1028 887 1094 discipulis,
913 1038 939 1078 et
960 1029 1060 1079 associa
1082 1030 1177 1080 Domi-

646 1114 713 1157 num
728 1108 805 1148 tuum
828 1099 860 1148 ad
876 1099 1054 1164 ignominiam
1071 1101 1177 1152 Passio·

645 1171 697 1231 nis,
712 1182 742 1222 ut
759 1173 868 1223 tandem
887 1173 1025 1239 pervenire
1049 1175 1176 1227 merearis

645 1245 678 1295 ad
709 1245 822 1311 gloriam
856 1247 1075 1311 resurrectionis3
1104 1248 1177 1314 quia,

646 1318 796 1366 secundum
830 1317 1001 1382 Apostolum,
1033 1319 1066 1369 Si
1092 1325 1178 1373 tamen

646 1388 833 1454 compatimur,
851 1395 879 1438 ut
895 1395 922 1439 et
935 1389 1178 1456 conglorificemur.

649 1458 775 1508 Praedixit
788 1474 852 1524 ergo
867 1458 905 1514 eis
929 1470 955 1510 et
972 1460 1109 1512 Passionis
1123 1476 1178 1511 sue

647 1544 765 1594 poenam,
779 1539 805 1579 et
827 1529 1030 1580 resurrectionis
1053 1532 1176 1598 gloriam,

647 1611 677 1652 ut
690 1617 752 1651 cum
762 1601 922 1650 morientem
934 1613 1083 1665 cernerent,
1098 1604 1179 1654 etiam

647 1681 861 1722 resurrecturum
891 1687 944 1720 non
968 1674 1130 1733 dubitarent,
1152 1684 1180 1723 et

640 1743 704 1807 -ejus
721 1740 944 1791 resurrectionem
960 1740 1111 1792 fiducialius
1128 1759 1179 1793 ex·

647 1821 803 1878 spectarent.
816 1814 855 1862 At
869 1810 922 1876 ipsi
939 1812 1006 1862 nihil
1026 1813 1119 1864 horum
1133 1814 1178 1864 irt-

648 1884 817 1947 tellexcrunt,
844 1884 946 1935 scilicet
977 1882 1119 1936 manifeste
1151 1896 1178 1936 et

646 1952 783 2020 perfecte:
799 1954 863 2019 quia
883 1954 970 2004 adhuc
994 1955 1074 2005 rudes
1104 1965 1179 2006 erant

646 2037 673 2077 et
686 2026 852 2091 imperfecti;
875 2027 949 2091 cujus
975 2028 1106 2078 rationem
1126 2027 1177 2078 tri-

645 2099 742 2164 plicem
751 2098 869 2164 assignat
879 2099 963 2161 Beda,
976 2098 1068 2150 dicens
1079 2117 1087 2151 ι
1100 2118 1114 2148 ι(
1130 2100 1179 2151 Di—

645 2169 742 2235 scipuli
764 2170 839 2235 cujus
856 2169 940 2220 vitam
962 2171 1079 2222 maxime
1103 2171 1178 2222 desi-

645 2240 782 2302 derabant,
796 2251 911 2290 mortem
935 2242 992 2306 ejus
1006 2242 1098 2293 audire
1123 2258 1177 2292 non

646 2321 779 2378 poterant;
793 2322 819 2362 et
835 2329 917 2378 quem
939 2329 994 2363 non
1016 2315 1104 2364 solum
1126 2315 1178 2364 ho-

647 2383 749 2433 minem
774 2383 954 2442 innocentem,
970 2384 1016 2434 sed
1039 2394 1066 2433 et
1086 2401 1179 2434 verum

646 2455 733 2504 Deum
748 2470 806 2504 esse
821 2454 951 2513 sciebant,
973 2456 1045 2504 hunc
1065 2455 1180 2506 nullate-

648 2543 699 2585 nus
724 2525 794 2594 mori
824 2527 864 2574 vel
880 2541 959 2590 posse
982 2525 1131 2590 putabant3
1154 2537 1181 2576 ct

647 2596 712 2662 quia
731 2611 777 2661 per
802 2596 941 2661 parabolas
968 2611 1031 2646 eum
1052 2611 1123 2662 saepe
1138 2598 1181 2646 lo-

647 2678 775 2735 quentem
790 2668 882 2718 audire
897 2679 1100 2728 consueverant,
1117 2686 1182 2736 qun·

648 2740 698 2791 ries
707 2739 810 2806 aliquid
825 2739 917 2790 desua
932 2740 1181 2798 Passionedicebat.

649 2812 700 2862 hoc
717 2827 771 2862 non
786 2811 824 2863 ita
838 2819 867 2860 ut
889 2812 999 2861 sonabat
1023 2811 1181 2878 intelligen-

649 2887 724 2944 dum,
742 2884 797 2944 sed,
812 2899 904 2933 amore
917 2883 1041 2944 dictante,
1063 2885 1181 2935 adalind

649 2957 715 3022 quid
756 2954 895 3020 allegorice
925 2955 1093 3005 referendum
1124 2971 1182 3007 esse

650 3026 810 3076 credebant:
829 3025 912 3075 nhaec
928 3026 1012 3076 Beda.

684 3095 800 3153 5Mons,
823 3110 912 3145 esssro
939 3111 973 3146 ur
999 3112 1182 3147 nssunnacrro

651 3181 857 3218 usurorosonuu.
870 3167 948 3218 -Et
963 3178 1025 3218 nota
1045 3169 1117 3234 quod
1132 3170 1183 3217 sic-

652 3248 684 3290 ut
706 3237 831 3288 Christus
853 3239 1001 3304 assumpsit
1028 3239 1182 3304 discipulos.

652 3321 679 3362 et
692 3309 769 3361 duxit
782 3325 828 3360 eos
848 3311 1029 3376 ierosolymis,
1044 3326 1073 3361 ac
1086 3321 1184 3360 secreta

654 3385 693 3435 eis
708 3383 850 3447 revelavit;
865 3383 903 3434 sic
914 3383 1089 3448 spiritualiter
1098 3382 1185 3432 adhuc

654 3454 768 3505 assumit
781 3453 928 3519 discipulos
949 3463 975 3503 ct
998 3452 1073 3502 ducit
1084 3453 1186 3502 leroso-

655 3527 746 3594 lymis,
759 3527 868 3593 quando
889 3536 966 3576 vocat
984 3525 1124 3575 hominem
1152 3525 1185 3574 ab

656 3613 747 3648 amore
767 3596 873 3657 mundi,
888 3605 914 3646 et
928 3595 1000 3645 ducit
1026 3595 1058 3644 ad
1082 3593 1187 3660 religio-

657 3684 729 3731 nem,
745 3667 773 3718 in
795 3683 849 3735 qua
871 3676 910 3716 est
924 3665 1030 3731 pacifica
1051 3680 1187 3716 conversa¹

655 3739 704 3802 tio,
717 3738 786 3788 sicut
792 3747 818 3787 et
830 3736 993 3801 ierosolyma
1002 3735 1189 3800 interpretatur

653 3808 780 3875 pacifica,
808 3808 836 3857 in
861 3821 915 3873 qua
944 3804 1074 3871 religione
1104 3808 1188 3856 multa

650 3889 756 3935 ‚secreta
771 3879 811 3930 eis
823 3878 931 3930 revelat.
947 3876 983 3928 Et
1001 3877 1047 3929 illa
1066 3879 1188 3945 quinque
