2632 4320
113 265 161 318 DE
178 264 312 317 PASCHA
327 266 372 316 ET
390 267 505 317 VARIIS
520 267 629 318 HUJUS
641 268 789 321 NOMINIS
803 274 1091 325 ACCEPTIONIBUS.
1127 274 1179 340 377

61 385 204 442 volumus,
228 381 374 447 adimplere
400 384 442 433 vel
463 383 491 432 in
515 381 592 443 facto,

61 457 104 508 vel
120 456 149 505 in
170 453 312 517 desiderio,
332 453 374 505 vel
394 453 423 503 in
442 454 595 505 ministerio

63 530 202 580 debemus.
226 528 294 577 Nam
316 525 385 577 sicut
406 527 471 577 dicit
492 528 595 579 Hiero·

63 615 164 668 aymus
187 617 195 651 :
219 618 232 646 n
253 599 364 664 Singula
389 613 419 649 ea
444 614 504 664 quae
526 599 596 650 circa

64 673 214 724 Dominum
234 672 263 721 in
286 671 411 722 Passione
430 682 504 738 gesta
522 683 595 732 sunt,

65 745 191 812 quamvis
213 743 295 794 Judaei
314 743 403 794 etalii
428 760 596 811 quaecunque

63 815 184 866 iecerunt
201 814 253 865 alia
269 824 357 865 mente
371 814 500 875 fecerunt,
516 816 596 866 nobis

62 901 152 940 tamen
166 888 338 939 credentibus
353 888 465 955 mystica
482 890 596 941 afferunt

62 971 240 1022 sacramenta3
251 959 290 1010 sic
298 960 379 1010 etiam
388 960 504 1024 Caiphas
513 976 596 1027 quan-

62 1032 96 1082 do
110 1030 180 1080 dixit
198 1048 204 1080 :
224 1030 348 1096 Expedit
371 1045 449 1080 uuum
466 1032 594 1083 hominem

63 1102 132 1153 mori
143 1116 197 1168 pro
212 1102 326 1167 populo,
343 1102 455 1152 nescivit
469 1103 535 1170 quid
550 1104 595 1154 di-

61 1182 140 1233 ceret,
154 1182 181 1224 et
201 1183 291 1223 tamen
313 1173 491 1239 prophetavit.
509 1175 595 1224 Simi-

61 1244 123 1294 liter
135 1254 176 1295 est
191 1244 223 1294 de
236 1243 350 1310 singulis
362 1245 444 1310 gestis
460 1245 595 1296 Passionis

60 1314 221 1379 Dominicae,
238 1330 298 1381 quae
320 1331 370 1366 nos
391 1316 523 1382 inspicere
547 1318 594 1368 de-

60 1387 167 1447 bemus,
187 1397 212 1436 et
228 1387 376 1437 secundum
402 1388 537 1452 exemplar
560 1388 594 1438 il·

60 1458 151 1508 lorum
166 1457 260 1507 facere.
275 1477 288 1504 u

88 1543 108 1593 4
122 1528 302 1577 Tnaoanriuu
314 1528 454 1578 Cumsruu
476 1545 593 1580 orvansu

59 1618 240 1652 vouunraras.
250 1631 281 1639 -
292 1602 358 1652 Cum
373 1603 462 1668 itaque
476 1617 594 1654 consum·

60 1679 161 1723 masset
175 1674 256 1723 Jesus
271 1687 405 1724 sermones
418 1689 514 1724 omnes
529 1690 593 1739 prae·

59 1743 155 1804 dictos,
171 1743 204 1792 de
222 1745 339 1794 secundo
360 1745 484 1804 adventu,
500 1745 547 1795 ubi
565 1761 593 1796 se

58 1824 205 1864 venturum
221 1814 253 1864 ad
273 1814 403 1880 iudicium
423 1815 452 1865 in
475 1815 593 1867 claritate

57 1884 197 1950 praedixit,
220 1895 416 1951 consequenter
438 1902 467 1936 se
496 1902 593 1951 passu-

58 1971 119 2005 rum
132 1955 260 2016 ostendit,
277 1967 308 2006 ut
322 1968 519 2007 sacramentum
537 1973 594 2006 cru·

57 2025 96 2077 cis
113 2027 266 2077 admixtum
280 2043 338 2079 esse
351 2029 443 2094 gloriae
459 2029 592 2079 aeternita-

58 2096 94 2147 tis
110 2097 264 2163 admoneat3
277 2099 355 2163 quasi
371 2099 418 2164 qui
431 2099 593 2164 compatitur

58 2167 202 2228 crucifixo,
227 2183 280 2217 non
305 2168 398 2218 timuit
425 2169 457 2218 de
482 2169 591 2233 judicio,

58 2237 204 2302 conjuncta
220 2237 295 2287 enim
309 2248 373 2288 sunt
386 2248 416 2288 ut
431 2254 508 2288 causa
522 2237 592 2289 fina-

58 2307 91 2357 lis
111 2318 138 2358 et
156 2308 275 2370 effectus,
291 2309 376 2373 gloria
392 2308 547 2359 aeternitatis
567 2320 593 2359 et

59 2378 190 2429 meritum
205 2378 351 2430 Passionis.
371 2381 433 2429 Post
448 2381 591 2431 adventum

46 2465 120 2516 ‚ergo
139 2449 285 2514 majestatis
302 2451 393 2501 subdit
407 2451 590 2501 humilitatem

59 2518 202 2579 Passionis,
215 2529 244 2569 ut
257 2535 365 2570 causam
377 2520 463 2583 illius;
480 2520 590 2570 Passio-

58 2591 102 2643 nis
116 2592 190 2642 enim
210 2591 328 2653 effectus,
345 2594 385 2644 vel
402 2608 481 2643 causa
493 2591 591 2654 finalis,

57 2672 96 2714 est
110 2663 197 2728 gloria
210 2663 377 2726 aeternitatis;
392 2664 464 2713 unde
480 2665 593 2729 Aposto-

56 2735 98 2786 lus
116 2751 124 2784 ε
142 2735 270 2785 Christus
285 2735 382 2800 sactus
405 2742 445 2786 est
468 2736 592 2787 obediens

57 2819 138 2871 usque
152 2805 190 2855 ad
203 2811 323 2869 mortem,
337 2812 452 2872 propter
473 2806 544 2871 quod
567 2813 594 2857 et

55 2877 131 2926 Deus
150 2876 286 2926 exaltavit
305 2876 389 2926 illum.
411 2876 509 2942 lncipit
527 2892 592 2943 ergo

58 2947 240 2998 narrationem
254 2949 288 2998 de
304 2948 402 2998 Pascha
419 2959 445 2998 et
463 2964 511 2999 sua
526 2950 591 2999 Pas-

57 3019 143 3078 sione,
156 3033 211 3084 qua
224 3018 350 3068 Christus
362 3019 420 3084 ipse
434 3019 533 3070 Pascha
548 3036 592 3069 no-

57 3099 144 3140 strum
169 3087 255 3138 fuerat
279 3088 472 3149 immolandus,
494 3100 520 3141 et
538 3105 592 3163 'ea-

58 3166 121 3216 dem
129 3165 183 3225 die,
194 3164 293 3216 scilicet
307 3164 373 3216 feria
386 3165 464 3216 tertia
479 3165 508 3215 in
523 3180 591 3222 sero,

57 3247 84 3286 et
106 3235 219 3296 ibidem,
236 3235 338 3287 scilicet
360 3236 389 3286 in
413 3247 505 3287 monte
529 3235 592 3286 Oli·

57 3308 126 3372 veti3
150 3308 226 3359 dixit
250 3324 313 3374 ergo
337 3309 477 3374 discipulis
501 3310 558 3359 suis
583 3325 591 3358 ,·

57 3379 142 3430 Scitis
160 3379 223 3445 quia
238 3385 304 3444 post
320 3379 435 3442 biduum,
453 3380 479 3428 id
494 3389 533 3430 est
549 3379 591 3428 fe-

57 3449 96 3500 ria
124 3449 220 3516 quinta
249 3449 282 3499 ad
305 3464 452 3515 vesperam.
482 3449 591 3501 Pascha

49 3523 114 3588 fiet,
139 3531 167 3572 et
186 3536 271 3588 agnus
297 3521 429 3586 paschalis
455 3522 590 3574 immolari

56 3593 147 3644 debet.
172 3592 206 3642 Et
224 3605 274 3657 ego
291 3591 454 3657 addo'quod
473 3592 590 3656 nescitis,

56 3664 158 3715 scilicet
171 3663 243 3729 quod
258 3671 322 3712 tunc
338 3662 418 3713 etiam
436 3663 527 3714 Filius
540 3665 590 3714 ho—

57 3734 147 3796 minis,
165 3733 250 3783 idest
267 3732 397 3798 Virginis,
418 3733 541 3783 tradetur
562 3740 591 3784 ut

58 3805 248 3872 crucifigatur,
261 3813 287 3853 et
297 3803 397 3854 Pascha
410 3802 487 3853 faciet
501 3815 589 3854 trans-

56 3876 158 3928 eundo.
171 3874 211 3924 Ex
224 3889 279 3940 quo
290 3883 371 3938 patet,
383 3874 456 3940 quod
470 3890 525 3923 non
540 3873 590 3924 fuit

648 401 681 436 ex
699 385 851 452 ignorantia
869 389 994 452 traditus;
1018 390 1063 440 sed
1080 406 1112 440 ex
1133 407 1181 442 sua
1233 419 1235 425 ·

648 457 814 521 praescientia
835 469 861 508 et
882 461 1024 511 voluntate.
1043 462 1113 511 Bene
1129 476 1179 512 au-

648 539 702 578 tem
716 529 779 580 dicit
794 544 801 581 t
817 532 907 582 Filius
923 533 1047 595 hominis,
1058 534 1131 600 quia,
1144 549 1181 584 se·

648 601 767 651 cundum
784 601 901 654 formam
920 604 1069 655 humanam
1089 614 1180 656 tentus

647 684 673 725 et
688 675 830 726 crucifixus
844 687 892 736 est,
907 692 960 727 non
976 679 1125 728 secundum
1141 678 1179 727 di·
1241 739 1243 743 Α

647 745 749 807 vinam,
769 745 797 796 in
820 762 874 813 qua
893 762 1000 813 semper
1019 748 1180 800 immortalis

648 825 698 877 est;
715 826 740 867 et
758 817 826 867 bene
840 817 1056 883 impersonaliter
1070 817 1180 882 posuit:

648 888 781 950 tradetur,
801 888 866 955 quia
882 904 938 938 uno
953 888 1106 939 traditionis
1126 904 1180 939 ver-

648 958 683 1006 bo
708 957 820 1009 diversae
842 960 991 1010 voluntates
1015 960 1180 1024 exprimun-

647 1038 700 1079 tur.
718 1031 787 1080 Nam
810 1031 883 1081 Deus
905 1032 980 1082 Pater
1002 1032 1111 1081 tradidit
1131 1032 1180 1082 Fi-

647 1099 715 1149 lium
737 1111 846 1166 propter
867 1101 1012 1161 caritatem,
1032 1111 1058 1151 et
1074 1102 1180 1166 generis

646 1168 760 1222 humani
773 1172 926 1232 utilitatem,
944 1187 958 1223 e
974 1182 1066 1222 contra
1079 1173 1180 1224 Judaeis

649 1244 745 1303 ludas,
767 1255 876 1310 propter
899 1245 1037 1296 avaritiam
1064 1255 1089 1296 et
1112 1245 1180 1295 lucri

647 1313 689 1363 sui
702 1314 890 1380 cupiditatem;
907 1316 981 1376 item,
991 1315 1108 1382 Spiritus
1117 1317 1181 1366 San·

647 1394 705 1436 ctus
724 1395 833 1452 propter
853 1403 929 1438 suam
946 1388 1148 1454 benignitatem,
1166 1403 1180 1438 e

648 1467 743 1508 contra
762 1459 846 1508 iudaei
873 1460 956 1510 Pilato
980 1469 1086 1526 propter
1110 1458 1182 1509 invi-

646 1527 718 1577 diam
734 1537 759 1577 et
778 1528 989 1592 malignitatem
1007 1530 1080 1587 item,
1093 1529 1180 1580 Filius

646 1599 775 1665 seipsum,
790 1610 820 1650 ut
840 1601 963 1666 impleret
982 1602 1179 1667 beneplacitum
1207 1638 1209 1645 ·

645 1669 780 1729 divinum,
796 1681 916 1721 econtra
932 1671 1035 1721 Pilatus
1051 1672 1133 1731 cruci,
1150 1682 1180 1722 ut

646 1741 807 1793 satisfaceret
830 1759 961 1808 perversae
981 1743 1113 1794 voluntati
1129 1744 1178 1794 Ju-

645 1812 779 1875 daeorum;
797 1813 871 1874 item,
884 1814 1005 1864 diabolus
1020 1824 1128 1880 propter
1143 1814 1179 1864 ti-

646 1901 759 1947 morem,
784 1901 817 1936 ne
841 1902 887 1952 per
907 1886 1007 1942 Christi
1026 1886 1176 1935 doctrinam

645 1964 671 2005 et
691 1956 818 2006 miracula
837 1958 993 2007 evelleretur
1015 1971 1099 2021 genus
1123 1956 1176 2005 hu-

645 2042 757 2077 manum
772 2028 805 2078 de
828 2043 910 2078 manu
932 2043 988 2088 sua,
1004 2043 1059 2077 non
1082 2027 1178 2076 adver-

645 2108 704 2148 tens
728 2097 792 2163 quia
820 2098 906 2163 magis
933 2110 987 2148 erat
1017 2113 1064 2163 per
1092 2096 1177 2162 ipsius

646 2177 760 2218 mortem
782 2168 959 2234 eripiendum,
986 2183 1067 2234 quarn
1093 2167 1178 2217 fuerat

645 2253 691 2303 per
703 2238 852 2289 doctrinam
866 2250 891 2289 et
905 2239 1033 2289 miracula
1046 2247 1176 2303 ereptum,

645 2310 711 2359 Ecce
725 2325 793 2375 opus
814 2326 966 2371 commune,
983 2311 1029 2360 sed
1051 2311 1178 2360 volunta-

643 2392 683 2432 tes
710 2382 821 2433 diversae
846 2384 937 2444 valde,
964 2399 1026 2448 ergo
1051 2383 1128 2432 Pater
1152 2390 1178 2430 et

643 2453 730 2502 Filius
744 2465 770 2502 et
784 2454 900 2518 Spiritus
916 2455 1027 2503 Sanctus
1052 2467 1106 2501 non
1128 2466 1177 2500 so-

645 2525 701 2573 lum
717 2523 835 2586 amandi,
854 2524 899 2572 sed
921 2522 1001 2572 etiam
1023 2521 1177 2586 glorifican-

644 2595 687 2658 di;
703 2596 784 2646 ludas
804 2606 894 2645 autem
913 2605 939 2644 et
953 2595 998 2644 alii
1012 2610 1066 2643 non
1088 2593 1177 2642 solum

644 2665 803 2724 detestandi,
820 2666 867 2715 sed
889 2665 968 2715 etiam
990 2661 1177 2714 contemnendi

645 2746 717 2796 sunt,
733 2735 797 2802 quia
820 2737 893 2802 quod
908 2737 984 2785 Pater
1004 2743 1029 2784 et
1047 2733 1130 2784 Filius
1152 2741 1178 2782 et

644 2808 761 2873 Spiritus
772 2811 883 2860 Sanctus
896 2809 975 2868 bona,
991 2807 1042 2857 hoc
1057 2806 1095 2856 illi
1108 2805 1178 2854 mala

644 2879 793 2930 intentione
806 2880 934 2929 fecerunt,
947 2877 1073 2928 Praedicit
1087 2887 1177 2927 autem

645 2949 785 3015 discipulis
809 2964 838 2999 se
863 2949 1034 3007 tradendum,
1059 2962 1178 3012 praemu-

646 3023 722 3073 niens
739 3039 785 3073 eos
809 3039 842 3072 ne
868 3024 942 3088 prius
967 3038 1049 3088 quam
1071 3021 1179 3071 audiant

645 3108 706 3159 quae
730 3104 858 3144 eventura
881 3093 999 3153 fuerant,
1024 3093 1114 3142 subito
1137 3090 1179 3140 vi-

645 3165 737 3214 dentes
755 3164 824 3214 tradi
838 3164 871 3214 ad
886 3179 993 3214 crucem
1007 3162 1177 3227 Magistrum,

644 3235 843 3300 obstupescant.

677 3304 697 3363 5Ι
706 3306 766 3355 Vox
784 3306 886 3355 Pascua
902 3318 1084 3354 uuarrrnnrnu
1100 3315 1174 3350 accr-

644 3391 731 3427 rrrun.
751 3405 783 3413 -
804 3377 837 3427 Et
855 3375 918 3442 quia
940 3377 991 3425 hoc
1012 3387 1110 3423 nomen
1126 3373 1177 3421 Pa·

644 3446 709 3496 scha
733 3446 762 3496 in
790 3445 903 3496 diversis
932 3445 997 3494 locis
1028 3441 1178 3507 reperitur,

644 3529 670 3568 et
683 3518 788 3570 diversa
800 3535 847 3585 per
864 3519 952 3584 ipsum
969 3515 1173 3582 significantur3

645 3588 706 3639 ideo
730 3605 764 3639 ne
784 3590 812 3639 in
829 3588 964 3654 aequivoco
987 3600 1115 3642 erremus,
1135 3582 1179 3632 di-

643 3675 734 3710 versas
760 3660 816 3724 ejus
839 3659 1005 3724 acceptiones
1028 3657 1177 3709 videamus.

644 3732 792 3782 Sciendum
803 3747 874 3796 ergo,
885 3732 918 3780 ad
933 3731 1097 3780 solutionem
1109 3726 1180 3775 mul-

642 3813 729 3854 tarum
753 3803 979 3866 contrarietatum,
992 3802 1066 3868 quod
1081 3797 1181 3850 Pascha

642 3876 789 3940 appellatur
814 3874 911 3940 primo,
935 3885 990 3925 tota
1015 3871 1179 3939 septimana,
