<?xml version="1.0" encoding="UTF-8"?>
<!DOCTYPE html PUBLIC "-//W3C//DTD XHTML 1.0 Transitional//EN"
    "http://www.w3.org/TR/xhtml1/DTD/xhtml1-transitional.dtd">
<html xmlns="http://www.w3.org/1999/xhtml" xml:lang="en" lang="en">
 <head>
  <title>
</title>
<meta http-equiv="Content-Type" content="text/html;charset=utf-8" />
  <meta name='ocr-system' content='tesseract 3.04.00' />
  <meta name='ocr-capabilities' content='ocr_page ocr_carea ocr_par ocr_line ocrx_word'/>
</head>
<body>
  <div class='ocr_page' id='page_1' title='image "./vitajesuchristi01rigogoog_0167.png"; bbox 0 0 2632 4320; ppageno 0'>
   <div class='ocr_carea' id='block_1_1' title="bbox 159 246 977 304">
    <p class='ocr_par' dir='ltr' id='par_1_1' title="bbox 159 246 977 304">
     <span class='ocr_line' id='line_1_1' title="bbox 159 246 977 304; baseline -0.001 0"><span class='ocrx_word' id='word_1_1' title='bbox 159 253 209 304; x_wconf 75' lang='lat'><strong><em>158</em></strong></span> <span class='ocrx_word' id='word_1_2' title='bbox 456 249 629 301; x_wconf 84' lang='lat' dir='ltr'><strong>SECUNDAE</strong></span> <span class='ocrx_word' id='word_1_3' title='bbox 646 246 771 298; x_wconf 81' lang='lat' dir='ltr'>PARTIS</span> <span class='ocrx_word' id='word_1_4' title='bbox 787 248 904 301; x_wconf 85' lang='lat' dir='ltr'><strong>CAPUT</strong></span> <span class='ocrx_word' id='word_1_5' title='bbox 919 252 977 303; x_wconf 79' lang='lat' dir='ltr'><strong><em>XX.</em></strong></span> 
     </span>
    </p>
   </div>
   <div class='ocr_carea' id='block_1_2' title="bbox 157 365 612 418">
    <p class='ocr_par' dir='ltr' id='par_1_2' title="bbox 157 365 612 418">
     <span class='ocr_line' id='line_1_2' title="bbox 157 365 612 418; baseline -0.009 0"><span class='ocrx_word' id='word_1_6' title='bbox 157 367 233 418; x_wconf 90' lang='lat' dir='ltr'><strong><em>utilis</em></strong></span> <span class='ocrx_word' id='word_1_7' title='bbox 247 381 313 418; x_wconf 90' lang='lat' dir='ltr'><strong><em>esse.</em></strong></span> <span class='ocrx_word' id='word_1_8' title='bbox 331 365 409 416; x_wconf 89' lang='lat' dir='ltr'>Unde</span> <span class='ocrx_word' id='word_1_9' title='bbox 423 374 487 415; x_wconf 92' lang='lat' dir='ltr'><strong><em>sunt</em></strong></span> <span class='ocrx_word' id='word_1_10' title='bbox 500 379 612 414; x_wconf 90' lang='lat' dir='ltr'><strong><em>versus:</em></strong></span> 
     </span>
    </p>
   </div>
   <div class='ocr_carea' id='block_1_3' title="bbox 157 504 689 642">
    <p class='ocr_par' dir='ltr' id='par_1_3' title="bbox 157 504 689 642">
     <span class='ocr_line' id='line_1_3' title="bbox 157 504 689 642; baseline -0.015 -80"><span class='ocrx_word' id='word_1_11' title='bbox 157 509 308 562; x_wconf 79' lang='lat' dir='ltr'><em>Jerusalem</em></span> <span class='ocrx_word' id='word_1_12' title='bbox 329 507 402 557; x_wconf 87' lang='lat' dir='ltr'><strong><em>cives</em></strong></span> <span class='ocrx_word' id='word_1_13' title='bbox 421 507 520 556; x_wconf 82' lang='lat' dir='ltr'><strong><em>Gentes</em></strong></span> <span class='ocrx_word' id='word_1_14' title='bbox 541 505 621 642; x_wconf 66' lang='lat' dir='ltr'><strong><em>adpre</em></strong></span> <span class='ocrx_word' id='word_1_15' title='bbox 637 504 689 569; x_wconf 90' lang='lat' dir='ltr'><strong><em>so-</em></strong></span> 
     </span>
     <span class='ocr_line' id='line_1_4' title="bbox 538 591 688 639; baseline -0.013 -11"><span class='ocrx_word' id='word_1_16' title='bbox 538 610 540 614; x_wconf 31' lang='lat' dir='ltr'><strong><em>r</em></strong></span> <span class='ocrx_word' id='word_1_17' title='bbox 585 591 688 639; x_wconf 84' lang='lat' dir='ltr'><strong><em>renses,</em></strong></span> 
     </span>
    </p>
   </div>
   <div class='ocr_carea' id='block_1_4' title="bbox 158 649 690 784">
    <p class='ocr_par' dir='ltr' id='par_1_4' title="bbox 158 649 690 784">
     <span class='ocr_line' id='line_1_5' title="bbox 158 649 690 784; baseline -0.015 -79"><span class='ocrx_word' id='word_1_18' title='bbox 158 655 293 719; x_wconf 81' lang='lat' dir='ltr'><strong><em>Quotquot</em></strong></span> <span class='ocrx_word' id='word_1_19' title='bbox 308 668 359 704; x_wconf 96' lang='lat' dir='ltr'><strong><em>non</em></strong></span> <span class='ocrx_word' id='word_1_20' title='bbox 378 652 477 718; x_wconf 83' lang='lat' dir='ltr'><strong><em>recipit</em></strong></span> <span class='ocrx_word' id='word_1_21' title='bbox 496 649 626 784; x_wconf 70' lang='lat' dir='ltr'><strong><em>moenibup</em></strong></span> <span class='ocrx_word' id='word_1_22' title='bbox 641 649 690 730; x_wconf 78' lang='lat' dir='ltr'><strong><em>illa</em></strong></span> 
     </span>
     <span class='ocr_line' id='line_1_6' title="bbox 622 734 689 771; baseline -0.03 0"><span class='ocrx_word' id='word_1_23' title='bbox 622 734 689 771; x_wconf 79' lang='lat' dir='ltr'><strong><em>sats,</em></strong></span> 
     </span>
    </p>
   </div>
   <div class='ocr_carea' id='block_1_5' title="bbox 108 861 689 2854">
    <p class='ocr_par' dir='ltr' id='par_1_5' title="bbox 108 861 689 2854">
     <span class='ocr_line' id='line_1_7' title="bbox 157 861 689 930; baseline -0.011 -16"><span class='ocrx_word' id='word_1_24' title='bbox 157 865 184 916; x_wconf 89' lang='lat' dir='ltr'><strong><em>Si</em></strong></span> <span class='ocrx_word' id='word_1_25' title='bbox 195 880 258 930; x_wconf 84' lang='lat' dir='ltr'><strong><em>crgo</em></strong></span> <span class='ocrx_word' id='word_1_26' title='bbox 272 864 300 914; x_wconf 93' lang='lat' dir='ltr'><strong><em>in</em></strong></span> <span class='ocrx_word' id='word_1_27' title='bbox 312 865 355 914; x_wconf 92' lang='lat' dir='ltr'><strong><em>his</em></strong></span> <span class='ocrx_word' id='word_1_28' title='bbox 369 879 430 930; x_wconf 80' lang='lat' dir='ltr'><strong><em>quae</em></strong></span> <span class='ocrx_word' id='word_1_29' title='bbox 444 863 590 913; x_wconf 91' lang='lat' dir='ltr'><strong><em>secundum</em></strong></span> <span class='ocrx_word' id='word_1_30' title='bbox 602 861 689 910; x_wconf 86' lang='lat' dir='ltr'><strong><em>Deum</em></strong></span> 
     </span>
     <span class='ocr_line' id='line_1_8' title="bbox 156 932 689 1003; baseline -0.011 -15"><span class='ocrx_word' id='word_1_31' title='bbox 156 937 261 1003; x_wconf 90' lang='lat' dir='ltr'><strong><em>operari</em></strong></span> <span class='ocrx_word' id='word_1_32' title='bbox 272 937 416 996; x_wconf 83' lang='lat' dir='ltr'><strong><em>desideras,</em></strong></span> <span class='ocrx_word' id='word_1_33' title='bbox 431 935 537 1002; x_wconf 88' lang='lat' dir='ltr'><strong><em>aliquos</em></strong></span> <span class='ocrx_word' id='word_1_34' title='bbox 549 933 599 983; x_wconf 94' lang='lat' dir='ltr'><strong><em>tibi</em></strong></span> <span class='ocrx_word' id='word_1_35' title='bbox 612 932 689 983; x_wconf 92' lang='lat' dir='ltr'><strong><em>obsi-</em></strong></span> 
     </span>
     <span class='ocr_line' id='line_1_9' title="bbox 155 1006 688 1075; baseline -0.011 -14"><span class='ocrx_word' id='word_1_36' title='bbox 155 1021 232 1070; x_wconf 88' lang='lat' dir='ltr'><strong><em>stere,</em></strong></span> <span class='ocrx_word' id='word_1_37' title='bbox 255 1027 304 1061; x_wconf 87' lang='lat' dir='ltr'><strong><em>seu</em></strong></span> <span class='ocrx_word' id='word_1_38' title='bbox 318 1021 344 1060; x_wconf 86' lang='lat' dir='ltr'><strong><em>te</em></strong></span> <span class='ocrx_word' id='word_1_39' title='bbox 368 1009 499 1075; x_wconf 86' lang='lat' dir='ltr'><strong><em>impedire</em></strong></span> <span class='ocrx_word' id='word_1_40' title='bbox 512 1009 612 1066; x_wconf 86' lang='lat' dir='ltr'><strong><em>videas,</em></strong></span> <span class='ocrx_word' id='word_1_41' title='bbox 632 1006 688 1056; x_wconf 91' lang='lat' dir='ltr'><strong><em>noli</em></strong></span> 
     </span>
     <span class='ocr_line' id='line_1_10' title="bbox 156 1079 689 1142; baseline -0.011 -9"><span class='ocrx_word' id='word_1_42' title='bbox 156 1081 377 1133; x_wconf 86' lang='lat' dir='ltr'><strong><em>contentionibus</em></strong></span> <span class='ocrx_word' id='word_1_43' title='bbox 407 1080 555 1142; x_wconf 83' lang='lat' dir='ltr'><strong><em>desaevire3</em></strong></span> <span class='ocrx_word' id='word_1_44' title='bbox 585 1079 632 1129; x_wconf 93' lang='lat' dir='ltr'><strong><em>sed</em></strong></span> <span class='ocrx_word' id='word_1_45' title='bbox 663 1088 689 1128; x_wconf 92' lang='lat' dir='ltr'><strong><em>te</em></strong></span> 
     </span>
     <span class='ocr_line' id='line_1_11' title="bbox 155 1149 689 1218; baseline -0.007 -17"><span class='ocrx_word' id='word_1_46' title='bbox 155 1153 246 1218; x_wconf 90' lang='lat' dir='ltr'><strong><em>ipsum</em></strong></span> <span class='ocrx_word' id='word_1_47' title='bbox 272 1153 300 1202; x_wconf 92' lang='lat' dir='ltr'><strong><em>in</em></strong></span> <span class='ocrx_word' id='word_1_48' title='bbox 327 1163 352 1201; x_wconf 91' lang='lat' dir='ltr'><strong><em>te</em></strong></span> <span class='ocrx_word' id='word_1_49' title='bbox 372 1151 430 1216; x_wconf 91' lang='lat' dir='ltr'><strong><em>ipso</em></strong></span> <span class='ocrx_word' id='word_1_50' title='bbox 449 1149 595 1214; x_wconf 82' lang='lat' dir='ltr'><strong><em>restringe,</em></strong></span> <span class='ocrx_word' id='word_1_51' title='bbox 619 1157 645 1198; x_wconf 89' lang='lat' dir='ltr'><strong><em>et</em></strong></span> <span class='ocrx_word' id='word_1_52' title='bbox 663 1157 689 1197; x_wconf 90' lang='lat' dir='ltr'><strong><em>te</em></strong></span> 
     </span>
     <span class='ocr_line' id='line_1_12' title="bbox 155 1219 689 1292; baseline -0.013 -18"><span class='ocrx_word' id='word_1_53' title='bbox 155 1240 216 1274; x_wconf 92' lang='lat' dir='ltr'><strong><em>cum</em></strong></span> <span class='ocrx_word' id='word_1_54' title='bbox 237 1224 293 1273; x_wconf 89' lang='lat' dir='ltr'><strong><em>Deo</em></strong></span> <span class='ocrx_word' id='word_1_55' title='bbox 307 1233 354 1272; x_wconf 92' lang='lat' dir='ltr'><strong><em>tuo</em></strong></span> <span class='ocrx_word' id='word_1_56' title='bbox 368 1221 504 1286; x_wconf 86' lang='lat' dir='ltr'><strong><em>recollige,</em></strong></span> <span class='ocrx_word' id='word_1_57' title='bbox 521 1219 629 1292; x_wconf 75' lang='lat' dir='ltr'>sibique</span> <span class='ocrx_word' id='word_1_58' title='bbox 643 1219 689 1268; x_wconf 92' lang='lat' dir='ltr'><strong><em>di-</em></strong></span> 
     </span>
     <span class='ocr_line' id='line_1_13' title="bbox 156 1290 689 1356; baseline -0.011 -11"><span class='ocrx_word' id='word_1_59' title='bbox 156 1310 219 1344; x_wconf 90' lang='lat' dir='ltr'><strong><em>cas:</em></strong></span> <span class='ocrx_word' id='word_1_60' title='bbox 236 1293 358 1353; x_wconf 84' lang='lat' dir='ltr'><strong><em>Domine,</em></strong></span> <span class='ocrx_word' id='word_1_61' title='bbox 375 1291 428 1340; x_wconf 87' lang='lat' dir='ltr'><strong><em>vim</em></strong></span> <span class='ocrx_word' id='word_1_62' title='bbox 439 1290 542 1354; x_wconf 84' lang='lat' dir='ltr'><strong><em>patior,</em></strong></span> <span class='ocrx_word' id='word_1_63' title='bbox 558 1291 689 1356; x_wconf 82' lang='lat' dir='ltr'><strong><em>responde</em></strong></span> 
     </span>
     <span class='ocr_line' id='line_1_14' title="bbox 150 1362 688 1432; baseline -0.011 -15"><span class='ocrx_word' id='word_1_64' title='bbox 150 1382 204 1432; x_wconf 81' lang='lat' dir='ltr'><strong><em>pro</em></strong></span> <span class='ocrx_word' id='word_1_65' title='bbox 231 1380 280 1415; x_wconf 91' lang='lat' dir='ltr'><strong><em>me.</em></strong></span> <span class='ocrx_word' id='word_1_66' title='bbox 303 1366 356 1414; x_wconf 93' lang='lat' dir='ltr'><strong><em>Nec</em></strong></span> <span class='ocrx_word' id='word_1_67' title='bbox 377 1364 410 1413; x_wconf 94' lang='lat' dir='ltr'><strong><em>de</em></strong></span> <span class='ocrx_word' id='word_1_68' title='bbox 434 1362 688 1422; x_wconf 80' lang='lat' dir='ltr'><strong><em>hoc‘contristeris,</em></strong></span> 
     </span>
     <span class='ocr_line' id='line_1_15' title="bbox 153 1436 687 1506; baseline -0.006 -17"><span class='ocrx_word' id='word_1_69' title='bbox 153 1439 217 1506; x_wconf 90' lang='lat' dir='ltr'><strong><em>quia</em></strong></span> <span class='ocrx_word' id='word_1_70' title='bbox 233 1438 302 1487; x_wconf 88' lang='lat' dir='ltr'><strong><em>nihil</em></strong></span> <span class='ocrx_word' id='word_1_71' title='bbox 318 1447 431 1503; x_wconf 87' lang='lat' dir='ltr'><strong><em>possunt</em></strong></span> <span class='ocrx_word' id='word_1_72' title='bbox 451 1436 504 1486; x_wconf 91' lang='lat' dir='ltr'><strong><em>nisi</em></strong></span> <span class='ocrx_word' id='word_1_73' title='bbox 519 1437 593 1503; x_wconf 92' lang='lat' dir='ltr'><strong><em>quod</em></strong></span> <span class='ocrx_word' id='word_1_74' title='bbox 611 1437 687 1486; x_wconf 91' lang='lat' dir='ltr'><strong><em>Deus</em></strong></span> 
     </span>
     <span class='ocr_line' id='line_1_16' title="bbox 153 1506 687 1572; baseline -0.007 -12"><span class='ocrx_word' id='word_1_75' title='bbox 153 1510 203 1560; x_wconf 89' lang='lat' dir='ltr'><strong><em>scit</em></strong></span> <span class='ocrx_word' id='word_1_76' title='bbox 219 1507 335 1558; x_wconf 86' lang='lat' dir='ltr'><strong><em>finaliter</em></strong></span> <span class='ocrx_word' id='word_1_77' title='bbox 350 1517 398 1572; x_wconf 89' lang='lat' dir='ltr'><strong><em>pro</em></strong></span> <span class='ocrx_word' id='word_1_78' title='bbox 413 1506 486 1556; x_wconf 89' lang='lat' dir='ltr'><strong><em>bono</em></strong></span> <span class='ocrx_word' id='word_1_79' title='bbox 504 1516 550 1556; x_wconf 91' lang='lat' dir='ltr'><strong><em>tuo</em></strong></span> <span class='ocrx_word' id='word_1_80' title='bbox 565 1522 624 1556; x_wconf 91' lang='lat' dir='ltr'><strong><em>esse</em></strong></span> <span class='ocrx_word' id='word_1_81' title='bbox 639 1522 687 1556; x_wconf 85' lang='lat' dir='ltr'><strong><em>ex-</em></strong></span> 
     </span>
     <span class='ocr_line' id='line_1_17' title="bbox 154 1578 687 1646; baseline -0.006 -15"><span class='ocrx_word' id='word_1_82' title='bbox 154 1580 283 1646; x_wconf 73' lang='lat' dir='ltr'><strong><em>pediensj,</em></strong></span> <span class='ocrx_word' id='word_1_83' title='bbox 293 1579 348 1629; x_wconf 91' lang='lat' dir='ltr'><strong><em>imo</em></strong></span> <span class='ocrx_word' id='word_1_84' title='bbox 358 1592 514 1644; x_wconf 84' lang='lat' dir='ltr'>quanquam</span> <span class='ocrx_word' id='word_1_85' title='bbox 525 1578 558 1627; x_wconf 90' lang='lat' dir='ltr'><strong><em>ad</em></strong></span> <span class='ocrx_word' id='word_1_86' title='bbox 570 1593 687 1643; x_wconf 89' lang='lat' dir='ltr'><strong><em>praesens</em></strong></span> 
     </span>
     <span class='ocr_line' id='line_1_18' title="bbox 154 1650 687 1715; baseline -0.004 -12"><span class='ocrx_word' id='word_1_87' title='bbox 154 1670 207 1703; x_wconf 93' lang='lat' dir='ltr'><strong><em>non</em></strong></span> <span class='ocrx_word' id='word_1_88' title='bbox 224 1654 323 1715; x_wconf 91' lang='lat' dir='ltr'><strong><em>videas,</em></strong></span> <span class='ocrx_word' id='word_1_89' title='bbox 342 1651 447 1702; x_wconf 86' lang='lat' dir='ltr'><strong><em>videbis</em></strong></span> <span class='ocrx_word' id='word_1_90' title='bbox 463 1650 589 1711; x_wconf 84' lang='lat' dir='ltr'><strong><em>finaliter,</em></strong></span> <span class='ocrx_word' id='word_1_91' title='bbox 605 1651 629 1702; x_wconf 90' lang='lat' dir='ltr'><strong><em>si</em></strong></span> <span class='ocrx_word' id='word_1_92' title='bbox 644 1661 687 1701; x_wconf 90' lang='lat' dir='ltr'><strong><em>ta-</em></strong></span> 
     </span>
     <span class='ocr_line' id='line_1_19' title="bbox 152 1723 686 1791; baseline -0.004 -15"><span class='ocrx_word' id='word_1_93' title='bbox 152 1741 216 1776; x_wconf 86' lang='lat' dir='ltr'><strong><em>men</em></strong></span> <span class='ocrx_word' id='word_1_94' title='bbox 226 1724 357 1791; x_wconf 75' lang='lat' dir='ltr'><strong><em>patienter</em></strong></span> <span class='ocrx_word' id='word_1_95' title='bbox 367 1723 521 1789; x_wconf 87' lang='lat' dir='ltr'><strong><em>portaveris,</em></strong></span> <span class='ocrx_word' id='word_1_96' title='bbox 532 1724 607 1789; x_wconf 91' lang='lat' dir='ltr'><strong><em>quod</em></strong></span> <span class='ocrx_word' id='word_1_97' title='bbox 620 1724 686 1774; x_wconf 92' lang='lat' dir='ltr'><strong><em>illud</em></strong></span> 
     </span>
     <span class='ocr_line' id='line_1_20' title="bbox 152 1794 686 1863; baseline -0.004 -16"><span class='ocrx_word' id='word_1_98' title='bbox 152 1797 180 1847; x_wconf 90' lang='lat' dir='ltr'><strong><em>in</em></strong></span> <span class='ocrx_word' id='word_1_99' title='bbox 208 1812 263 1863; x_wconf 92' lang='lat' dir='ltr'><strong><em>quo</em></strong></span> <span class='ocrx_word' id='word_1_100' title='bbox 295 1795 345 1846; x_wconf 91' lang='lat' dir='ltr'><strong><em>tibi</em></strong></span> <span class='ocrx_word' id='word_1_101' title='bbox 381 1811 428 1845; x_wconf 87' lang='lat' dir='ltr'><strong><em>eos</em></strong></span> <span class='ocrx_word' id='word_1_102' title='bbox 458 1794 686 1860; x_wconf 83' lang='lat' dir='ltr'><strong><em>impedimentum</em></strong></span> 
     </span>
     <span class='ocr_line' id='line_1_21' title="bbox 152 1868 687 1936; baseline -0.002 -16"><span class='ocrx_word' id='word_1_103' title='bbox 152 1880 278 1936; x_wconf 85' lang='lat' dir='ltr'><strong><em>praestare</em></strong></span> <span class='ocrx_word' id='word_1_104' title='bbox 289 1869 424 1932; x_wconf 87' lang='lat' dir='ltr'><strong><em>credebas,</em></strong></span> <span class='ocrx_word' id='word_1_105' title='bbox 436 1869 487 1919; x_wconf 91' lang='lat' dir='ltr'><strong><em>erit</em></strong></span> <span class='ocrx_word' id='word_1_106' title='bbox 499 1868 549 1918; x_wconf 89' lang='lat' dir='ltr'><strong><em>tibi</em></strong></span> <span class='ocrx_word' id='word_1_107' title='bbox 561 1869 687 1932; x_wconf 81' lang='lat' dir='ltr'><strong><em>juvamen</em></strong></span> 
     </span>
     <span class='ocr_line' id='line_1_22' title="bbox 150 1939 685 2005; baseline -0.004 -14"><span class='ocrx_word' id='word_1_108' title='bbox 150 1942 183 1991; x_wconf 93' lang='lat' dir='ltr'><strong><em>ad</em></strong></span> <span class='ocrx_word' id='word_1_109' title='bbox 195 1952 273 1991; x_wconf 93' lang='lat' dir='ltr'><strong><em>tuum</em></strong></span> <span class='ocrx_word' id='word_1_110' title='bbox 286 1940 455 2005; x_wconf 87' lang='lat' dir='ltr'><strong><em>propositum</em></strong></span> <span class='ocrx_word' id='word_1_111' title='bbox 468 1939 685 2005; x_wconf 67' lang='lat' dir='ltr'><strong><em>exsequendum</em></strong></span> 
     </span>
     <span class='ocr_line' id='line_1_23' title="bbox 151 2009 687 2076; baseline -0.006 -14"><span class='ocrx_word' id='word_1_112' title='bbox 151 2012 221 2062; x_wconf 91' lang='lat' dir='ltr'><strong><em>sicut</em></strong></span> <span class='ocrx_word' id='word_1_113' title='bbox 234 2012 267 2061; x_wconf 93' lang='lat' dir='ltr'><strong><em>de</em></strong></span> <span class='ocrx_word' id='word_1_114' title='bbox 285 2010 384 2076; x_wconf 84' lang='lat' dir='ltr'><strong><em>loseph</em></strong></span> <span class='ocrx_word' id='word_1_115' title='bbox 408 2021 434 2061; x_wconf 88' lang='lat' dir='ltr'><strong><em>et</em></strong></span> <span class='ocrx_word' id='word_1_116' title='bbox 450 2009 546 2060; x_wconf 90' lang='lat' dir='ltr'><strong><em>multis</em></strong></span> <span class='ocrx_word' id='word_1_117' title='bbox 567 2009 629 2060; x_wconf 90' lang='lat' dir='ltr'><strong><em>aliis</em></strong></span> <span class='ocrx_word' id='word_1_118' title='bbox 647 2020 687 2060; x_wconf 91' lang='lat' dir='ltr'><strong><em>est</em></strong></span> 
     </span>
     <span class='ocr_line' id='line_1_24' title="bbox 150 2081 687 2143; baseline 0.002 -12"><span class='ocrx_word' id='word_1_119' title='bbox 150 2082 258 2133; x_wconf 86' lang='lat' dir='ltr'><strong><em>iactum.</em></strong></span> <span class='ocrx_word' id='word_1_120' title='bbox 271 2081 349 2142; x_wconf 90' lang='lat' dir='ltr'><strong><em>Quia,</em></strong></span> <span class='ocrx_word' id='word_1_121' title='bbox 363 2081 512 2132; x_wconf 90' lang='lat' dir='ltr'><strong><em>secundum</em></strong></span> <span class='ocrx_word' id='word_1_122' title='bbox 525 2081 687 2143; x_wconf 78' lang='lat' dir='ltr'><strong><em>Clrrrsosto</em></strong></span> 
     </span>
     <span class='ocr_line' id='line_1_25' title="bbox 152 2150 687 2216; baseline -0.002 -14"><span class='ocrx_word' id='word_1_123' title='bbox 152 2168 236 2213; x_wconf 91' lang='lat' dir='ltr'><strong><em>mum,</em></strong></span> <span class='ocrx_word' id='word_1_124' title='bbox 261 2151 283 2201; x_wconf 94' lang='lat' dir='ltr'><strong><em>si</em></strong></span> <span class='ocrx_word' id='word_1_125' title='bbox 303 2152 402 2216; x_wconf 81' lang='lat' dir='ltr'><strong><em>Legem</em></strong></span> <span class='ocrx_word' id='word_1_126' title='bbox 426 2150 528 2200; x_wconf 84' lang='lat' dir='ltr'><strong><em>Christi</em></strong></span> <span class='ocrx_word' id='word_1_127' title='bbox 551 2151 687 2201; x_wconf 87' lang='lat' dir='ltr'><strong><em>custodire</em></strong></span> 
     </span>
     <span class='ocr_line' id='line_1_26' title="bbox 150 2219 686 2286; baseline -0.002 -16"><span class='ocrx_word' id='word_1_128' title='bbox 150 2221 278 2280; x_wconf 88' lang='lat' dir='ltr'><strong><em>volueris,</em></strong></span> <span class='ocrx_word' id='word_1_129' title='bbox 294 2220 478 2271; x_wconf 88' lang='lat' dir='ltr'><strong><em>necessitatem</em></strong></span> <span class='ocrx_word' id='word_1_130' title='bbox 495 2219 606 2286; x_wconf 89' lang='lat' dir='ltr'><strong><em>quidem</em></strong></span> <span class='ocrx_word' id='word_1_131' title='bbox 622 2222 686 2270; x_wconf 88' lang='lat' dir='ltr'><strong><em>nul-</em></strong></span> 
     </span>
     <span class='ocr_line' id='line_1_27' title="bbox 151 2291 686 2358; baseline 0.002 -16"><span class='ocrx_word' id='word_1_132' title='bbox 151 2295 215 2352; x_wconf 91' lang='lat' dir='ltr'><strong><em>lam,</em></strong></span> <span class='ocrx_word' id='word_1_133' title='bbox 239 2308 300 2358; x_wconf 88' lang='lat' dir='ltr'><strong><em>quae</em></strong></span> <span class='ocrx_word' id='word_1_134' title='bbox 316 2300 342 2341; x_wconf 87' lang='lat' dir='ltr'><strong><em>te</em></strong></span> <span class='ocrx_word' id='word_1_135' title='bbox 363 2292 396 2342; x_wconf 85' lang='lat' dir='ltr'><strong><em>ab</em></strong></span> <span class='ocrx_word' id='word_1_136' title='bbox 420 2291 606 2342; x_wconf 85' lang='lat' dir='ltr'><strong><em>observatione</em></strong></span> <span class='ocrx_word' id='word_1_137' title='bbox 628 2293 686 2357; x_wconf 78' lang='lat' dir='ltr'><strong><em>eius</em></strong></span> 
     </span>
     <span class='ocr_line' id='line_1_28' title="bbox 152 2361 685 2428; baseline 0 -15"><span class='ocrx_word' id='word_1_138' title='bbox 152 2363 299 2428; x_wconf 90' lang='lat' dir='ltr'><strong><em>impediat,</em></strong></span> <span class='ocrx_word' id='word_1_139' title='bbox 335 2361 482 2428; x_wconf 89' lang='lat' dir='ltr'><strong><em>aliquando</em></strong></span> <span class='ocrx_word' id='word_1_140' title='bbox 509 2362 630 2427; x_wconf 85' lang='lat' dir='ltr'><strong><em>patieris.</em></strong></span> <span class='ocrx_word' id='word_1_141' title='bbox 658 2363 685 2413; x_wconf 91' lang='lat' dir='ltr'><strong><em>Si</em></strong></span> 
     </span>
     <span class='ocr_line' id='line_1_29' title="bbox 108 2434 686 2501; baseline -0.002 -15"><span class='ocrx_word' id='word_1_142' title='bbox 108 2459 112 2466; x_wconf 89' lang='lat'><strong>·</strong></span> <span class='ocrx_word' id='word_1_143' title='bbox 150 2435 230 2486; x_wconf 88' lang='lat' dir='ltr'><strong><em>etiam</em></strong></span> <span class='ocrx_word' id='word_1_144' title='bbox 246 2435 275 2485; x_wconf 90' lang='lat' dir='ltr'><strong><em>in</em></strong></span> <span class='ocrx_word' id='word_1_145' title='bbox 295 2434 341 2485; x_wconf 88' lang='lat' dir='ltr'><strong><em>his</em></strong></span> <span class='ocrx_word' id='word_1_146' title='bbox 359 2450 420 2501; x_wconf 80' lang='lat' dir='ltr'><strong><em>quae</em></strong></span> <span class='ocrx_word' id='word_1_147' title='bbox 434 2434 583 2484; x_wconf 88' lang='lat' dir='ltr'><strong><em>secundum</em></strong></span> <span class='ocrx_word' id='word_1_148' title='bbox 598 2435 686 2485; x_wconf 92' lang='lat' dir='ltr'><strong><em>Deum</em></strong></span> 
     </span>
     <span class='ocr_line' id='line_1_30' title="bbox 149 2505 685 2571; baseline 0 -14"><span class='ocrx_word' id='word_1_149' title='bbox 149 2507 294 2567; x_wconf 87' lang='lat' dir='ltr'><strong><em>desideras,</em></strong></span> <span class='ocrx_word' id='word_1_150' title='bbox 317 2516 344 2557; x_wconf 90' lang='lat' dir='ltr'><strong><em>te</em></strong></span> <span class='ocrx_word' id='word_1_151' title='bbox 367 2505 460 2556; x_wconf 88' lang='lat' dir='ltr'><strong><em>videas</em></strong></span> <span class='ocrx_word' id='word_1_152' title='bbox 484 2505 685 2571; x_wconf 87' lang='lat' dir='ltr'><strong><em>quodammodo</em></strong></span> 
     </span>
     <span class='ocr_line' id='line_1_31' title="bbox 149 2576 685 2643; baseline 0 -15"><span class='ocrx_word' id='word_1_153' title='bbox 149 2577 279 2629; x_wconf 89' lang='lat' dir='ltr'><strong><em>divinitus</em></strong></span> <span class='ocrx_word' id='word_1_154' title='bbox 295 2576 431 2643; x_wconf 87' lang='lat' dir='ltr'><strong><em>impediri,</em></strong></span> <span class='ocrx_word' id='word_1_155' title='bbox 446 2578 488 2626; x_wconf 92' lang='lat' dir='ltr'><strong><em>vel</em></strong></span> <span class='ocrx_word' id='word_1_156' title='bbox 503 2591 551 2643; x_wconf 89' lang='lat' dir='ltr'><strong><em>per</em></strong></span> <span class='ocrx_word' id='word_1_157' title='bbox 566 2577 685 2628; x_wconf 88' lang='lat' dir='ltr'><strong><em>infirmi-</em></strong></span> 
     </span>
     <span class='ocr_line' id='line_1_32' title="bbox 149 2647 685 2714; baseline 0 -15"><span class='ocrx_word' id='word_1_158' title='bbox 149 2659 243 2708; x_wconf 86' lang='lat' dir='ltr'><strong><em>tatem,</em></strong></span> <span class='ocrx_word' id='word_1_159' title='bbox 267 2649 308 2698; x_wconf 92' lang='lat' dir='ltr'><strong><em>vel</em></strong></span> <span class='ocrx_word' id='word_1_160' title='bbox 332 2663 496 2714; x_wconf 91' lang='lat' dir='ltr'><strong><em>quocunque</em></strong></span> <span class='ocrx_word' id='word_1_161' title='bbox 522 2647 576 2698; x_wconf 88' lang='lat' dir='ltr'><strong><em>alio</em></strong></span> <span class='ocrx_word' id='word_1_162' title='bbox 604 2650 685 2699; x_wconf 91' lang='lat' dir='ltr'><strong><em>modo</em></strong></span> 
     </span>
     <span class='ocr_line' id='line_1_33' title="bbox 148 2717 686 2784; baseline 0.002 -16"><span class='ocrx_word' id='word_1_163' title='bbox 148 2718 327 2784; x_wconf 87' lang='lat' dir='ltr'><strong><em>contingente,</em></strong></span> <span class='ocrx_word' id='word_1_164' title='bbox 343 2718 376 2767; x_wconf 88' lang='lat' dir='ltr'><strong><em>de</em></strong></span> <span class='ocrx_word' id='word_1_165' title='bbox 386 2717 441 2768; x_wconf 62' lang='lat' dir='ltr'><strong><em>&#39;hoc</em></strong></span> <span class='ocrx_word' id='word_1_166' title='bbox 456 2717 612 2769; x_wconf 89' lang='lat' dir='ltr'><strong><em>nullatenus</em></strong></span> <span class='ocrx_word' id='word_1_167' title='bbox 627 2735 686 2769; x_wconf 86' lang='lat' dir='ltr'><strong><em>con·</em></strong></span> 
     </span>
     <span class='ocr_line' id='line_1_34' title="bbox 149 2789 686 2854; baseline 0.004 -14"><span class='ocrx_word' id='word_1_168' title='bbox 149 2789 274 2848; x_wconf 90' lang='lat' dir='ltr'><strong><em>turberis,</em></strong></span> <span class='ocrx_word' id='word_1_169' title='bbox 304 2789 350 2839; x_wconf 90' lang='lat' dir='ltr'><strong><em>sed</em></strong></span> <span class='ocrx_word' id='word_1_170' title='bbox 379 2798 468 2839; x_wconf 89' lang='lat' dir='ltr'><strong><em>totum</em></strong></span> <span class='ocrx_word' id='word_1_171' title='bbox 496 2790 686 2854; x_wconf 82' lang='lat' dir='ltr'><strong><em>aequanimiter</em></strong></span> 
     </span>
    </p>
   </div>
   <div class='ocr_carea' id='block_1_6' title="bbox 72 2858 684 2923">
    <p class='ocr_par' dir='ltr' id='par_1_6' title="bbox 72 2858 684 2923">
     <span class='ocr_line' id='line_1_35' title="bbox 72 2858 684 2923; baseline 0.003 -15"><span class='ocrx_word' id='word_1_172' title='bbox 72 2918 75 2923; x_wconf 32' lang='grc' dir='ltr'>Ι</span> <span class='ocrx_word' id='word_1_173' title='bbox 149 2858 227 2919; x_wconf 89' lang='lat' dir='ltr'><strong><em>feras,</em></strong></span> <span class='ocrx_word' id='word_1_174' title='bbox 244 2869 270 2909; x_wconf 89' lang='lat' dir='ltr'><strong><em>et</em></strong></span> <span class='ocrx_word' id='word_1_175' title='bbox 288 2868 313 2909; x_wconf 88' lang='lat' dir='ltr'><strong><em>te</em></strong></span> <span class='ocrx_word' id='word_1_176' title='bbox 330 2874 363 2909; x_wconf 79' lang='lat' dir='ltr'><strong><em>er</em></strong></span> <span class='ocrx_word' id='word_1_177' title='bbox 383 2868 440 2910; x_wconf 92' lang='lat' dir='ltr'><strong><em>toto</em></strong></span> <span class='ocrx_word' id='word_1_178' title='bbox 459 2858 501 2909; x_wconf 91' lang='lat' dir='ltr'><strong><em>illi</em></strong></span> <span class='ocrx_word' id='word_1_179' title='bbox 521 2860 684 2922; x_wconf 88' lang='lat' dir='ltr'><strong><em>committas,</em></strong></span> 
     </span>
    </p>
   </div>
   <div class='ocr_carea' id='block_1_7' title="bbox 147 2931 685 3851">
    <p class='ocr_par' dir='ltr' id='par_1_7' title="bbox 147 2931 685 3851">
     <span class='ocr_line' id='line_1_36' title="bbox 149 2931 685 3000; baseline 0.006 -18"><span class='ocrx_word' id='word_1_180' title='bbox 149 2932 197 2999; x_wconf 91' lang='lat' dir='ltr'><strong><em>qui</em></strong></span> <span class='ocrx_word' id='word_1_181' title='bbox 226 2931 324 2982; x_wconf 90' lang='lat' dir='ltr'><strong><em>melius</em></strong></span> <span class='ocrx_word' id='word_1_182' title='bbox 349 2931 427 2984; x_wconf 87' lang='lat' dir='ltr'><strong><em>novit</em></strong></span> <span class='ocrx_word' id='word_1_183' title='bbox 456 2947 539 2998; x_wconf 81' lang='lat' dir='ltr'><strong><em>quarn</em></strong></span> <span class='ocrx_word' id='word_1_184' title='bbox 562 2942 592 2983; x_wconf 91' lang='lat' dir='ltr'><strong><em>tu</em></strong></span> <span class='ocrx_word' id='word_1_185' title='bbox 617 2933 685 3000; x_wconf 88' lang='lat' dir='ltr'><strong><em>ipse,</em></strong></span> 
     </span>
     <span class='ocr_line' id='line_1_37' title="bbox 150 3001 684 3070; baseline 0.009 -19"><span class='ocrx_word' id='word_1_186' title='bbox 150 3002 215 3070; x_wconf 91' lang='lat' dir='ltr'><strong><em>quid</em></strong></span> <span class='ocrx_word' id='word_1_187' title='bbox 241 3001 292 3052; x_wconf 88' lang='lat' dir='ltr'><strong><em>tibi</em></strong></span> <span class='ocrx_word' id='word_1_188' title='bbox 315 3002 461 3068; x_wconf 85' lang='lat' dir='ltr'><strong><em>expediat;</em></strong></span> <span class='ocrx_word' id='word_1_189' title='bbox 486 3003 533 3070; x_wconf 92' lang='lat' dir='ltr'><strong><em>qui</em></strong></span> <span class='ocrx_word' id='word_1_190' title='bbox 558 3014 585 3055; x_wconf 91' lang='lat' dir='ltr'><strong><em>te</em></strong></span> <span class='ocrx_word' id='word_1_191' title='bbox 602 3004 635 3054; x_wconf 89' lang='lat' dir='ltr'><strong><em>ad</em></strong></span> <span class='ocrx_word' id='word_1_192' title='bbox 656 3021 684 3056; x_wconf 90' lang='lat' dir='ltr'><strong><em>se</em></strong></span> 
     </span>
     <span class='ocr_line' id='line_1_38' title="bbox 148 3075 683 3144; baseline 0.004 -18"><span class='ocrx_word' id='word_1_193' title='bbox 148 3075 277 3126; x_wconf 87' lang='lat' dir='ltr'><strong><em>continuo</em></strong></span> <span class='ocrx_word' id='word_1_194' title='bbox 302 3076 431 3136; x_wconf 89' lang='lat' dir='ltr'><strong><em>sublevat,</em></strong></span> <span class='ocrx_word' id='word_1_195' title='bbox 446 3077 596 3127; x_wconf 91' lang='lat' dir='ltr'><strong><em>dummodo</em></strong></span> <span class='ocrx_word' id='word_1_196' title='bbox 612 3078 683 3144; x_wconf 88' lang='lat' dir='ltr'><strong><em>teip-</em></strong></span> 
     </span>
     <span class='ocr_line' id='line_1_39' title="bbox 149 3143 684 3213; baseline 0.011 -20"><span class='ocrx_word' id='word_1_197' title='bbox 149 3159 210 3194; x_wconf 90' lang='lat' dir='ltr'><strong><em>sum</em></strong></span> <span class='ocrx_word' id='word_1_198' title='bbox 222 3159 253 3194; x_wconf 81' lang='lat' dir='ltr'><strong><em>ex</em></strong></span> <span class='ocrx_word' id='word_1_199' title='bbox 266 3153 322 3195; x_wconf 94' lang='lat' dir='ltr'><strong><em>toto</em></strong></span> <span class='ocrx_word' id='word_1_200' title='bbox 338 3143 379 3194; x_wconf 91' lang='lat' dir='ltr'><strong><em>illi</em></strong></span> <span class='ocrx_word' id='word_1_201' title='bbox 390 3145 684 3213; x_wconf 87' lang='lat' dir='ltr'><strong><em>committas,quamvis</em></strong></span> 
     </span>
     <span class='ocr_line' id='line_1_40' title="bbox 148 3214 683 3280; baseline 0.009 -16"><span class='ocrx_word' id='word_1_202' title='bbox 148 3214 217 3266; x_wconf 85' lang='lat' dir='ltr'><strong><em>forte</em></strong></span> <span class='ocrx_word' id='word_1_203' title='bbox 236 3215 288 3266; x_wconf 88' lang='lat' dir='ltr'><strong><em>hoc</em></strong></span> <span class='ocrx_word' id='word_1_204' title='bbox 304 3215 362 3280; x_wconf 90' lang='lat' dir='ltr'><strong><em>ipse</em></strong></span> <span class='ocrx_word' id='word_1_205' title='bbox 381 3231 437 3267; x_wconf 90' lang='lat' dir='ltr'><strong><em>non</em></strong></span> <span class='ocrx_word' id='word_1_206' title='bbox 455 3216 556 3268; x_wconf 87' lang='lat' dir='ltr'><strong><em>videas.</em></strong></span> <span class='ocrx_word' id='word_1_207' title='bbox 576 3219 617 3268; x_wconf 87' lang='lat' dir='ltr'><strong><em>Ad</em></strong></span> <span class='ocrx_word' id='word_1_208' title='bbox 631 3219 683 3269; x_wconf 89' lang='lat' dir='ltr'><strong><em>hoc</em></strong></span> 
     </span>
     <span class='ocr_line' id='line_1_41' title="bbox 148 3283 685 3350; baseline 0.011 -16"><span class='ocrx_word' id='word_1_209' title='bbox 148 3300 211 3350; x_wconf 87' lang='lat' dir='ltr'><strong><em>ergo</em></strong></span> <span class='ocrx_word' id='word_1_210' title='bbox 234 3283 271 3334; x_wconf 91' lang='lat' dir='ltr'><strong><em>sit</em></strong></span> <span class='ocrx_word' id='word_1_211' title='bbox 294 3293 383 3334; x_wconf 91' lang='lat' dir='ltr'><strong><em>totum</em></strong></span> <span class='ocrx_word' id='word_1_212' title='bbox 399 3294 478 3334; x_wconf 92' lang='lat' dir='ltr'><strong><em>tuum</em></strong></span> <span class='ocrx_word' id='word_1_213' title='bbox 499 3287 632 3347; x_wconf 90' lang='lat' dir='ltr'><strong><em>studium,</em></strong></span> <span class='ocrx_word' id='word_1_214' title='bbox 653 3298 685 3340; x_wconf 88' lang='lat' dir='ltr'><strong><em>ut</em></strong></span> 
     </span>
     <span class='ocr_line' id='line_1_42' title="bbox 147 3353 683 3421; baseline 0.007 -19"><span class='ocrx_word' id='word_1_215' title='bbox 147 3354 265 3420; x_wconf 91' lang='lat' dir='ltr'><strong><em>teipsum</em></strong></span> <span class='ocrx_word' id='word_1_216' title='bbox 280 3353 308 3403; x_wconf 93' lang='lat' dir='ltr'><strong><em>in</em></strong></span> <span class='ocrx_word' id='word_1_217' title='bbox 323 3369 388 3419; x_wconf 87' lang='lat' dir='ltr'><strong><em>pace</em></strong></span> <span class='ocrx_word' id='word_1_218' title='bbox 403 3366 429 3405; x_wconf 88' lang='lat' dir='ltr'><strong><em>et</em></strong></span> <span class='ocrx_word' id='word_1_219' title='bbox 443 3355 532 3418; x_wconf 80' lang='lat' dir='ltr'><strong><em>cordis</em></strong></span> <span class='ocrx_word' id='word_1_220' title='bbox 546 3356 683 3421; x_wconf 90' lang='lat' dir='ltr'><strong><em>tranquil-</em></strong></span> 
     </span>
     <span class='ocr_line' id='line_1_43' title="bbox 147 3425 684 3494; baseline 0.009 -20"><span class='ocrx_word' id='word_1_221' title='bbox 147 3425 221 3477; x_wconf 81' lang='lat' dir='ltr'><strong><em>litate</em></strong></span> <span class='ocrx_word' id='word_1_222' title='bbox 238 3425 393 3492; x_wconf 86' lang='lat' dir='ltr'><strong><em>possideas;</em></strong></span> <span class='ocrx_word' id='word_1_223' title='bbox 409 3435 434 3476; x_wconf 93' lang='lat' dir='ltr'><strong><em>et</em></strong></span> <span class='ocrx_word' id='word_1_224' title='bbox 452 3441 500 3493; x_wconf 91' lang='lat' dir='ltr'><strong><em>pro</em></strong></span> <span class='ocrx_word' id='word_1_225' title='bbox 519 3442 684 3494; x_wconf 89' lang='lat' dir='ltr'><strong><em>quocunque</em></strong></span> 
     </span>
     <span class='ocr_line' id='line_1_44' title="bbox 149 3497 683 3558; baseline 0.007 -12"><span class='ocrx_word' id='word_1_226' title='bbox 149 3508 246 3549; x_wconf 88' lang='lat' dir='ltr'><strong><em>eventu</em></strong></span> <span class='ocrx_word' id='word_1_227' title='bbox 271 3514 326 3550; x_wconf 90' lang='lat' dir='ltr'><strong><em>non</em></strong></span> <span class='ocrx_word' id='word_1_228' title='bbox 354 3498 453 3558; x_wconf 88' lang='lat' dir='ltr'><strong><em>doleas,</em></strong></span> <span class='ocrx_word' id='word_1_229' title='bbox 481 3497 535 3549; x_wconf 90' lang='lat' dir='ltr'><strong><em>nisi</em></strong></span> <span class='ocrx_word' id='word_1_230' title='bbox 563 3499 597 3551; x_wconf 89' lang='lat' dir='ltr'><strong><em>de</em></strong></span> <span class='ocrx_word' id='word_1_231' title='bbox 624 3500 683 3550; x_wconf 86' lang='lat' dir='ltr'><strong><em>solo</em></strong></span> 
     </span>
     <span class='ocr_line' id='line_1_45' title="bbox 150 3569 683 3635; baseline 0.008 -17"><span class='ocrx_word' id='word_1_232' title='bbox 150 3580 258 3634; x_wconf 85' lang='lat' dir='ltr'><strong><em>peccato</em></strong></span> <span class='ocrx_word' id='word_1_233' title='bbox 285 3569 394 3635; x_wconf 88' lang='lat' dir='ltr'><strong><em>proprio</em></strong></span> <span class='ocrx_word' id='word_1_234' title='bbox 422 3569 464 3620; x_wconf 84' lang='lat' dir='ltr'><strong><em>vel</em></strong></span> <span class='ocrx_word' id='word_1_235' title='bbox 494 3569 599 3630; x_wconf 87' lang='lat' dir='ltr'><strong><em>alieno,</em></strong></span> <span class='ocrx_word' id='word_1_236' title='bbox 635 3572 683 3624; x_wconf 78' lang='lat' dir='ltr'><strong><em>s&#39;eu</em></strong></span> 
     </span>
     <span class='ocr_line' id='line_1_46' title="bbox 151 3638 682 3706; baseline 0.006 -18"><span class='ocrx_word' id='word_1_237' title='bbox 151 3638 232 3690; x_wconf 84' lang='lat' dir='ltr'><strong><em>etiam</em></strong></span> <span class='ocrx_word' id='word_1_238' title='bbox 253 3640 286 3692; x_wconf 93' lang='lat' dir='ltr'><strong><em>de</em></strong></span> <span class='ocrx_word' id='word_1_239' title='bbox 300 3640 344 3692; x_wconf 91' lang='lat' dir='ltr'><strong><em>his</em></strong></span> <span class='ocrx_word' id='word_1_240' title='bbox 364 3648 464 3706; x_wconf 77' lang='lat' dir='ltr'><strong><em>quiete</em></strong></span> <span class='ocrx_word' id='word_1_241' title='bbox 478 3638 637 3692; x_wconf 87' lang='lat' dir='ltr'><strong><em>inducerent</em></strong></span> <span class='ocrx_word' id='word_1_242' title='bbox 649 3643 682 3692; x_wconf 93' lang='lat' dir='ltr'><strong><em>ad</em></strong></span> 
     </span>
     <span class='ocr_line' id='line_1_47' title="bbox 150 3712 682 3780; baseline 0.008 -19"><span class='ocrx_word' id='word_1_243' title='bbox 150 3722 298 3776; x_wconf 88' lang='lat' dir='ltr'><strong><em>peccatum,</em></strong></span> <span class='ocrx_word' id='word_1_244' title='bbox 319 3722 345 3765; x_wconf 92' lang='lat' dir='ltr'><strong><em>et</em></strong></span> <span class='ocrx_word' id='word_1_245' title='bbox 369 3728 429 3780; x_wconf 89' lang='lat' dir='ltr'><strong><em>quae</em></strong></span> <span class='ocrx_word' id='word_1_246' title='bbox 442 3722 553 3778; x_wconf 81' lang='lat' dir='ltr'><strong><em>possent</em></strong></span> <span class='ocrx_word' id='word_1_247' title='bbox 567 3712 682 3766; x_wconf 83' lang='lat' dir='ltr'><strong><em>alienare</em></strong></span> 
     </span>
     <span class='ocr_line' id='line_1_48' title="bbox 150 3783 683 3851; baseline 0.009 -19"><span class='ocrx_word' id='word_1_248' title='bbox 150 3795 198 3832; x_wconf 91' lang='lat' dir='ltr'><strong><em>seu</em></strong></span> <span class='ocrx_word' id='word_1_249' title='bbox 223 3784 380 3851; x_wconf 78' lang='lat' dir='ltr'><strong><em>elongarea</em></strong></span> <span class='ocrx_word' id='word_1_250' title='bbox 403 3783 470 3845; x_wconf 89' lang='lat' dir='ltr'><strong><em>Deo,</em></strong></span> <span class='ocrx_word' id='word_1_251' title='bbox 494 3785 535 3835; x_wconf 86' lang='lat' dir='ltr'><strong><em>vel</em></strong></span> <span class='ocrx_word' id='word_1_252' title='bbox 560 3784 683 3837; x_wconf 89' lang='lat' dir='ltr'><strong><em>medium</em></strong></span> 
     </span>
    </p>
   </div>
   <div class='ocr_carea' id='block_1_8' title="bbox 742 363 1280 1708">
    <p class='ocr_par' dir='ltr' id='par_1_8' title="bbox 744 363 1279 634">
     <span class='ocr_line' id='line_1_49' title="bbox 747 363 1277 423; baseline 0.019 -11"><span class='ocrx_word' id='word_1_253' title='bbox 747 363 854 423; x_wconf 85' lang='lat' dir='ltr'><strong><em>Quaevis</em></strong></span> <span class='ocrx_word' id='word_1_254' title='bbox 871 367 944 416; x_wconf 88' lang='lat' dir='ltr'><strong><em>enirn</em></strong></span> <span class='ocrx_word' id='word_1_255' title='bbox 955 368 1006 418; x_wconf 92' lang='lat' dir='ltr'><strong><em>tibi</em></strong></span> <span class='ocrx_word' id='word_1_256' title='bbox 1025 385 1167 420; x_wconf 91' lang='lat' dir='ltr'><strong><em>occurrens</em></strong></span> <span class='ocrx_word' id='word_1_257' title='bbox 1180 371 1277 422; x_wconf 89' lang='lat' dir='ltr'><strong><em>adver-</em></strong></span> 
     </span>
     <span class='ocr_line' id='line_1_50' title="bbox 745 433 1279 508; baseline 0.017 -26"><span class='ocrx_word' id='word_1_258' title='bbox 745 433 810 484; x_wconf 90' lang='lat' dir='ltr'><strong><em>sitas</em></strong></span> <span class='ocrx_word' id='word_1_259' title='bbox 824 436 881 500; x_wconf 80' lang='lat' dir='ltr'><strong><em>eius</em></strong></span> <span class='ocrx_word' id='word_1_260' title='bbox 896 448 965 488; x_wconf 92' lang='lat' dir='ltr'><strong><em>nutu</em></strong></span> <span class='ocrx_word' id='word_1_261' title='bbox 980 449 1007 490; x_wconf 93' lang='lat' dir='ltr'><strong><em>et</em></strong></span> <span class='ocrx_word' id='word_1_262' title='bbox 1021 440 1191 505; x_wconf 88' lang='lat' dir='ltr'><strong><em>providentia</em></strong></span> <span class='ocrx_word' id='word_1_263' title='bbox 1205 442 1279 508; x_wconf 88' lang='lat' dir='ltr'><strong><em>geri-</em></strong></span> 
     </span>
     <span class='ocr_line' id='line_1_51' title="bbox 744 508 1277 577; baseline 0.017 -23"><span class='ocrx_word' id='word_1_264' title='bbox 744 515 797 566; x_wconf 90' lang='lat' dir='ltr'><strong><em>tur,</em></strong></span> <span class='ocrx_word' id='word_1_265' title='bbox 817 508 892 572; x_wconf 80' lang='lat' dir='ltr'><strong><em>cujus</em></strong></span> <span class='ocrx_word' id='word_1_266' title='bbox 913 509 1011 561; x_wconf 89' lang='lat' dir='ltr'><strong><em>virtute</em></strong></span> <span class='ocrx_word' id='word_1_267' title='bbox 1035 527 1076 562; x_wconf 91' lang='lat' dir='ltr'><strong><em>res</em></strong></span> <span class='ocrx_word' id='word_1_268' title='bbox 1097 522 1190 563; x_wconf 87' lang='lat' dir='ltr'><strong><em>creatae</em></strong></span> <span class='ocrx_word' id='word_1_269' title='bbox 1205 524 1277 577; x_wconf 92' lang='lat' dir='ltr'><strong><em>sunt,</em></strong></span> 
     </span>
     <span class='ocr_line' id='line_1_52' title="bbox 744 577 1167 634; baseline 0.021 -9"><span class='ocrx_word' id='word_1_270' title='bbox 744 586 769 626; x_wconf 94' lang='lat' dir='ltr'><strong><em>et</em></strong></span> <span class='ocrx_word' id='word_1_271' title='bbox 784 577 812 626; x_wconf 94' lang='lat' dir='ltr'><strong><em>in</em></strong></span> <span class='ocrx_word' id='word_1_272' title='bbox 830 593 880 628; x_wconf 91' lang='lat' dir='ltr'><strong><em>suo</em></strong></span> <span class='ocrx_word' id='word_1_273' title='bbox 894 594 953 630; x_wconf 90' lang='lat' dir='ltr'><strong><em>esse</em></strong></span> <span class='ocrx_word' id='word_1_274' title='bbox 968 593 1167 634; x_wconf 89' lang='lat' dir='ltr'><strong><em>conservantur.</em></strong></span> 
     </span>
    </p>

    <p class='ocr_par' dir='ltr' id='par_1_9' title="bbox 742 647 1280 1708">
     <span class='ocr_line' id='line_1_53' title="bbox 777 647 1279 721; baseline 0.018 -25"><span class='ocrx_word' id='word_1_275' title='bbox 777 647 790 696; x_wconf 86' lang='lat'>3</span> <span class='ocrx_word' id='word_1_276' title='bbox 806 649 879 700; x_wconf 72' lang='lat' dir='ltr'><strong><em>Laus</em></strong></span> <span class='ocrx_word' id='word_1_277' title='bbox 892 667 1049 704; x_wconf 71' lang='lat' dir='ltr'><strong><em>turmatim.</em></strong></span> <span class='ocrx_word' id='word_1_278' title='bbox 1064 683 1094 691; x_wconf 99' lang='lat'>-</span> <span class='ocrx_word' id='word_1_279' title='bbox 1109 653 1181 704; x_wconf 90' lang='lat' dir='ltr'><strong><em>Cum</em></strong></span> <span class='ocrx_word' id='word_1_280' title='bbox 1196 655 1279 721; x_wconf 79' lang='lat' dir='ltr'><strong><em>igitur</em></strong></span> 
     </span>
     <span class='ocr_line' id='line_1_54' title="bbox 743 717 1277 783; baseline 0.019 -17"><span class='ocrx_word' id='word_1_281' title='bbox 743 717 883 769; x_wconf 86' lang='lat' dir='ltr'><strong><em>tribulatio</em></strong></span> <span class='ocrx_word' id='word_1_282' title='bbox 912 723 1065 783; x_wconf 88' lang='lat' dir='ltr'><strong><em>advenerit,</em></strong></span> <span class='ocrx_word' id='word_1_283' title='bbox 1096 725 1139 775; x_wconf 87' lang='lat' dir='ltr'><strong><em>exi</em></strong></span> <span class='ocrx_word' id='word_1_284' title='bbox 1168 725 1277 776; x_wconf 90' lang='lat' dir='ltr'><strong><em>obviam</em></strong></span> 
     </span>
     <span class='ocr_line' id='line_1_55' title="bbox 744 789 1278 860; baseline 0.017 -23"><span class='ocrx_word' id='word_1_285' title='bbox 744 789 845 854; x_wconf 89' lang='lat' dir='ltr'><strong><em>hospiti</em></strong></span> <span class='ocrx_word' id='word_1_286' title='bbox 871 801 953 853; x_wconf 89' lang='lat' dir='ltr'><strong><em>tanto,</em></strong></span> <span class='ocrx_word' id='word_1_287' title='bbox 984 793 1100 860; x_wconf 85' lang='lat' dir='ltr'><strong><em>benigne</em></strong></span> <span class='ocrx_word' id='word_1_288' title='bbox 1126 811 1189 845; x_wconf 90' lang='lat' dir='ltr'><strong><em>eum</em></strong></span> <span class='ocrx_word' id='word_1_289' title='bbox 1209 796 1278 846; x_wconf 92' lang='lat' dir='ltr'><strong><em>reci-</em></strong></span> 
     </span>
     <span class='ocr_line' id='line_1_56' title="bbox 744 861 1278 930; baseline 0.017 -21"><span class='ocrx_word' id='word_1_290' title='bbox 744 861 859 925; x_wconf 90' lang='lat' dir='ltr'><strong><em>piend0;</em></strong></span> <span class='ocrx_word' id='word_1_291' title='bbox 873 873 899 913; x_wconf 94' lang='lat' dir='ltr'><strong><em>et</em></strong></span> <span class='ocrx_word' id='word_1_292' title='bbox 913 863 955 914; x_wconf 96' lang='lat' dir='ltr'><strong><em>dic</em></strong></span> <span class='ocrx_word' id='word_1_293' title='bbox 965 865 1043 915; x_wconf 90' lang='lat' dir='ltr'><strong><em>corde</em></strong></span> <span class='ocrx_word' id='word_1_294' title='bbox 1055 867 1190 930; x_wconf 82' lang='lat' dir='ltr'><strong><em>jucundo:</em></strong></span> <span class='ocrx_word' id='word_1_295' title='bbox 1207 869 1278 918; x_wconf 87' lang='lat' dir='ltr'><strong><em>Bene</em></strong></span> 
     </span>
     <span class='ocr_line' id='line_1_57' title="bbox 743 935 1277 1000; baseline 0.017 -18"><span class='ocrx_word' id='word_1_296' title='bbox 743 935 846 984; x_wconf 88' lang='lat' dir='ltr'><strong><em>venerit</em></strong></span> <span class='ocrx_word' id='word_1_297' title='bbox 867 937 953 988; x_wconf 90' lang='lat' dir='ltr'><strong><em>amica</em></strong></span> <span class='ocrx_word' id='word_1_298' title='bbox 975 954 1033 988; x_wconf 90' lang='lat' dir='ltr'><strong><em>mea</em></strong></span> <span class='ocrx_word' id='word_1_299' title='bbox 1054 939 1203 990; x_wconf 88' lang='lat' dir='ltr'><strong><em>tribulatio.</em></strong></span> <span class='ocrx_word' id='word_1_300' title='bbox 1223 940 1277 1000; x_wconf 91' lang='lat' dir='ltr'><strong><em>Qui</em></strong></span> 
     </span>
     <span class='ocr_line' id='line_1_58' title="bbox 743 1005 1278 1077; baseline 0.015 -23"><span class='ocrx_word' id='word_1_301' title='bbox 743 1005 818 1055; x_wconf 91' lang='lat' dir='ltr'><strong><em>enim</em></strong></span> <span class='ocrx_word' id='word_1_302' title='bbox 832 1007 941 1058; x_wconf 88' lang='lat' dir='ltr'><strong><em>adversa</em></strong></span> <span class='ocrx_word' id='word_1_303' title='bbox 961 1009 1076 1060; x_wconf 86' lang='lat' dir='ltr'><strong><em>libenter</em></strong></span> <span class='ocrx_word' id='word_1_304' title='bbox 1090 1025 1141 1076; x_wconf 90' lang='lat' dir='ltr'><strong><em>pro</em></strong></span> <span class='ocrx_word' id='word_1_305' title='bbox 1154 1011 1210 1061; x_wconf 91' lang='lat' dir='ltr'><strong><em>Deo</em></strong></span> <span class='ocrx_word' id='word_1_306' title='bbox 1226 1027 1278 1077; x_wconf 90' lang='lat' dir='ltr'><strong><em>pa-</em></strong></span> 
     </span>
     <span class='ocr_line' id='line_1_59' title="bbox 743 1075 1278 1143; baseline 0.015 -20"><span class='ocrx_word' id='word_1_307' title='bbox 743 1075 818 1135; x_wconf 90' lang='lat' dir='ltr'><strong><em>titur,</em></strong></span> <span class='ocrx_word' id='word_1_308' title='bbox 834 1075 943 1127; x_wconf 85' lang='lat' dir='ltr'><strong><em>Christo</em></strong></span> <span class='ocrx_word' id='word_1_309' title='bbox 960 1094 1039 1143; x_wconf 92' lang='lat' dir='ltr'><strong><em>passo</em></strong></span> <span class='ocrx_word' id='word_1_310' title='bbox 1057 1080 1233 1141; x_wconf 87' lang='lat' dir='ltr'><strong><em>assimilatur,</em></strong></span> <span class='ocrx_word' id='word_1_311' title='bbox 1253 1093 1278 1133; x_wconf 91' lang='lat' dir='ltr'><strong><em>et</em></strong></span> 
     </span>
     <span class='ocr_line' id='line_1_60' title="bbox 744 1146 1278 1215; baseline 0.015 -21"><span class='ocrx_word' id='word_1_312' title='bbox 744 1146 804 1195; x_wconf 92' lang='lat' dir='ltr'><strong><em>ideo</em></strong></span> <span class='ocrx_word' id='word_1_313' title='bbox 829 1147 862 1196; x_wconf 93' lang='lat' dir='ltr'><strong><em>ab</em></strong></span> <span class='ocrx_word' id='word_1_314' title='bbox 879 1163 921 1208; x_wconf 95' lang='lat' dir='ltr'><strong><em>eo,</em></strong></span> <span class='ocrx_word' id='word_1_315' title='bbox 945 1158 1104 1215; x_wconf 91' lang='lat' dir='ltr'><strong><em>tanquama</em></strong></span> <span class='ocrx_word' id='word_1_316' title='bbox 1129 1147 1278 1213; x_wconf 86' lang='lat' dir='ltr'><strong><em>consimili,</em></strong></span> 
     </span>
     <span class='ocr_line' id='line_1_61' title="bbox 745 1217 1280 1285; baseline 0.011 -19"><span class='ocrx_word' id='word_1_317' title='bbox 745 1233 817 1267; x_wconf 83' lang='lat' dir='ltr'><strong><em>nexu</em></strong></span> <span class='ocrx_word' id='word_1_318' title='bbox 828 1217 979 1269; x_wconf 89' lang='lat' dir='ltr'><strong><em>dilectionis</em></strong></span> <span class='ocrx_word' id='word_1_319' title='bbox 994 1221 1129 1285; x_wconf 88' lang='lat' dir='ltr'><strong><em>praecipuo</em></strong></span> <span class='ocrx_word' id='word_1_320' title='bbox 1146 1223 1280 1272; x_wconf 90' lang='lat' dir='ltr'><strong><em>constrin-</em></strong></span> 
     </span>
     <span class='ocr_line' id='line_1_62' title="bbox 744 1286 1278 1352; baseline 0.009 -15"><span class='ocrx_word' id='word_1_321' title='bbox 744 1286 826 1352; x_wconf 85' lang='lat' dir='ltr'><strong><em>gitur.</em></strong></span> <span class='ocrx_word' id='word_1_322' title='bbox 841 1286 925 1338; x_wconf 92' lang='lat' dir='ltr'><strong><em>Porro</em></strong></span> <span class='ocrx_word' id='word_1_323' title='bbox 940 1289 973 1339; x_wconf 87' lang='lat' dir='ltr'><strong><em>de</em></strong></span> <span class='ocrx_word' id='word_1_324' title='bbox 986 1290 1178 1342; x_wconf 90' lang='lat' dir='ltr'><strong><em>involuntariis</em></strong></span> <span class='ocrx_word' id='word_1_325' title='bbox 1193 1292 1278 1342; x_wconf 92' lang='lat' dir='ltr'><strong><em>tribu·</em></strong></span> 
     </span>
     <span class='ocr_line' id='line_1_63' title="bbox 743 1357 1278 1428; baseline 0.015 -22"><span class='ocrx_word' id='word_1_326' title='bbox 743 1357 890 1408; x_wconf 90' lang='lat' dir='ltr'><strong><em>lationibus</em></strong></span> <span class='ocrx_word' id='word_1_327' title='bbox 913 1359 981 1410; x_wconf 91' lang='lat' dir='ltr'><strong><em>scire</em></strong></span> <span class='ocrx_word' id='word_1_328' title='bbox 1005 1361 1094 1421; x_wconf 87' lang='lat' dir='ltr'><strong><em>debes,</em></strong></span> <span class='ocrx_word' id='word_1_329' title='bbox 1115 1364 1190 1428; x_wconf 91' lang='lat' dir='ltr'><strong><em>quod</em></strong></span> <span class='ocrx_word' id='word_1_330' title='bbox 1214 1363 1278 1415; x_wconf 92' lang='lat' dir='ltr'><strong><em>licet</em></strong></span> 
     </span>
     <span class='ocr_line' id='line_1_64' title="bbox 743 1429 1276 1500; baseline 0.015 -22"><span class='ocrx_word' id='word_1_331' title='bbox 743 1429 964 1492; x_wconf 90' lang='lat' dir='ltr'><strong><em>involuntarium,</em></strong></span> <span class='ocrx_word' id='word_1_332' title='bbox 986 1431 1161 1499; x_wconf 90' lang='lat' dir='ltr'><strong><em>inquantum</em></strong></span> <span class='ocrx_word' id='word_1_333' title='bbox 1177 1435 1276 1500; x_wconf 81' lang='lat' dir='ltr'><strong><em>hujus-</em></strong></span> 
     </span>
     <span class='ocr_line' id='line_1_65' title="bbox 743 1503 1276 1568; baseline 0.015 -18"><span class='ocrx_word' id='word_1_334' title='bbox 743 1503 816 1551; x_wconf 91' lang='lat' dir='ltr'><strong><em>modi</em></strong></span> <span class='ocrx_word' id='word_1_335' title='bbox 832 1519 887 1552; x_wconf 92' lang='lat' dir='ltr'><strong><em>non</em></strong></span> <span class='ocrx_word' id='word_1_336' title='bbox 906 1504 942 1554; x_wconf 91' lang='lat' dir='ltr'><strong><em>sit</em></strong></span> <span class='ocrx_word' id='word_1_337' title='bbox 960 1505 1149 1568; x_wconf 69' lang='lat' dir='ltr'><strong><em>meritorium,</em></strong></span> <span class='ocrx_word' id='word_1_338' title='bbox 1164 1522 1276 1558; x_wconf 90' lang='lat' dir='ltr'><strong><em>verum·</em></strong></span> 
     </span>
     <span class='ocr_line' id='line_1_66' title="bbox 742 1576 1274 1646; baseline 0.011 -22"><span class='ocrx_word' id='word_1_339' title='bbox 742 1585 833 1626; x_wconf 91' lang='lat' dir='ltr'><strong><em>tamen</em></strong></span> <span class='ocrx_word' id='word_1_340' title='bbox 848 1576 872 1626; x_wconf 92' lang='lat' dir='ltr'><strong><em>si</em></strong></span> <span class='ocrx_word' id='word_1_341' title='bbox 887 1577 1006 1641; x_wconf 88' lang='lat' dir='ltr'><strong><em>prudens</em></strong></span> <span class='ocrx_word' id='word_1_342' title='bbox 1019 1578 1127 1628; x_wconf 88' lang='lat' dir='ltr'><strong><em>animus</em></strong></span> <span class='ocrx_word' id='word_1_343' title='bbox 1139 1579 1192 1629; x_wconf 90' lang='lat' dir='ltr'><strong><em>hoc</em></strong></span> <span class='ocrx_word' id='word_1_344' title='bbox 1201 1582 1274 1646; x_wconf 91' lang='lat' dir='ltr'><strong><em>quod</em></strong></span> 
     </span>
     <span class='ocr_line' id='line_1_67' title="bbox 742 1644 1276 1708; baseline 0.013 -14"><span class='ocrx_word' id='word_1_345' title='bbox 742 1644 922 1697; x_wconf 89' lang='lat' dir='ltr'><strong><em>involuntarie</em></strong></span> <span class='ocrx_word' id='word_1_346' title='bbox 936 1646 1041 1698; x_wconf 78' lang='lat' dir='ltr'><strong><em>illatum</em></strong></span> <span class='ocrx_word' id='word_1_347' title='bbox 1056 1659 1106 1708; x_wconf 87' lang='lat' dir='ltr'><strong><em>est,</em></strong></span> <span class='ocrx_word' id='word_1_348' title='bbox 1125 1650 1276 1701; x_wconf 83' lang='lat' dir='ltr'><strong><em>voluntarie</em></strong></span> 
     </span>
    </p>
   </div>
   <div class='ocr_carea' id='block_1_9' title="bbox 741 1717 1276 2073">
    <p class='ocr_par' dir='ltr' id='par_1_10' title="bbox 741 1717 1276 2073">
     <span class='ocr_line' id='line_1_68' title="bbox 742 1717 1275 1784; baseline 0.013 -17"><span class='ocrx_word' id='word_1_349' title='bbox 742 1717 796 1784; x_wconf 91' lang='lat' dir='ltr'><strong><em>pati</em></strong></span> <span class='ocrx_word' id='word_1_350' title='bbox 817 1719 942 1780; x_wconf 87' lang='lat' dir='ltr'><strong><em>voluerit,</em></strong></span> <span class='ocrx_word' id='word_1_351' title='bbox 965 1729 992 1770; x_wconf 87' lang='lat' dir='ltr'><strong><em>et</em></strong></span> <span class='ocrx_word' id='word_1_352' title='bbox 1010 1721 1177 1771; x_wconf 84' lang='lat' dir='ltr'><strong><em>voluntatem</em></strong></span> <span class='ocrx_word' id='word_1_353' title='bbox 1198 1737 1275 1773; x_wconf 78' lang='lat' dir='ltr'><strong><em>suam</em></strong></span> 
     </span>
     <span class='ocr_line' id='line_1_69' title="bbox 742 1789 1275 1857; baseline 0.011 -19"><span class='ocrx_word' id='word_1_354' title='bbox 742 1789 872 1839; x_wconf 90' lang='lat' dir='ltr'><strong><em>hactenus</em></strong></span> <span class='ocrx_word' id='word_1_355' title='bbox 893 1790 1020 1841; x_wconf 79' lang='lat' dir='ltr'><strong><em>rebellem</em></strong></span> <span class='ocrx_word' id='word_1_356' title='bbox 1047 1791 1079 1840; x_wconf 89' lang='lat' dir='ltr'><strong><em>ad</em></strong></span> <span class='ocrx_word' id='word_1_357' title='bbox 1102 1791 1208 1857; x_wconf 85' lang='lat' dir='ltr'><strong><em>virgam</em></strong></span> <span class='ocrx_word' id='word_1_358' title='bbox 1226 1792 1275 1844; x_wconf 77' lang='lat' dir='ltr'><strong><em>uei</em></strong></span> 
     </span>
     <span class='ocr_line' id='line_1_70' title="bbox 742 1859 1276 1922; baseline 0.011 -13"><span class='ocrx_word' id='word_1_359' title='bbox 742 1859 928 1922; x_wconf 88' lang='lat' dir='ltr'><strong><em>inclinaverit,</em></strong></span> <span class='ocrx_word' id='word_1_360' title='bbox 961 1861 1090 1911; x_wconf 73' lang='lat' dir='ltr'><strong><em>virtutem</em></strong></span> <span class='ocrx_word' id='word_1_361' title='bbox 1118 1861 1223 1914; x_wconf 83' lang='lat' dir='ltr'><strong><em>faciens</em></strong></span> <span class='ocrx_word' id='word_1_362' title='bbox 1244 1878 1276 1915; x_wconf 80' lang='lat' dir='ltr'><strong><em>ex</em></strong></span> 
     </span>
     <span class='ocr_line' id='line_1_71' title="bbox 742 1931 1275 2000; baseline 0.011 -20"><span class='ocrx_word' id='word_1_363' title='bbox 742 1931 908 1992; x_wconf 87' lang='lat' dir='ltr'><strong><em>necessitate,</em></strong></span> <span class='ocrx_word' id='word_1_364' title='bbox 924 1932 996 1983; x_wconf 82' lang='lat' dir='ltr'><strong><em>haud</em></strong></span> <span class='ocrx_word' id='word_1_365' title='bbox 1014 1933 1129 1983; x_wconf 91' lang='lat' dir='ltr'><strong><em>dubium</em></strong></span> <span class='ocrx_word' id='word_1_366' title='bbox 1146 1934 1217 2000; x_wconf 89' lang='lat' dir='ltr'><strong><em>quin</em></strong></span> <span class='ocrx_word' id='word_1_367' title='bbox 1231 1950 1275 1986; x_wconf 82' lang='lat' dir='ltr'><strong><em>sa-</em></strong></span> 
     </span>
     <span class='ocr_line' id='line_1_72' title="bbox 741 2003 1275 2073; baseline 0.007 -19"><span class='ocrx_word' id='word_1_368' title='bbox 741 2005 818 2055; x_wconf 92' lang='lat' dir='ltr'><strong><em>lubre</em></strong></span> <span class='ocrx_word' id='word_1_369' title='bbox 832 2013 858 2054; x_wconf 89' lang='lat' dir='ltr'><strong><em>et</em></strong></span> <span class='ocrx_word' id='word_1_370' title='bbox 872 2003 1042 2055; x_wconf 85' lang='lat' dir='ltr'><strong><em>meritorium</em></strong></span> <span class='ocrx_word' id='word_1_371' title='bbox 1054 2003 1110 2065; x_wconf 87' lang='lat' dir='ltr'><strong><em>fiet,</em></strong></span> <span class='ocrx_word' id='word_1_372' title='bbox 1128 2019 1154 2057; x_wconf 89' lang='lat' dir='ltr'><strong><em>et</em></strong></span> <span class='ocrx_word' id='word_1_373' title='bbox 1171 2006 1206 2056; x_wconf 86' lang='lat' dir='ltr'><strong><em>ad</em></strong></span> <span class='ocrx_word' id='word_1_374' title='bbox 1217 2007 1275 2073; x_wconf 85' lang='lat' dir='ltr'><strong><em>spi·</em></strong></span> 
     </span>
    </p>
   </div>
   <div class='ocr_carea' id='block_1_10' title="bbox 736 2074 1275 3853">
    <p class='ocr_par' dir='ltr' id='par_1_11' title="bbox 736 2074 1275 3853">
     <span class='ocr_line' id='line_1_73' title="bbox 741 2074 1275 2144; baseline 0.011 -21"><span class='ocrx_word' id='word_1_375' title='bbox 741 2075 835 2124; x_wconf 88' lang='lat' dir='ltr'><strong><em>rituale</em></strong></span> <span class='ocrx_word' id='word_1_376' title='bbox 852 2074 983 2126; x_wconf 87' lang='lat' dir='ltr'><strong><em>virtutum</em></strong></span> <span class='ocrx_word' id='word_1_377' title='bbox 995 2075 1193 2128; x_wconf 88' lang='lat' dir='ltr'><strong><em>incrementum</em></strong></span> <span class='ocrx_word' id='word_1_378' title='bbox 1211 2093 1275 2144; x_wconf 83' lang='lat' dir='ltr'><strong><em>pro-</em></strong></span> 
     </span>
     <span class='ocr_line' id='line_1_74' title="bbox 740 2145 1274 2215; baseline 0.011 -19"><span class='ocrx_word' id='word_1_379' title='bbox 740 2145 821 2207; x_wconf 91' lang='lat' dir='ltr'><strong><em>ficiet,</em></strong></span> <span class='ocrx_word' id='word_1_380' title='bbox 846 2147 900 2198; x_wconf 86' lang='lat' dir='ltr'><strong><em>hoc</em></strong></span> <span class='ocrx_word' id='word_1_381' title='bbox 927 2148 999 2214; x_wconf 87' lang='lat' dir='ltr'><strong><em>quod</em></strong></span> <span class='ocrx_word' id='word_1_382' title='bbox 1025 2158 1087 2199; x_wconf 90' lang='lat' dir='ltr'><strong><em>ante</em></strong></span> <span class='ocrx_word' id='word_1_383' title='bbox 1115 2150 1274 2215; x_wconf 84' lang='lat' dir='ltr'><strong><em>pestiferum</em></strong></span> 
     </span>
     <span class='ocr_line' id='line_1_75' title="bbox 739 2221 1275 2289; baseline 0.013 -19"><span class='ocrx_word' id='word_1_384' title='bbox 739 2221 889 2272; x_wconf 90' lang='lat' dir='ltr'><strong><em>videbatur.</em></strong></span> <span class='ocrx_word' id='word_1_385' title='bbox 915 2221 1050 2273; x_wconf 81' lang='lat' dir='ltr'><strong><em>Patiamur</em></strong></span> <span class='ocrx_word' id='word_1_386' title='bbox 1072 2238 1138 2289; x_wconf 85' lang='lat' dir='ltr'><strong><em>ergo</em></strong></span> <span class='ocrx_word' id='word_1_387' title='bbox 1159 2224 1275 2277; x_wconf 77' lang='lat' dir='ltr'><strong><em>libenter</em></strong></span> 
     </span>
     <span class='ocr_line' id='line_1_76' title="bbox 741 2292 1275 2360; baseline 0.013 -19"><span class='ocrx_word' id='word_1_388' title='bbox 741 2303 766 2342; x_wconf 90' lang='lat' dir='ltr'><strong><em>et</em></strong></span> <span class='ocrx_word' id='word_1_389' title='bbox 778 2292 937 2355; x_wconf 86' lang='lat' dir='ltr'><strong><em>voluntarie,</em></strong></span> <span class='ocrx_word' id='word_1_390' title='bbox 951 2294 1016 2360; x_wconf 90' lang='lat' dir='ltr'><strong><em>quia</em></strong></span> <span class='ocrx_word' id='word_1_391' title='bbox 1026 2310 1089 2345; x_wconf 84' lang='lat' dir='ltr'><strong><em>vera</em></strong></span> <span class='ocrx_word' id='word_1_392' title='bbox 1101 2297 1174 2347; x_wconf 86' lang='lat' dir='ltr'><strong><em>salus</em></strong></span> <span class='ocrx_word' id='word_1_393' title='bbox 1184 2306 1275 2348; x_wconf 81' lang='lat' dir='ltr'><strong><em>nostra</em></strong></span> 
     </span>
     <span class='ocr_line' id='line_1_77' title="bbox 740 2361 1274 2433; baseline 0.009 -21"><span class='ocrx_word' id='word_1_394' title='bbox 740 2373 781 2413; x_wconf 87' lang='lat' dir='ltr'><strong><em>est</em></strong></span> <span class='ocrx_word' id='word_1_395' title='bbox 801 2361 830 2412; x_wconf 87' lang='lat' dir='ltr'><strong><em>in</em></strong></span> <span class='ocrx_word' id='word_1_396' title='bbox 851 2378 940 2424; x_wconf 87' lang='lat' dir='ltr'><strong><em>cruce,</em></strong></span> <span class='ocrx_word' id='word_1_397' title='bbox 954 2380 1003 2414; x_wconf 89' lang='lat' dir='ltr'><strong><em>nec</em></strong></span> <span class='ocrx_word' id='word_1_398' title='bbox 1018 2375 1092 2416; x_wconf 84' lang='lat' dir='ltr'><strong><em>extra</em></strong></span> <span class='ocrx_word' id='word_1_399' title='bbox 1107 2380 1167 2415; x_wconf 81' lang='lat' dir='ltr'><strong><em>eam</em></strong></span> <span class='ocrx_word' id='word_1_400' title='bbox 1184 2366 1274 2433; x_wconf 82' lang='lat' dir='ltr'><strong><em>aliqua</em></strong></span> 
     </span>
     <span class='ocr_line' id='line_1_78' title="bbox 741 2433 1271 2503; baseline 0.008 -20"><span class='ocrx_word' id='word_1_401' title='bbox 741 2433 813 2484; x_wconf 88' lang='lat' dir='ltr'><strong><em>salus</em></strong></span> <span class='ocrx_word' id='word_1_402' title='bbox 823 2433 966 2486; x_wconf 83' lang='lat' dir='ltr'><strong><em>invenitur.</em></strong></span> <span class='ocrx_word' id='word_1_403' title='bbox 978 2436 1008 2485; x_wconf 90' lang='lat' dir='ltr'><strong><em>ln</em></strong></span> <span class='ocrx_word' id='word_1_404' title='bbox 1024 2452 1190 2503; x_wconf 88' lang='lat' dir='ltr'><strong><em>quacunque</em></strong></span> <span class='ocrx_word' id='word_1_405' title='bbox 1199 2437 1271 2489; x_wconf 88' lang='lat' dir='ltr'><strong><em>enim</em></strong></span> 
     </span>
     <span class='ocr_line' id='line_1_79' title="bbox 739 2503 1272 2566; baseline 0.011 -13"><span class='ocrx_word' id='word_1_406' title='bbox 739 2503 830 2555; x_wconf 87' lang='lat' dir='ltr'><strong><em>anima</em></strong></span> <span class='ocrx_word' id='word_1_407' title='bbox 852 2520 926 2566; x_wconf 85' lang='lat' dir='ltr'><strong><em>cmx,</em></strong></span> <span class='ocrx_word' id='word_1_408' title='bbox 950 2507 979 2557; x_wconf 87' lang='lat' dir='ltr'><strong><em>id</em></strong></span> <span class='ocrx_word' id='word_1_409' title='bbox 996 2517 1036 2559; x_wconf 88' lang='lat' dir='ltr'><strong><em>est</em></strong></span> <span class='ocrx_word' id='word_1_410' title='bbox 1056 2507 1200 2559; x_wconf 86' lang='lat' dir='ltr'><strong><em>tribulatio</em></strong></span> <span class='ocrx_word' id='word_1_411' title='bbox 1219 2524 1272 2559; x_wconf 87' lang='lat' dir='ltr'><strong><em>nou</em></strong></span> 
     </span>
     <span class='ocr_line' id='line_1_80' title="bbox 740 2576 1274 2646; baseline 0.011 -22"><span class='ocrx_word' id='word_1_412' title='bbox 740 2586 789 2636; x_wconf 92' lang='lat' dir='ltr'><strong><em>est,</em></strong></span> <span class='ocrx_word' id='word_1_413' title='bbox 805 2576 880 2627; x_wconf 87' lang='lat' dir='ltr'><strong><em>nulla</em></strong></span> <span class='ocrx_word' id='word_1_414' title='bbox 902 2576 1032 2641; x_wconf 88' lang='lat' dir='ltr'><strong><em>patientia</em></strong></span> <span class='ocrx_word' id='word_1_415' title='bbox 1049 2586 1106 2642; x_wconf 86' lang='lat' dir='ltr'><strong><em>est;</em></strong></span> <span class='ocrx_word' id='word_1_416' title='bbox 1121 2587 1149 2628; x_wconf 89' lang='lat' dir='ltr'><strong><em>et</em></strong></span> <span class='ocrx_word' id='word_1_417' title='bbox 1161 2578 1210 2629; x_wconf 91' lang='lat' dir='ltr'><strong><em>ubi</em></strong></span> <span class='ocrx_word' id='word_1_418' title='bbox 1224 2593 1274 2646; x_wconf 81' lang='lat' dir='ltr'><strong><em>pa—</em></strong></span> 
     </span>
     <span class='ocr_line' id='line_1_81' title="bbox 738 2647 1273 2708; baseline 0.004 -8"><span class='ocrx_word' id='word_1_419' title='bbox 738 2647 833 2700; x_wconf 88' lang='lat' dir='ltr'><strong><em>tientia</em></strong></span> <span class='ocrx_word' id='word_1_420' title='bbox 849 2664 903 2698; x_wconf 92' lang='lat' dir='ltr'><strong><em>non</em></strong></span> <span class='ocrx_word' id='word_1_421' title='bbox 917 2658 967 2708; x_wconf 83' lang='lat' dir='ltr'><strong><em>est,</em></strong></span> <span class='ocrx_word' id='word_1_422' title='bbox 987 2664 1048 2700; x_wconf 81' lang='lat' dir='ltr'><strong><em>vera</em></strong></span> <span class='ocrx_word' id='word_1_423' title='bbox 1066 2651 1140 2701; x_wconf 83' lang='lat' dir='ltr'><strong><em>salus</em></strong></span> <span class='ocrx_word' id='word_1_424' title='bbox 1153 2665 1212 2701; x_wconf 89' lang='lat' dir='ltr'><strong><em>non</em></strong></span> <span class='ocrx_word' id='word_1_425' title='bbox 1224 2660 1273 2701; x_wconf 80' lang='lat' dir='ltr'><strong><em>ast.</em></strong></span> 
     </span>
     <span class='ocr_line' id='line_1_82' title="bbox 740 2720 1274 2787; baseline 0.002 -16"><span class='ocrx_word' id='word_1_426' title='bbox 740 2720 794 2771; x_wconf 90' lang='lat' dir='ltr'><strong><em>Cor</em></strong></span> <span class='ocrx_word' id='word_1_427' title='bbox 807 2730 898 2771; x_wconf 87' lang='lat' dir='ltr'><strong><em>autern</em></strong></span> <span class='ocrx_word' id='word_1_428' title='bbox 907 2720 1012 2785; x_wconf 90' lang='lat' dir='ltr'><strong><em>patiens</em></strong></span> <span class='ocrx_word' id='word_1_429' title='bbox 1026 2730 1078 2780; x_wconf 85' lang='lat' dir='ltr'><strong><em>est,</em></strong></span> <span class='ocrx_word' id='word_1_430' title='bbox 1086 2720 1131 2770; x_wconf 87' lang='lat' dir='ltr'><strong><em>cui</em></strong></span> <span class='ocrx_word' id='word_1_431' title='bbox 1144 2721 1274 2787; x_wconf 81' lang='lat' dir='ltr'><strong><em>gaudium</em></strong></span> 
     </span>
     <span class='ocr_line' id='line_1_83' title="bbox 740 2791 1273 2857; baseline -0.002 -15"><span class='ocrx_word' id='word_1_432' title='bbox 740 2800 780 2842; x_wconf 87' lang='lat' dir='ltr'><strong><em>est</em></strong></span> <span class='ocrx_word' id='word_1_433' title='bbox 803 2791 876 2856; x_wconf 92' lang='lat' dir='ltr'><strong><em>quod</em></strong></span> <span class='ocrx_word' id='word_1_434' title='bbox 900 2791 1065 2856; x_wconf 83' lang='lat' dir='ltr'><strong><em>despicitur;</em></strong></span> <span class='ocrx_word' id='word_1_435' title='bbox 1092 2800 1120 2842; x_wconf 87' lang='lat' dir='ltr'><strong><em>et</em></strong></span> <span class='ocrx_word' id='word_1_436' title='bbox 1144 2792 1221 2857; x_wconf 87' lang='lat' dir='ltr'><strong><em>quod</em></strong></span> <span class='ocrx_word' id='word_1_437' title='bbox 1244 2791 1273 2842; x_wconf 88' lang='lat' dir='ltr'><strong><em>in</em></strong></span> 
     </span>
     <span class='ocr_line' id='line_1_84' title="bbox 738 2861 1274 2929; baseline 0.006 -17"><span class='ocrx_word' id='word_1_438' title='bbox 738 2861 827 2928; x_wconf 81' lang='lat' dir='ltr'><strong><em>poenis</em></strong></span> <span class='ocrx_word' id='word_1_439' title='bbox 843 2871 870 2913; x_wconf 93' lang='lat' dir='ltr'><strong><em>et</em></strong></span> <span class='ocrx_word' id='word_1_440' title='bbox 886 2861 1041 2929; x_wconf 85' lang='lat' dir='ltr'><strong><em>quibusque</em></strong></span> <span class='ocrx_word' id='word_1_441' title='bbox 1064 2862 1274 2915; x_wconf 71' lang='lat' dir='ltr'><strong><em>adversitatibus</em></strong></span> 
     </span>
     <span class='ocr_line' id='line_1_85' title="bbox 737 2932 1274 2998; baseline 0.006 -16"><span class='ocrx_word' id='word_1_442' title='bbox 737 2932 853 2991; x_wconf 87' lang='lat' dir='ltr'><strong><em>laetatur,</em></strong></span> <span class='ocrx_word' id='word_1_443' title='bbox 865 2932 1003 2983; x_wconf 83' lang='lat' dir='ltr'><strong><em>exsultans</em></strong></span> <span class='ocrx_word' id='word_1_444' title='bbox 1017 2947 1065 2998; x_wconf 91' lang='lat' dir='ltr'><strong><em>pro</em></strong></span> <span class='ocrx_word' id='word_1_445' title='bbox 1079 2947 1111 2983; x_wconf 87' lang='lat' dir='ltr'><strong><em>eo</em></strong></span> <span class='ocrx_word' id='word_1_446' title='bbox 1125 2933 1202 2998; x_wconf 87' lang='lat' dir='ltr'><strong><em>qued</em></strong></span> <span class='ocrx_word' id='word_1_447' title='bbox 1216 2932 1274 2985; x_wconf 71' lang='lat' dir='ltr'><strong><em>aas</em></strong></span> 
     </span>
     <span class='ocr_line' id='line_1_86' title="bbox 738 3003 1272 3064; baseline 0.007 -10"><span class='ocrx_word' id='word_1_448' title='bbox 738 3004 809 3055; x_wconf 90' lang='lat' dir='ltr'><strong><em>sioni</em></strong></span> <span class='ocrx_word' id='word_1_449' title='bbox 822 3003 925 3055; x_wconf 83' lang='lat' dir='ltr'><strong><em>Christi</em></strong></span> <span class='ocrx_word' id='word_1_450' title='bbox 947 3015 974 3056; x_wconf 89' lang='lat' dir='ltr'><strong><em>et</em></strong></span> <span class='ocrx_word' id='word_1_451' title='bbox 988 3005 1136 3064; x_wconf 80' lang='lat' dir='ltr'><strong><em>humilitati</em></strong></span> <span class='ocrx_word' id='word_1_452' title='bbox 1149 3021 1208 3058; x_wconf 77' lang='lat' dir='ltr'><strong><em>sure</em></strong></span> <span class='ocrx_word' id='word_1_453' title='bbox 1219 3003 1272 3057; x_wconf 77' lang='lat' dir='ltr'><strong><em>ut-</em></strong></span> 
     </span>
     <span class='ocr_line' id='line_1_87' title="bbox 737 3075 1274 3143; baseline 0.006 -19"><span class='ocrx_word' id='word_1_454' title='bbox 737 3075 803 3142; x_wconf 93' lang='lat' dir='ltr'><strong><em>quid</em></strong></span> <span class='ocrx_word' id='word_1_455' title='bbox 818 3075 928 3141; x_wconf 83' lang='lat' dir='ltr'><strong><em>adjicere</em></strong></span> <span class='ocrx_word' id='word_1_456' title='bbox 938 3076 1034 3136; x_wconf 74' lang='lat' dir='ltr'><strong><em>nalem,</em></strong></span> <span class='ocrx_word' id='word_1_457' title='bbox 1048 3087 1075 3127; x_wconf 90' lang='lat' dir='ltr'><strong><em>et</em></strong></span> <span class='ocrx_word' id='word_1_458' title='bbox 1087 3077 1162 3143; x_wconf 91' lang='lat' dir='ltr'><strong><em>quod</em></strong></span> <span class='ocrx_word' id='word_1_459' title='bbox 1177 3077 1274 3129; x_wconf 81' lang='lat' dir='ltr'><strong><em>haheat</em></strong></span> 
     </span>
     <span class='ocr_line' id='line_1_88' title="bbox 737 3145 1271 3214; baseline 0.006 -18"><span class='ocrx_word' id='word_1_460' title='bbox 737 3147 809 3197; x_wconf 92' lang='lat' dir='ltr'><strong><em>unde</em></strong></span> <span class='ocrx_word' id='word_1_461' title='bbox 821 3146 876 3196; x_wconf 88' lang='lat' dir='ltr'><strong><em>Deo</em></strong></span> <span class='ocrx_word' id='word_1_462' title='bbox 892 3145 996 3214; x_wconf 89' lang='lat' dir='ltr'><strong><em>aliquid</em></strong></span> <span class='ocrx_word' id='word_1_463' title='bbox 1008 3145 1146 3199; x_wconf 85' lang='lat' dir='ltr'><strong><em>sacrificet.</em></strong></span> <span class='ocrx_word' id='word_1_464' title='bbox 1162 3147 1201 3199; x_wconf 91' lang='lat' dir='ltr'><strong><em>Et</em></strong></span> <span class='ocrx_word' id='word_1_465' title='bbox 1212 3146 1271 3198; x_wconf 81' lang='lat' dir='ltr'><strong><em>ideo</em></strong></span> 
     </span>
     <span class='ocr_line' id='line_1_89' title="bbox 737 3220 1273 3286; baseline 0.007 -17"><span class='ocrx_word' id='word_1_466' title='bbox 737 3234 834 3270; x_wconf 85' lang='lat' dir='ltr'><strong><em>omnes</em></strong></span> <span class='ocrx_word' id='word_1_467' title='bbox 859 3235 951 3286; x_wconf 86' lang='lat' dir='ltr'><strong><em>poenas</em></strong></span> <span class='ocrx_word' id='word_1_468' title='bbox 975 3230 1002 3270; x_wconf 88' lang='lat' dir='ltr'><strong><em>et</em></strong></span> <span class='ocrx_word' id='word_1_469' title='bbox 1025 3220 1201 3271; x_wconf 82' lang='lat' dir='ltr'><strong><em>adversitates</em></strong></span> <span class='ocrx_word' id='word_1_470' title='bbox 1225 3234 1273 3273; x_wconf 78' lang='lat' dir='ltr'><strong><em>oc·</em></strong></span> 
     </span>
     <span class='ocr_line' id='line_1_90' title="bbox 737 3291 1274 3359; baseline 0.004 -17"><span class='ocrx_word' id='word_1_471' title='bbox 737 3302 875 3342; x_wconf 89' lang='lat' dir='ltr'><strong><em>currentes</em></strong></span> <span class='ocrx_word' id='word_1_472' title='bbox 883 3292 960 3343; x_wconf 85' lang='lat' dir='ltr'><strong><em>unias</em></strong></span> <span class='ocrx_word' id='word_1_473' title='bbox 972 3307 1036 3342; x_wconf 91' lang='lat' dir='ltr'><strong><em>cum</em></strong></span> <span class='ocrx_word' id='word_1_474' title='bbox 1048 3291 1136 3359; x_wconf 83' lang='lat' dir='ltr'><strong><em>poenis</em></strong></span> <span class='ocrx_word' id='word_1_475' title='bbox 1146 3302 1174 3343; x_wconf 89' lang='lat' dir='ltr'><strong><em>et</em></strong></span> <span class='ocrx_word' id='word_1_476' title='bbox 1184 3293 1274 3344; x_wconf 83' lang='lat' dir='ltr'><strong><em>advet-</em></strong></span> 
     </span>
     <span class='ocr_line' id='line_1_91' title="bbox 738 3361 1273 3426; baseline 0.011 -16"><span class='ocrx_word' id='word_1_477' title='bbox 738 3361 863 3413; x_wconf 91' lang='lat' dir='ltr'><strong><em>sitatibus</em></strong></span> <span class='ocrx_word' id='word_1_478' title='bbox 881 3361 1003 3426; x_wconf 71' lang='lat' dir='ltr'><strong><em>Christi,</em></strong></span> <span class='ocrx_word' id='word_1_479' title='bbox 1024 3372 1055 3413; x_wconf 95' lang='lat' dir='ltr'><strong><em>ut</em></strong></span> <span class='ocrx_word' id='word_1_480' title='bbox 1075 3371 1101 3412; x_wconf 89' lang='lat' dir='ltr'><strong><em>et</em></strong></span> <span class='ocrx_word' id='word_1_481' title='bbox 1121 3377 1155 3415; x_wconf 90' lang='lat' dir='ltr'><strong><em>ex</em></strong></span> <span class='ocrx_word' id='word_1_482' title='bbox 1170 3362 1273 3415; x_wconf 78' lang='lat' dir='ltr'><strong><em>unione</em></strong></span> 
     </span>
     <span class='ocr_line' id='line_1_92' title="bbox 738 3431 1273 3497; baseline 0.007 -18"><span class='ocrx_word' id='word_1_483' title='bbox 738 3431 860 3497; x_wconf 91' lang='lat' dir='ltr'><strong><em>ipsorum</em></strong></span> <span class='ocrx_word' id='word_1_484' title='bbox 896 3432 1066 3494; x_wconf 86' lang='lat' dir='ltr'><strong><em>dulcescant,</em></strong></span> <span class='ocrx_word' id='word_1_485' title='bbox 1097 3441 1124 3484; x_wconf 91' lang='lat' dir='ltr'><strong><em>et</em></strong></span> <span class='ocrx_word' id='word_1_486' title='bbox 1157 3432 1216 3485; x_wconf 89' lang='lat' dir='ltr'><strong><em>Deo</em></strong></span> <span class='ocrx_word' id='word_1_487' title='bbox 1244 3431 1273 3483; x_wconf 90' lang='lat' dir='ltr'><strong><em>in</em></strong></span> 
     </span>
     <span class='ocr_line' id='line_1_93' title="bbox 737 3501 1274 3567; baseline 0.007 -15"><span class='ocrx_word' id='word_1_488' title='bbox 737 3517 845 3553; x_wconf 86' lang='lat' dir='ltr'><strong><em>summa</em></strong></span> <span class='ocrx_word' id='word_1_489' title='bbox 859 3501 989 3567; x_wconf 82' lang='lat' dir='ltr'><strong><em>patientia</em></strong></span> <span class='ocrx_word' id='word_1_490' title='bbox 1005 3502 1152 3554; x_wconf 84' lang='lat' dir='ltr'><strong><em>redoleant.</em></strong></span> <span class='ocrx_word' id='word_1_491' title='bbox 1172 3501 1274 3556; x_wconf 78' lang='lat' dir='ltr'><strong><em>Omnia</em></strong></span> 
     </span>
     <span class='ocr_line' id='line_1_94' title="bbox 736 3573 1274 3639; baseline 0.004 -17"><span class='ocrx_word' id='word_1_492' title='bbox 736 3587 800 3638; x_wconf 81' lang='lat' dir='ltr'><strong><em>ergo</em></strong></span> <span class='ocrx_word' id='word_1_493' title='bbox 814 3588 875 3639; x_wconf 86' lang='lat' dir='ltr'><strong><em>quae</em></strong></span> <span class='ocrx_word' id='word_1_494' title='bbox 889 3573 939 3623; x_wconf 91' lang='lat' dir='ltr'><strong><em>tibi</em></strong></span> <span class='ocrx_word' id='word_1_495' title='bbox 952 3573 1117 3635; x_wconf 85' lang='lat' dir='ltr'><strong><em>advenerint,</em></strong></span> <span class='ocrx_word' id='word_1_496' title='bbox 1133 3575 1193 3626; x_wconf 87' lang='lat' dir='ltr'><strong><em>sive</em></strong></span> <span class='ocrx_word' id='word_1_497' title='bbox 1204 3575 1274 3637; x_wconf 67' lang='lat' dir='ltr'><strong><em>lua,</em></strong></span> 
     </span>
     <span class='ocr_line' id='line_1_95' title="bbox 739 3641 1273 3704; baseline 0.009 -12"><span class='ocrx_word' id='word_1_498' title='bbox 739 3641 796 3693; x_wconf 86' lang='lat' dir='ltr'><strong><em>sive</em></strong></span> <span class='ocrx_word' id='word_1_499' title='bbox 809 3643 904 3704; x_wconf 89' lang='lat' dir='ltr'><strong><em>tristia,</em></strong></span> <span class='ocrx_word' id='word_1_500' title='bbox 922 3660 954 3695; x_wconf 85' lang='lat' dir='ltr'><strong><em>ex</em></strong></span> <span class='ocrx_word' id='word_1_501' title='bbox 965 3645 1051 3696; x_wconf 84' lang='lat' dir='ltr'><strong><em>nimis</em></strong></span> <span class='ocrx_word' id='word_1_502' title='bbox 1068 3644 1273 3697; x_wconf 76' lang='lat' dir='ltr'><strong><em>caritateaDeo</em></strong></span> 
     </span>
     <span class='ocr_line' id='line_1_96' title="bbox 738 3713 1273 3777; baseline 0.006 -14"><span class='ocrx_word' id='word_1_503' title='bbox 738 3713 789 3764; x_wconf 86' lang='lat' dir='ltr'><strong><em>tibi</em></strong></span> <span class='ocrx_word' id='word_1_504' title='bbox 801 3729 858 3765; x_wconf 86' lang='lat' dir='ltr'><strong><em>esse</em></strong></span> <span class='ocrx_word' id='word_1_505' title='bbox 874 3715 972 3767; x_wconf 87' lang='lat' dir='ltr'><strong><em>donata</em></strong></span> <span class='ocrx_word' id='word_1_506' title='bbox 984 3715 1137 3768; x_wconf 84' lang='lat' dir='ltr'><strong><em>certissime</em></strong></span> <span class='ocrx_word' id='word_1_507' title='bbox 1150 3716 1235 3777; x_wconf 52' lang='lat' dir='ltr'><strong><em>scias</em></strong></span> <span class='ocrx_word' id='word_1_508' title='bbox 1247 3724 1273 3766; x_wconf 86' lang='lat' dir='ltr'><strong><em>et</em></strong></span> 
     </span>
     <span class='ocr_line' id='line_1_97' title="bbox 738 3783 1272 3853; baseline 0.013 -19"><span class='ocrx_word' id='word_1_509' title='bbox 738 3783 852 3835; x_wconf 86' lang='lat' dir='ltr'><strong><em>omnino</em></strong></span> <span class='ocrx_word' id='word_1_510' title='bbox 862 3785 957 3838; x_wconf 84' lang='lat' dir='ltr'><strong><em>credas</em></strong></span> <span class='ocrx_word' id='word_1_511' title='bbox 962 3786 1037 3853; x_wconf 84' lang='lat' dir='ltr'><strong><em>quod</em></strong></span> <span class='ocrx_word' id='word_1_512' title='bbox 1050 3786 1145 3839; x_wconf 88' lang='lat' dir='ltr'><strong><em>omnia</em></strong></span> <span class='ocrx_word' id='word_1_513' title='bbox 1154 3803 1187 3840; x_wconf 85' lang='lat' dir='ltr'><strong><em>ex</em></strong></span> <span class='ocrx_word' id='word_1_514' title='bbox 1199 3796 1272 3841; x_wconf 76' lang='lat' dir='ltr'><strong><em>tnta</em></strong></span> 
     </span>
    </p>
   </div>
   <div class='ocr_carea' id='block_1_11' title="bbox 151 3849 1273 3924">
    <p class='ocr_par' dir='ltr' id='par_1_12' title="bbox 151 3849 1273 3924">
     <span class='ocr_line' id='line_1_98' title="bbox 151 3849 1273 3924; baseline 0.01 -23"><span class='ocrx_word' id='word_1_515' title='bbox 151 3849 235 3903; x_wconf 81' lang='lat' dir='ltr'><strong><em>iacere</em></strong></span> <span class='ocrx_word' id='word_1_516' title='bbox 260 3854 330 3907; x_wconf 88' lang='lat' dir='ltr'><strong><em>inter</em></strong></span> <span class='ocrx_word' id='word_1_517' title='bbox 356 3865 384 3906; x_wconf 89' lang='lat' dir='ltr'><strong><em>te</em></strong></span> <span class='ocrx_word' id='word_1_518' title='bbox 409 3865 438 3907; x_wconf 91' lang='lat' dir='ltr'><strong><em>et</em></strong></span> <span class='ocrx_word' id='word_1_519' title='bbox 465 3853 557 3923; x_wconf 86' lang='lat' dir='ltr'><strong><em>ipsum</em></strong></span> <span class='ocrx_word' id='word_1_520' title='bbox 583 3856 682 3909; x_wconf 85' lang='lat' dir='ltr'><strong><em>Deum.</em></strong></span> <span class='ocrx_word' id='word_1_521' title='bbox 711 3864 825 3909; x_wconf 83' lang='lat' dir='ltr'><strong><em>&#39;amore</em></strong></span> <span class='ocrx_word' id='word_1_522' title='bbox 847 3856 950 3909; x_wconf 85' lang='lat' dir='ltr'><strong><em>Christi</em></strong></span> <span class='ocrx_word' id='word_1_523' title='bbox 974 3856 1025 3910; x_wconf 88' lang='lat' dir='ltr'><strong><em>tibi</em></strong></span> <span class='ocrx_word' id='word_1_524' title='bbox 1048 3857 1222 3924; x_wconf 77' lang='lat' dir='ltr'><strong><em>proveniant.</em></strong></span> <span class='ocrx_word' id='word_1_525' title='bbox 1242 3865 1273 3911; x_wconf 80' lang='lat' dir='ltr'><strong><em>ut</em></strong></span> 
     </span>
    </p>
   </div>
   <div class='ocr_carea' id='block_1_12' title="bbox 0 0 1320 4320">
    <p class='ocr_par' dir='ltr' id='par_1_13' title="bbox 0 0 1320 4320">
     <span class='ocr_line' id='line_1_99' title="bbox 0 0 1320 4320; baseline 0 1"><span class='ocrx_word' id='word_1_526' title='bbox 0 0 1320 4320; x_wconf 95' lang='lat' dir='ltr'><strong><em> </em></strong></span> 
     </span>
    </p>
   </div>
  </div>
 </body>
</html>
