2632 4320
144 269 195 321 106

141 403 202 454 quae
227 388 436 454 comparatione.
452 400 479 440 et
506 391 603 441 merito
628 393 672 443 sui

142 459 179 509 ita
201 470 301 519 erunt,
329 460 407 525 quasi
439 476 522 526 parvo
558 479 672 513 numero

142 534 312 584 centenarius
325 550 456 585 numerus
469 547 672 603 comparetur.»

144 604 223 655 Unde
238 614 266 654 et
283 606 476 671 Augustinus.-
490 626 504 653 u
517 608 575 657 Hoc
590 608 672 658 etiam

143 675 216 740 quod
231 675 276 724 hic
291 676 409 727 dicitur:
425 678 580 745 Centuplum
594 681 672 730 acci·

139 746 204 811 piet,
216 762 353 812 exponens
372 751 573 815 quodammodo
597 753 674 817 Apo-

142 819 228 867 stolus
241 818 279 868 ait
295 837 302 869 :
318 819 404 880 Quasi
423 822 493 872 nihil
511 822 635 874 menies
648 831 675 873 et

142 889 231 938 omnia
252 891 431 956 possidentes,
460 894 576 944 Centum
599 894 674 944 enim

145 975 193 1026 pro
232 962 289 1027 ipsa
314 964 489 1016 universitate
515 966 635 1032 ponitur.
659 986 673 1014 s

147 1037 223 1086 Unde
246 1038 392 1104 Cyriilus:
407 1058 422 1086 a
432 1040 459 1090 Si
476 1040 589 1091 domum
608 1041 673 1108 quis

142 1106 275 1168 dimittat,
299 1110 411 1174 recipiet
438 1111 593 1163 mansiones
625 1129 674 1162 su-

142 1192 254 1244 pernas;
269 1180 292 1230 si
312 1192 424 1246 patrem,
440 1182 545 1232 Patrem
562 1183 675 1233 habebit

144 1251 293 1314 coelestem,
308 1252 332 1301 si
347 1268 362 1301 a
378 1253 514 1319 germanis
526 1254 674 1314 recesserit,

146 1320 174 1370 in
189 1321 298 1372 fratrem
313 1323 387 1373 hunc
405 1324 513 1390 recipiet
534 1325 673 1388 Christus;

144 1403 207 1444 curt
232 1394 367 1444 dimiserit
387 1395 537 1462 conjugem,
554 1395 676 1446 inveniet

146 1467 267 1517 divinam
295 1469 474 1534 sapientiam,
496 1487 513 1521 a
534 1486 588 1536 qua
612 1485 676 1535 pro-

144 1539 244 1589 creabit
253 1539 408 1606 spirituales
421 1541 525 1592 fructus
533 1557 541 1604 ;
557 1557 607 1607 pro
617 1555 676 1591 ma·

144 1619 184 1659 tre
204 1620 306 1671 autem,
327 1611 447 1662 inveniet
459 1613 607 1663 Jerusalem
620 1626 677 1662 coe-

145 1681 249 1741 lesum,
273 1697 335 1748 quae
360 1689 402 1733 est
425 1689 511 1734 mater·
533 1689 677 1734 nostrat»

146 1752 203 1803 haec
218 1754 353 1821 Cyrillus.
376 1755 449 1806 Loco
470 1755 552 1806 etiam
576 1771 678 1822 pauco-

148 1841 210 1876 rum
224 1828 383 1889 amicorum,
396 1829 507 1894 recipiet
524 1831 618 1888 multa,
634 1844 678 1879 se-

146 1900 266 1950 cundum
304 1902 371 1951 illud
408 1904 527 1952 Actuum
551 1919 560 1952 ι
588 1903 680 1953 Erant

147 1969 204 2020 illis
215 1971 304 2020 omnia
313 1971 472 2022 communia.
488 1972 566 2022 Unde
579 1972 609 2023 ia
621 1973 679 2023 col-

147 2045 246 2096 latione
265 2046 370 2097 abbatis
391 2047 510 2098 Abralrce
530 2065 539 2098 .·
561 2067 576 2095 u
589 2049 679 2098 Mani-

147 2119 245 2168 festum
259 2130 300 2169 est
317 2120 392 2169 enirn
414 2135 478 2170 eum
503 2120 550 2186 qui
575 2121 679 2186 aliquid

149 2190 321 2254 secularium,
340 2192 382 2241 vel
403 2191 548 2241 affectuum
563 2193 609 2242 vel
630 2193 679 2242 bo-

148 2278 255 2324 norum,
274 2265 385 2314 Christo
403 2266 541 2327 suadente,
562 2276 680 2317 contem·

148 2334 239 2398 pserit,
261 2351 276 2385 a
298 2335 427 2387 fratribus
447 2346 528 2403 atque
545 2339 679 2388 consorti-

147 2406 198 2456 bus
209 2408 340 2472 propositi
352 2408 412 2469 sui,
429 2409 478 2475 qui
499 2410 523 2459 ei
545 2409 678 2475 spirituali

148 2480 254 2547 glutino
272 2482 441 2549 colligantur,
467 2484 594 2549 centuplo
617 2499 680 2550 gra-

148 2551 245 2603 tiorem
266 2554 347 2605 etiam
369 2555 398 2605 in
422 2555 540 2607 hacvita
563 2555 680 2621 recipere

147 2625 294 2678 caritatem.
329 2628 494 2694 Centuplum
523 2627 603 2678 etiam
630 2627 681 2677 fra·

148 2705 220 2745 trum
240 2709 417 2762 parentumve
434 2698 544 2764 recipiet
568 2698 680 2764 quanti-

147 2774 239 2826 tatem,
263 2767 389 2832 quisquis
416 2768 499 2832 patris
528 2769 611 2818 unius
638 2769 679 2819 vel

148 2838 262 2897 matris,
284 2853 333 2888 seu
353 2839 472 2888 filiorum
500 2853 549 2904 pro
577 2838 680 2893 Christi

150 2908 259 2958 nomine
273 2909 383 2959 caritate
397 2918 561 2976 contempta,
575 2909 604 2959 in
618 2926 681 2960 om-

150 2978 226 3028 nium
242 2980 289 3045 qui
302 2980 413 3030 Christo
429 2976 592 3043 deserviunt,
612 2981 681 3031 dile·

147 3048 266 3099 ctionem
279 3050 488 3103 sincerissimam
504 3052 620 3112 transiit,
632 3068 681 3119 pro

148 3134 203 3169 uno
212 3120 313 3171 scilicet
323 3131 361 3171 tot
375 3122 509 3189 incipiens
521 3123 619 3173 habere
631 3139 681 3189 pa·

147 3202 202 3241 tres
230 3189 392 3259 fratresque,
417 3193 578 3244 ferventiore
600 3206 681 3261 atque

149 3263 332 3328 prastarrtiore
345 3264 398 3313 sibi
414 3262 554 3314 affectione
567 3266 681 3331 conjun-

150 3344 215 3384 ctos.
236 3334 414 3400 Multiplicata
433 3335 514 3384 etiam
534 3335 680 3386 domorum

151 3413 231 3470 atque
247 3420 373 3471 agrorum
392 3405 571 3470 possessione,
586 3407 682 3456 ditabi-

149 3484 192 3526 tur
207 3477 341 3544 quisquis,
356 3492 411 3527 una
422 3477 504 3528 domo
518 3492 566 3542 pro
580 3477 680 3528 Christi

148 3546 291 3598 dilectione
301 3548 411 3612 rejecta,
429 3547 573 3597 innumera
582 3562 680 3598 mona-

149 3619 292 3669 steriorum
306 3620 466 3679 habitacula,
476 3629 604 3684 tanquam
616 3633 680 3683 pro·

150 3690 207 3755 pria
232 3692 389 3758 possidebit,
408 3691 437 3741 in
456 3699 617 3756 quacunque
632 3706 680 3741 or-

151 3760 193 3811 bis
208 3774 282 3827 parte
297 3765 371 3814 velut
390 3763 418 3812 in
435 3776 493 3812 sure
514 3762 611 3810 domus
622 3761 680 3826 jure

150 3837 312 3889 succedens:
327 3858 340 3885 u
355 3839 413 3888 hrec
424 3835 572 3888 Abraham.

180 3905 197 3955 li
214 3908 251 3957 fir
265 3902 356 3960 nimus
376 3926 458 3962 vrrssr
473 3924 603 3959 mrsaasu
615 3922 679 3957 eos-

438 272 614 324 SECUNDAE
629 273 755 325 Pharis
772 274 890 330 CAPUT
905 280 974 331 XIII.

726 410 865 445 sinentur.
892 424 926 433 -
957 396 1080 447 Tertium
1114 395 1259 460 praemium

726 466 877 532 subiungit,
901 482 963 518 cum
985 468 1052 518 dicit
1074 483 1082 517 ι
1106 468 1146 517 Et
1175 468 1260 517 vitm

726 545 854 589 eternam
869 541 1027 605 possidebit,
1043 541 1146 590 scilicet
1161 540 1192 590 ia
1213 539 1260 591 iu-

727 618 797 659 turo.
824 611 902 663 Unde
929 612 1102 678 Augustinus
1123 628 1131 661 :
1157 629 1171 657 u
1190 610 1262 671 Qtu'a

728 681 846 732 multum
860 693 954 733 amant
981 682 1106 733 homines
1125 682 1218 732 vivere
1231 680 1261 733 'ur

727 750 777 800 hac
798 761 876 816 terra,
905 753 1038 819 promissa
1064 763 1105 804 est
1119 753 1175 805 illis
1190 753 1259 817 vitm

727 833 753 872 et
765 825 830 889 quia
842 827 961 877 multum
980 827 1080 877 timent
1099 826 1180 888 mori,
1196 840 1262 891 pro-

728 892 811 945 missa
821 905 865 946 est
878 896 932 947 illis
946 907 1054 948 aeterna.
1068 898 1125 946 Hoc
1140 895 1264 947 sufficere

728 963 819 1014 visum
842 977 884 1019 est
902 968 1028 1019 humanm
1054 966 1216 1027 infirmitati,
1233 975 1264 1017 ut

727 1034 869 1101 diceretur,
886 1038 999 1089 habebis
1015 1039 1100 1089 vitam
1119 1047 1261 1087 aetemam.

728 1108 859 1158 Amemus
883 1110 967 1160 vitam
979 1121 1117 1170 aeternam,
1139 1124 1216 1161 etex
1231 1123 1263 1160 eo

728 1179 883 1230 noverimus
895 1190 1028 1246 quantum
1044 1197 1094 1246 pro
1116 1180 1170 1232 vita
1181 1190 1264 1231 eeter-

728 1266 762 1300 na
784 1250 905 1302 laborare
925 1253 1070 1313 debemus,
1085 1268 1150 1303 cum
1170 1252 1264 1303 videa-

729 1340 791 1374 mus
815 1325 941 1376 homines
970 1337 1101 1377 amatores
1125 1324 1265 1392 praeserttis
1287 1355 1291 1363 ·

728 1395 789 1445 vitae
803 1397 959 1462 temporalis
976 1407 1059 1463 atque
1073 1396 1209 1456 finiende,
1224 1394 1263 1446 sic

730 1481 779 1530 pro
790 1466 837 1517 illa
854 1468 985 1532 laborare,
1004 1479 1037 1519 ut
1056 1469 1167 1535 quando
1178 1480 1264 1518 veae·

729 1537 765 1586 rit
789 1539 885 1589 mortis
903 1549 1006 1599 metus,
1031 1539 1169 1606 quidquid
1197 1552 1265 1605 pos-

730 1618 793 1658 sunt
811 1610 922 1671 faciunt,
943 1627 999 1661 uon
1013 1622 1044 1662 ut
1059 1610 1192 1671 auferant,
1216 1609 1263 1660 sed

730 1688 760 1728 ut
787 1679 913 1732 differant
941 1691 1080 1731 mortem:
1095 1700 1108 1728 n
1123 1681 1182 1731 haec
1204 1681 1266 1731 Λι-

731 1752 866 1816 gustinus.
888 1753 963 1804 Felix
985 1764 1128 1819 paupertas
1146 1766 1265 1819 quaere-

732 1824 797 1890 cipit
809 1828 968 1893 centuplum
981 1827 1012 1876 in
1033 1826 1168 1892 praesenti,
1184 1834 1212 1876 et
1224 1822 1266 1875 vi-
1289 1882 1292 1889 ¹

731 1905 787 1946 tam
823 1909 953 1950 aeternam
986 1899 1015 1949 in
1051 1898 1160 1958 futuro,
1191 1894 1266 1963 quod

732 1985 830 2036 magna
843 1971 923 2023 debet
940 1987 999 2022 esse
1017 1971 1119 2022 Christi
1137 1967 1266 2035 pauperi·

732 2040 784 2091 bus
808 2042 969 2094 consolatio!
986 2042 1064 2094 Unde
1080 2038 1265 2091 Bernartius:

733 2132 746 2159 a
759 2114 926 2181 Centuplum,
956 2115 1066 2181 inquit,
1089 2113 1219 2178 accipiet,
1239 2115 1267 2160 ei

732 2186 814 2236 vitam
844 2193 973 2238 oeteruam
1007 2187 1165 2254 possidebit.
1197 2181 1265 2235 iliud

733 2255 761 2305 in
774 2257 828 2317 via,
849 2258 900 2308 hoc
916 2258 944 2308 in
958 2259 1054 2324 patria.
1069 2258 1138 2308 [llud
1165 2268 1266 2306 conso·

732 2327 797 2377 latio
822 2329 962 2394 praesentis
988 2328 1108 2388 laboris,
1142 2326 1196 2377 hoc
1220 2323 1265 2375 fu-

733 2409 800 2449 turae
826 2399 962 2451 felicitatis
990 2396 1190 2450 consummatio
1216 2401 1265 2445 est.

734 2470 779 2521 Sic
795 2470 929 2521 nimirum
942 2470 1073 2536 operariis
1087 2468 1169 2533 huius
1182 2462 1266 2516 seculi

733 2544 803 2593 solet
812 2543 891 2594 cibus
902 2543 930 2592 in
945 2558 1036 2608 opere,
1051 2539 1198 2619 merces‘in
1214 2536 1266 2587 line

734 2615 800 2665 dari.
821 2613 865 2664 Sic
888 2612 1069 2663 militantibus
1088 2621 1117 2660 et
1132 2607 1266 2674 stipendia

733 2686 924 2737 ministrantur
943 2699 992 2750 pro
1016 2681 1174 2733 necessitate
1197 2690 1267 2730 mm·

734 2760 823 2827 poris,
850 2769 876 2809 et
901 2757 1081 2809 novissimum
1108 2752 1266 2804 donativum

733 2833 821 2896 maius
843 2840 970 2898 erogatur
992 2845 1041 2895 pro
1061 2825 1215 2894 quantitate
1226 2822 1266 2872 la-

734 2906 816 2955 boris.
830 2903 874 2955 Sic
886 2913 929 2954 est
944 2901 1008 2952 filiis
1022 2900 1102 2951 lsrael
1118 2899 1207 2948 donec
1218 2904 1268 2944 ter

735 2994 793 3028 ram
808 2976 998 3043 promissionis
1013 2975 1153 3032 intrarent,
1175 2971 1204 3021 in
1219 2968 1267 3037 de-

734 3060 806 3100 serto
833 3063 935 3098 manna
961 3062 1016 3096 non
1051 3044 1153 3109 defuit;
1178 3052 1207 3093 et
1234 3040 1267 3092 ab

734 3119 853 3171 Ecclesia
872 3128 933 3184 post
946 3116 1095 3184 quesitum
1110 3115 1187 3181 regni
1211 3127 1269 3164 cce·

735 3192 811 3242 lestis
826 3192 982 3248 adventum,
1000 3187 1181 3253 quotidianus
1193 3181 1270 3250 pauit

734 3262 856 3328 quotidie
874 3260 974 3326 petitur
990 3259 1018 3308 in
1036 3257 1167 3316 oratione,
1187 3267 1270 3321 quam

735 3333 792 3398 ipse
807 3332 929 3383 Salvator
946 3328 1087 3379 instituit:
1102 3346 1116 3374 »
1130 3327 1191 3377 haec
1206 3326 1272 3375 Ber·

734 3404 845 3455 nardus.

764 3475 880 3540 7Quarr
904 3488 992 3524 urrais
1017 3485 1104 3521 nurus
1136 3482 1272 3519 emersu·

734 3563 822 3598 rioms
839 3560 1041 3596 cousrnaarrro.
1064 3571 1102 3608 ··.
1121 3540 1274 3593 Considera

733 3636 796 3686 ergo
821 3620 891 3669 bene
912 3619 983 3668 hanc
1004 3615 1223 3674 retributionem,
1246 3622 1273 3664 et

734 3692 829 3758 gaude,
839 3702 866 3742 et
883 3691 981 3756 gratias
996 3703 1046 3755 age
1062 3689 1118 3738 Deo
1133 3687 1182 3752 qui
1196 3696 1224 3736 te
1238 3684 1273 3735 ad

733 3763 814 3813 talem
843 3761 955 3812 adduxit
989 3757 1220 3825 negotiationem,
1242 3763 1274 3806 ut

733 3834 779 3885 hic
791 3834 825 3883 de
848 3849 902 3883 uno
929 3831 1040 3883 lucreris
1056 3831 1227 3895 centuplum,
1246 3836 1274 3877 et

733 3904 914 3955 nihilominus
925 3912 1016 3969 postea
1034 3901 1118 3952 vitam
1130 3910 1273 3949 aeternam.
