2632 4320
163 337 204 388 DE
221 337 383 388 TRIBUTO
404 335 476 387 PRO
502 334 643 386 DOMINO
664 335 713 385 ET
743 336 862 387 PETRO
885 335 1038 398 SOLUTO,
1064 335 1142 386 ETC.
1174 351 1206 400 41
1239 401 1244 411 .

114 451 247 512 Christum,
275 468 322 519 per
349 450 490 518 religionis
518 450 624 517 ingres-

114 536 172 588 tum3
189 523 323 574 tamenin
338 522 479 573 Christum
491 521 624 584 credebat,

111 603 131 644 et
142 593 196 644 ideo
209 594 309 644 dicitur
323 609 381 645 esse
395 609 456 643 cum
472 593 520 652 eis,
535 601 561 642 et
571 607 623 641 non

92 675 200 725 .contra‚
228 664 292 731 quia
318 680 416 715 nomen
442 662 545 714 Christi
568 679 623 712 non

110 733 303 801 blasphemabat,
318 744 349 785 ut
361 735 457 794 ludaei,
473 749 543 800 quos
556 732 626 783 dixit

64 838 70 887 ἶ
108 819 184 859 contra
195 824 224 860 se
236 824 304 860 esse.
313 809 355 868 Et,
365 819 394 859 ut
402 809 440 858 ait
449 807 624 858 Ambrosius.-

64 892 69 955 s
109 879 182 929 «Non
203 879 411 946 reprehenditur
421 880 545 938 loannes,
560 877 625 944 quia

109 962 133 998 cx
146 965 233 999 amore
254 949 382 1012 faciebat;
410 964 472 998 nam
491 947 625 1014 praecipua

64 1042 66 1049 ·
109 1017 233 1070 devotione
248 1020 363 1086 diligens
380 1021 476 1079 Deum,
491 1029 517 1069 et
535 1034 550 1069 a
568 1019 624 1069 Deo

108 1087 213 1151 dilectus,
234 1094 337 1156 putavit
349 1106 411 1141 eum
428 1089 623 1140 excludendum

109 1172 182 1210 ossea
205 1161 335 1212 beneficio
356 1161 493 1224 ejectionis
517 1162 623 1210 daerno-

111 1244 163 1279 num
176 1242 204 1281 et
217 1231 385 1295 hujusmodi,
396 1231 443 1297 qui
458 1247 513 1280 non
529 1230 624 1280 uteba-

110 1311 144 1350 tur
155 1303 240 1354 officio
253 1303 440 1370 discipulatus,
454 1313 481 1352 et
492 1301 624 1367 obsequio

111 1375 222 1439 sequendi
239 1375 389 1426 Christum.
400 1374 451 1423 Sed
461 1374 571 1423 docetur
585 1371 625 1421 in-

112 1440 233 1496 firmorum
261 1460 332 1506 esse,
357 1444 552 1509 firmorumque
578 1441 624 1491 di-

112 1517 227 1578 stantiam,
241 1518 305 1585 quia
319 1519 455 1567 Dominus
466 1516 516 1566 etsi
532 1530 625 1564 remu-

113 1600 171 1639 neret
182 1589 315 1650 fortiores,
332 1606 387 1640 non
405 1599 495 1639 tamen
507 1586 624 1638 excludit

114 1657 217 1712 infirmos
224 1679 231 1725 ;
246 1673 272 1712 et
282 1662 420 1712 neminem
431 1676 446 1710 a
460 1662 539 1720 bono,
550 1659 623 1726 quod

64 1754 66 1759 ·
114 1743 138 1778 ex
151 1743 215 1796 parte
227 1733 317 1792 habet,
336 1748 394 1783 esse
408 1733 561 1792 arcendum,
577 1731 623 1781 sed

113 1801 194 1854 adhoc
207 1805 294 1871 potius
308 1805 380 1872 quod
399 1805 520 1854 nondum
533 1803 623 1862 habet,

115 1884 160 1921 esse
169 1876 361 1938 provocandum
376 1885 401 1924 et
412 1873 579 1924 invitandum
592 1890 599 1922 z
610 1892 623 1920 n

115 1940 159 1994 haec
168 1949 329 1999 Ambrosius.
347 1947 426 1997 Tales
442 1946 523 1996 etiam
538 1946 574 1995 ob
584 1961 625 1996 sa-

116 2014 181 2069 lutem
205 2020 364 2070 admittendi
389 2029 530 2069 censentur
555 2017 624 2068 alio-

64 2122 66 2131 .
115 2099 168 2150 rum,
181 2101 204 2140 et
217 2108 272 2141 non
287 2102 341 2141 tam
352 2101 459 2156 propter
468 2089 530 2139 illos
541 2105 623 2156 quam

64 2158 66 2177 “
114 2169 200 2224 propter
211 2162 326 2212 aliorum
344 2161 491 2213 utilitatem,
501 2171 541 2211 est
556 2176 623 2227 gau-

115 2227 227 2300 dendum;
242 2234 307 2301 quia
317 2234 377 2284 licet
391 2234 443 2284 sibi
461 2234 624 2300 quandoque

115 2313 213 2368 noceant,
234 2305 328 2355 multis
341 2313 430 2354 tamen
453 2303 481 2354 in
505 2304 624 2354 Ecclesia

114 2382 212 2431 prosunt.
226 2376 302 2426 Unde
316 2374 352 2425 ait
367 2375 461 2425 Beda:
478 2394 491 2421 n
507 2375 563 2424 Hac
572 2376 624 2424 do-

113 2450 155 2494 ctus
166 2447 292 2498 sententia
308 2447 375 2497 dicit
385 2447 531 2514 Apostolus
547 2464 553 2496 :
567 2447 624 2498 Sed

114 2513 156 2566 the
166 2520 309 2582 occasione,
331 2519 387 2570 sive
407 2520 519 2570 veritate
542 2519 623 2569 Chri-

114 2591 157 2637 stus
168 2591 345 2653 annuntietur,
361 2591 427 2641 etin
442 2591 491 2641 hoc
505 2591 622 2656 gaudeo,

113 2655 148 2706 ud
158 2666 180 2710 et
191 2661 324 2728 gaudebo.
339 2661 429 2726 ltaque
448 2660 476 2710 in
491 2659 624 2709 lraereticis

113 2735 131 2774 et
140 2726 161 2778 in
170 2732 244 2781 malis
256 2730 397 2782 catholicis
408 2747 463 2780 non
474 2745 622 2780 sacramen-

112 2801 285 2852 ncommunia
307 2801 336 2851 in
357 2801 458 2868 quibus
481 2798 621 2850 nobiscum

112 2881 165 2937 tunt,
184 2885 209 2925 et
236 2875 379 2925 adversum
400 2889 451 2923 nos
477 2889 532 2922 non
550 2884 621 2937 sunt,

111 2943 146 2992 etsi
165 2945 310 2998 Dominum
325 2963 380 2996 non
404 2957 553 3013 sequuntur
570 2963 622 2997 no·

110 3011 204 3081 biscum,
223 3011 348 3069 d‘etestari
362 3028 388 3069 et
402 3019 545 3083 prohibere
572 3020 622 3069 de-

680 450 774 501 bemus
790 467 796 501 :
811 470 824 498 n
838 451 990 502 haecBeda.
1006 450 1041 501 Et
1056 466 1110 500 non
1121 450 1210 499 solum

679 521 739 571 talis
750 521 842 586 ejectio
857 523 1009 572 daemonum
1031 521 1092 571 facit
1108 523 1140 572 ad
1162 521 1211 571 de-

680 592 853 641 clarationem
882 591 991 642 virtutis
1016 592 1135 656 Christi;
1164 592 1209 641 sed

681 665 762 716 etiam
778 665 842 732 quia
857 665 985 716 beneficia
999 666 1091 716 divina
1103 681 1158 715 non
1171 679 1213 715 so·

681 737 738 786 lum
755 737 851 786 dantur
866 752 913 802 per
928 736 1048 800 majores,
1064 736 1110 786 sed
1131 736 1210 786 etiam

677 807 822 873 aliquando
836 823 884 873 per
905 807 1022 857 minores
1042 817 1068 857 et
1085 804 1210 871 imperfe-

678 887 750 938 ctos,
776 887 806 927 ut
831 877 859 926 in
883 878 934 928 hoc
955 876 1034 927 etiam
1062 876 1211 927 declaretur

678 948 762 999 virtus
783 949 904 1000 nominis
931 947 1048 1007 Christi,
1073 963 1133 1014 quae
1163 962 1210 1013 per

679 1036 789 1088 magnos
803 1031 829 1071 et
856 1036 951 1087 parvos
966 1019 1145 1070 indifferenter
1159 1035 1211 1085 po·

677 1101 730 1142 test
757 1092 870 1156 operari.
891 1091 970 1142 Unde
1006 1090 1169 1155 Theophilus
1200 1107 1209 1140 .·

679 1180 692 1208 n
712 1162 808 1212 Mirare
828 1174 918 1213 autem
940 1160 1042 1213 Christi
1063 1160 1210 1225 virtutem;

677 1232 792 1298 qualiter
804 1249 851 1299 per
863 1233 998 1299 indignos,
1013 1241 1040 1282 et
1055 1247 1109 1281 non
1127 1230 1210 1281 disci-

678 1307 757 1371 pulos
773 1307 829 1371 ejus
853 1306 937 1372 gratia
961 1314 1093 1371 operatur.
1117 1303 1163 1353 Sic
1185 1312 1211 1353 et

678 1393 725 1442 per
736 1379 887 1428 sacerdotes
903 1376 1103 1428 sanctificantur
1116 1373 1211 1424 homi-

678 1467 735 1510 nes,
750 1451 876 1517 quamvis
891 1451 1039 1501 sacerdotes
1057 1448 1141 1499 sancti
1157 1463 1210 1497 non

679 1522 779 1572 fuerint
795 1539 801 1573 :
815 1541 828 1569 n
847 1522 905 1572 haec
918 1521 1090 1586 Theophilus.
1106 1519 1134 1568 Si
1147 1534 1210 1584 ergo

678 1596 785 1646 amalis
798 1595 844 1646 liat
855 1612 925 1662 opus
940 1596 1042 1645 bonum
1057 1595 1089 1644 de
1105 1607 1210 1659 genere,

679 1682 733 1715 non
749 1665 909 1731 prohibendi
924 1676 989 1716 sunt
1005 1665 1056 1714 hoc
1067 1664 1159 1723 facere,
1174 1663 1211 1713 li·

678 1747 718 1786 cet
732 1736 806 1786 enim
823 1751 891 1801 opus
904 1736 956 1786 tale
973 1751 1026 1784 non
1043 1735 1078 1784 sit
1097 1734 1211 1785 merito-

678 1807 749 1857 rium
760 1805 817 1855 sine
830 1805 948 1865 caritate,
964 1816 1054 1857 tamen
1070 1814 1109 1853 est
1123 1804 1212 1869 dispo·

677 1879 788 1930 sitivum
805 1879 837 1928 ad
850 1877 1066 1929 emendationem
1076 1875 1145 1927 vitae.
1161 1877 1212 1927 Per

678 1952 761 2002 istum
789 1950 836 2017 qui
860 1967 915 2001 non
944 1959 998 2000 erat
1026 1949 1059 1999 de
1086 1948 1212 1998 societate

677 2023 880 2088 Apostolorum,
890 2021 1011 2087 signatur
1019 2019 1102 2070 laicus
1113 2019 1212 2079 bonus,

678 2093 789 2160 quinon
804 2093 883 2143 habet
898 2089 1060 2157 praedicandi
1073 2089 1210 2153 officium;

678 2173 767 2214 tamen
779 2163 857 2217 bunis
870 2163 958 2214 verbis
971 2171 996 2212 et
1015 2160 1145 2226 exemplis
1156 2158 1212 2225 agit

677 2234 711 2283 ad
729 2233 915 2299 expulsionem
939 2231 1071 2283 daemonis
1092 2231 1126 2280 de
1148 2244 1210 2279 cor-

677 2305 757 2356 dibus
787 2306 982 2372 proximorum,
1006 2301 1131 2370 quamvis
1157 2316 1211 2351 non

677 2386 805 2442 sequatur
827 2376 965 2426 Christum
981 2390 1028 2440 per
1045 2382 1144 2423 statum
1166 2387 1210 2422 re·

677 2448 788 2515 ligionis
803 2459 829 2500 et
842 2450 1004 2499 clericatum.
1026 2447 1095 2496 Ecce
1110 2454 1211 2512 quanta

677 2521 800 2572 inritatio
822 2522 854 2572 ad
869 2519 1061 2580 humilitatem,
1082 2518 1210 2582 adquam

678 2590 774 2641 invitat
788 2600 916 2656 tanquam
933 2589 965 2638 ad
986 2588 1114 2638 virtutem
1134 2585 1210 2636 chri-

677 2660 883 2723 stianissimam;
908 2660 953 2710 sed
980 2667 1069 2708 tamen
1096 2657 1128 2707 ad
1151 2672 1210 2707 eam

676 2731 766 2782 venire
784 2730 944 2790 differimus,
963 2744 1050 2796 usque
1063 2729 1095 2778 ad
1113 2727 1210 2779 horam

676 2818 850 2869 supremam,
880 2802 1065 2868 superbientes
1089 2802 1209 2867 quandiu

675 2876 805 2937 valemus,
824 2877 884 2926 licet
907 2890 954 2940 per
976 2873 1130 2939 superbiam
1151 2874 1209 2924 dae-

676 2964 771 2999 mones
783 2948 930 2999 efficiamur
947 2947 954 2997 l

589 3227 724 3278 ORATIO

125 3420 237 3474 Domine
250 3424 312 3474 Jesu
327 3422 443 3487 Christe,
455 3424 489 3473 da
499 3421 568 3471 milti
582 3431 613 3471 ut
628 3421 723 3470 vadam
735 3420 767 3470 ad
779 3435 861 3479 mare,
873 3419 1045 3485 recogitando
1060 3424 1163 3484 peccata
1178 3413 1207 3461 in

102 3496 269 3547 amaritudine
280 3497 394 3559 animae3
411 3505 436 3546 et
450 3496 556 3546 mittam
572 3495 693 3554 hamum,
709 3494 737 3543 in
758 3493 847 3544 cordis
870 3492 1043 3553 contritione;
1068 3499 1093 3539 et
1116 3497 1208 3552 aperto

64 3564 67 3577 '
101 3579 146 3628 ore,
156 3567 185 3618 in
201 3567 383 3627 confessione,
399 3577 522 3617 staterem
538 3567 649 3625 solvam,
661 3564 690 3613 in
704 3563 898 3627 satisfactione;
915 3574 942 3614 et
960 3564 999 3613 sic
1020 3562 1117 3612 liberer
1130 3573 1146 3607 a
1157 3557 1209 3607 tri-

101 3636 156 3690 buto
167 3640 271 3690 diaboli
288 3641 385 3705 eteius
404 3639 551 3690 exactione.
573 3638 612 3688 Da
632 3637 713 3687 etiam
733 3636 813 3696 mihi,
832 3646 862 3686 ut
878 3649 1022 3686 conversus
1037 3633 1070 3682 ab
1086 3630 1209 3694 elatione,

99 3709 189 3762 efficiar
207 3712 280 3762 sicut
292 3713 461 3777 parvuluset
485 3710 599 3761 humilis
613 3709 642 3760 in
661 3709 746 3760 oculis
758 3709 841 3772 meis;
858 3709 950 3774 sicque
965 3723 1012 3772 per
1025 3715 1123 3754 arctam
1137 3703 1208 3755 viam

98 3793 119 3834 et
130 3795 272 3852 angustam
285 3795 400 3851 portam,
412 3800 514 3835 merear
529 3785 628 3834 intrare
643 3782 672 3832 in
684 3798 799 3849 regnum
810 3781 998 3844 beatitudinis;
1012 3779 1137 3844 parvulos
1146 3793 1211 3843 quo-

96 3871 144 3922 que
154 3869 181 3909 et
192 3859 312 3909 humiles
327 3868 435 3924 propter
445 3873 545 3907 nomen
559 3866 637 3908 tuum
650 3856 807 3922 suscipiam,
817 3853 934 3904 caritatis
946 3850 1076 3918 obsequia
1083 3851 1211 3901 exhiben-

95 3931 135 3994 do,
163 3943 195 3984 ut
211 3945 238 3985 te
251 3934 280 3984 in
297 3933 337 3985 eis
349 3933 507 4000 suscipiens,
524 3949 538 3985 a
554 3943 580 3984 te
591 3931 720 3998 suscipiar
732 3930 761 3981 in
774 3930 850 3982 coelo.
864 3930 960 3978 Amen.
