2632 4320
148 273 201 325 306

146 402 203 445 tute
226 408 277 444 sua
298 391 458 443 ntirabiliter
481 390 609 456 quidem,
633 387 680 437 sed

147 463 311 516 mendaciter
330 463 493 528 operabitur.
517 461 596 512 Unde
610 459 680 509 Gre-

145 535 243 600 gorius
256 551 265 584 .·
281 552 295 580 a
311 534 458 583 Pensemus
478 546 540 598 quae
561 529 612 581 erit
626 528 680 577 hu-

146 619 234 655 manae
248 603 349 654 mentis
370 602 415 653 illa
435 601 557 684 tentngio,
570 599 680 666 quando

146 675 208 741 pius
236 684 337 739 martyr
362 684 388 722 et
411 688 509 738 corpus
537 669 681 721 tormentis

146 745 264 809 subjicit,
287 753 314 794 et
334 754 424 794 tamen
445 754 504 793 ante
518 742 611 791 oculos
624 741 681 805 ejus

147 818 276 868 miracula
288 827 374 867 tortor
387 817 457 867 facit.
470 836 484 863 n
500 815 532 865 Et
548 813 683 880 Chrysot-

149 895 235 940 tomus
249 906 258 938 .·
273 906 286 934 u
302 888 377 939 Sicut
390 888 418 938 in
436 888 551 937 adventu
567 885 680 947 Christi,

148 970 208 1011 ante
228 959 307 1010 illum
329 959 476 1024 Prophetae,
499 968 525 1008 et
547 973 610 1007 cum
633 958 682 1007 illo

147 1031 272 1098 Apostoli
295 1032 323 1081 in
353 1031 455 1096 Spiritu
481 1031 578 1080 Sancto
597 1028 681 1080 facie-

149 1102 214 1152 bant
240 1103 362 1161 virtutes‚
388 1101 427 1151 sic
452 1111 478 1150 et
505 1101 533 1150 in
565 1101 681 1151 adventu

146 1174 309 1224 Antichristi
325 1173 576 1239 pseudochristiani,
590 1183 617 1224 et
630 1188 680 1223 an-

146 1253 172 1294 te
186 1243 273 1304 illum,
289 1254 315 1294 et
329 1260 391 1294 cum
405 1244 452 1293 illo
468 1244 496 1293 in
512 1242 612 1309 spiritu
627 1259 681 1293 ma-

144 1315 220 1382 ligno
233 1316 329 1367 facient
346 1316 468 1366 virtutes.
484 1334 499 1363 n

176 1401 193 1451 7
230 1387 340 1436 Taurus
373 1400 468 1435 sumen
500 1403 533 1436 ns
566 1402 681 1437 osismus

142 1471 305 1507 rononnrun.
328 1484 358 1494 -
383 1458 416 1506 Et
439 1457 578 1523 subjungit
599 1474 605 1506 :
626 1458 680 1508 Vos

141 1540 210 1592 ergo
224 1527 318 1589 videte,
332 1541 392 1577 ecce
402 1527 527 1592 praedixi
540 1528 614 1579 vobis
628 1543 681 1579 om-

142 1597 198 1660 nia,
212 1605 242 1646 ut
262 1597 366 1663 praescii
387 1599 515 1664 vigiletis,
531 1597 595 1664 quia
616 1614 678 1647 mo-

144 1668 195 1718 niti
221 1668 293 1719 estis.
311 1670 395 1729 Quasi
418 1670 516 1721 diceret
536 1671 601 1720 :Ad
627 1671 679 1720 hoc

145 1741 197 1791 ista
212 1743 329 1808 praedico
354 1760 436 1807 nunc,
452 1754 482 1794 ut
502 1743 615 1794 caveatis
630 1759 678 1809 pro

145 1821 219 1871 tunc,
243 1822 269 1863 et
292 1814 408 1879 pericula
425 1813 563 1880 sequentia
581 1815 679 1879 praevi,

146 1880 241 1942 dentis,
263 1883 327 1948 quia
348 1885 502 1949 praemoniti
517 1884 592 1945 estiS,
607 1896 634 1936 et
649 1895 680 1935 ut

147 1951 240 2002 minus
266 1965 379 2003 noceant
404 1955 481 2004 vobis
508 1956 592 2020 iacula
618 1970 679 2022 quae

147 2022 318 2086 praevidistis.
343 2026 421 2075 Unde
444 2026 679 2092 chrysostomus:

147 2109 163 2141 o
186 2094 328 2160 Propterea
349 2096 439 2145 dicit:
460 2097 532 2148 Ecce
554 2098 681 2164 predixi

145 2163 229 2226 vobis,
257 2174 288 2213 ut
305 2166 502 2216 excusationem
524 2168 681 2232 ignorantiae

145 2233 221 2283 tollat
245 2234 279 2284 ab
307 2235 449 2295 omnibus,
477 2247 503 2287 et
529 2240 680 2302 praecedens

144 2306 302 2356 contestatio
317 2307 462 2371 praevidere
475 2308 553 2359 faciat
571 2327 679 2376 poenam

144 2385 310 2440 sequentem.
340 2377 524 2431 Misericordia
545 2382 619 2431 enim
640 2393 679 2433 est

144 2446 278 2496 mandatis
290 2449 435 2512 praevenire
446 2451 605 2515 periculum.
616 2453 679 2505 Non

142 2518 201 2568 vult
227 2520 301 2570 enim
328 2538 495 2588 quemquam
519 2526 614 2590 perire,
630 2527 678 2593 qui

142 2592 274 2642 omnibus
295 2606 429 2647 monstrat
452 2599 612 2663 perditionis
626 2602 678 2651 ad-

140 2672 254 2711 ventum
265 2680 272 2712 ε
284 2684 297 2710 n
308 2664 364 2714 haer
382 2666 603 2734 Clo-ysostomus
618 2672 678 2721 Non

143 2740 183 2780 est
204 2731 464 2796 igitunrredendum
484 2739 574 2803 alicui,
588 2742 631 2791 vel
645 2743 678 2793 de

144 2815 258 2864 persona
285 2813 314 2851 ut
337 2804 395 2868 ipse
418 2806 454 2856 sit
480 2809 620 2874 Christus;
638 2814 677 2862 vel

143 2871 178 2920 de
201 2880 321 2938 tempore
345 2874 429 2927 futuri
453 2879 564 2943 iudicii,
589 2898 678 2948 neque

144 2940 210 2991 fides
244 2943 398 2997 adhibenda
423 2948 469 2999 his
501 2951 550 3016 qui
587 2954 677 3005 calcu-

143 3013 209 3073 lant,
227 3025 253 3064 et
266 3027 368 3067 certum
381 3029 488 3086 tempus
497 3023 678 3078 determinent

144 3088 254 3166 quando
268 3088 341 3139 Deus
351 3103 480 3145 venturus
491 3097 535 3158 sit,
549 3099 614 3165 quia
625 3099 677 3151 hoc

144 3171 159 3206 a
174 3172 283 3207 nemine
301 3170 388 3223 potest
401 3164 462 3213 sciri
476 3169 517 3216 vel
532 3169 677 3223 observari.

147 3229 224 3279 Unde
238 3231 423 3298 interrogatus
436 3236 567 3290 Dominus
580 3244 613 3293 de
626 3245 677 3293 ad-

143 3312 225 3352 ventu
248 3304 321 3370 regni
347 3307 411 3366 Dei,
436 3307 576 3373 respondit
590 3332 598 3363 :
612 3316 676 3366 Non

142 3372 213 3422 venit
230 3388 343 3440 regnum
366 3377 427 3439 Dei,
451 3389 476 3428 et
492 3380 549 3431 dies
572 3384 675 3447 judicii,

141 3456 200 3491 cum
214 3445 406 3510 observatione,
422 3448 521 3500 scilicet
535 3456 675 3518 temporis,

141 3526 229 3579 neque
242 3516 276 3565 ab
289 3518 409 3583 Angelis,
428 3535 515 3585 neque
532 3523 565 3572 ab
581 3523 675 3575 homi-

139 3581 221 3633 nibus
238 3595 326 3650 potest
345 3588 481 3640 observari
505 3595 614 3657 quando
628 3611 674 3646 ve-

140 3654 205 3707 niet.
231 3658 280 3708 Per
304 3661 449 3712 adventum
466 3664 539 3730 regni
563 3666 612 3716 Dei
628 3667 673 3718 in-

138 3728 269 3808 telligitur
294 3734 425 3785 adventus
459 3737 492 3786 ad
527 3738 671 3804 judicium,

138 3811 202 3861 quia
227 3801 315 3854 veniet
337 3813 464 3872 tanquam
483 3807 539 3858 Rex
553 3809 587 3859 ad
600 3811 672 3875 judi-

138 3873 264 3936 candum,
282 3887 309 3927 et
327 3878 391 3945 quia
407 3890 472 3932 tunc
484 3882 671 3937 manifestabi-

457 268 632 324 SECUNDAE
650 267 773 319 PARTIS
789 267 907 320 CAPUT
919 270 976 321 XL.

736 394 780 435 tur
803 386 851 436 Dei
868 402 993 453 regnum,
1013 397 1040 441 et
1053 387 1170 441 cessabit
1192 401 1274 438 omne

734 455 808 506 aliud
820 472 942 523 regnum.

765 529 782 580 8
797 530 911 581 Russus«
925 533 977 583 Dur
992 547 1115 583 rnrrnmr.
1133 559 1164 569 -
1177 530 1211 580 Et
1221 530 1272 579 ad·

734 601 774 651 dit
788 618 796 650 z
809 602 881 653 Ecce
897 603 965 653 enim
990 618 1105 669 regnum
1125 601 1178 653 Dei
1199 600 1278 651 intra

734 685 782 723 vos
795 679 845 734 est,
860 673 924 739 quia
947 673 1049 722 donum
1075 671 1167 738 gratiae
1190 682 1230 721 est
1243 670 1273 721 ia

735 752 840 805 mente;
864 758 978 808 regnum
1005 741 1098 808 gratias
1122 741 1194 791 intra
1220 755 1273 791 nos

734 823 783 875 est,
805 815 914 880 quando
936 830 1030 864 omnes
1053 814 1124 865 vires
1138 822 1165 863 et
1179 823 1272 864 motus

735 885 764 935 in
778 886 860 937 nobis
874 886 974 936 divinoe
994 884 1184 951 gubernationi
1205 885 1271 935 obe-

734 956 826 1019 diunt;
843 973 931 1017 secus,
957 956 1064 1022 quando
1078 957 1218 1007 rebellant.
1233 957 1272 1007 Ac

734 1029 843 1080 sidicat
857 1045 865 1078 :
881 1030 943 1079 Non
957 1029 1056 1080 curetis
1076 1028 1146 1078 scire
1160 1029 1271 1094 quando

733 1102 824 1152 veniat
856 1119 971 1169 regnum
1001 1102 1069 1161 Dei,
1098 1114 1125 1152 et
1152 1102 1273 1153 omittite

734 1173 912 1239 quaestionem
928 1176 962 1224 de
981 1189 1064 1239 regno
1088 1174 1190 1239 gloriae,
1205 1174 1271 1240 quia

733 1245 790 1310 ejus
806 1245 936 1295 adventus
950 1244 1012 1296 sciri
1032 1261 1088 1295 non
1102 1254 1206 1311 potest3
1223 1245 1272 1295 sed

734 1313 847 1380 quaerite
864 1330 978 1380 regnum
993 1314 1096 1380 gratiae
1110 1314 1186 1380 quod
1200 1315 1273 1365 intra

732 1401 781 1435 vos
801 1400 859 1435 esse
875 1394 973 1450 potest,
989 1394 1015 1434 et
1031 1395 1120 1450 parate
1135 1400 1184 1434 vos
1200 1384 1274 1435 intra

732 1473 782 1508 vos
797 1456 939 1523 perfidem
959 1473 1022 1507 cum
1042 1456 1187 1507 dilectione
1201 1472 1269 1522 ope-

733 1540 848 1589 rantem,
868 1529 934 1594 quia
948 1529 1022 1578 intra
1034 1543 1082 1578 ves
1097 1534 1139 1578 est
1154 1541 1271 1593 regnum

732 1600 794 1651 Dei.
815 1600 885 1650 Nam
899 1600 927 1649 in
950 1600 1106 1651 nobiscum
1121 1599 1170 1650 Dei
1183 1599 1274 1665 gratia

732 1682 781 1732 est,
807 1683 838 1723 ut
860 1689 974 1739 regnum
988 1673 1037 1723 Dei
1052 1673 1202 1738 capiamus,
1217 1672 1270 1723 nisi

732 1759 782 1793 nos
802 1743 910 1794 obicem
935 1759 1078 1810 ponamus.
1111 1743 1168 1794 Ubi
1206 1753 1271 1795 nota

732 1815 806 1881 quod
822 1815 920 1882 triplex
934 1826 974 1866 est
989 1832 1103 1882 regnum
1118 1817 1168 1866 Dei
1188 1834 1196 1867 ι
1216 1815 1271 1882 pri·

733 1904 810 1937 mum
836 1898 877 1938 est
904 1888 973 1939 circa
998 1905 1063 1953 nos,
1090 1890 1134 1939 vel
1159 1889 1187 1938 in
1212 1904 1266 1954 quo

732 1976 789 2024 nos,
805 1960 908 2011 scilicet
924 1977 1038 2028 regnum
1053 1961 1201 2012 militantis
1213 1962 1270 2031 Ec·

732 2032 833 2094 clesiae;
854 2034 1004 2083 secundum
1026 2033 1098 2084 intra
1113 2049 1175 2094 nos,
1189 2033 1265 2083 scili-

732 2112 773 2154 cet
796 2118 908 2169 regnum
936 2104 1036 2170 gratiae‚
1061 2120 1117 2170 qua
1144 2103 1270 2154 videlicet

732 2176 805 2226 Deus
825 2188 922 2242 regnat
939 2178 966 2226 in
981 2179 1083 2240 anima3
1099 2178 1214 2229 tertium
1227 2184 1268 2227 eet

732 2261 846 2311 regnum
871 2249 979 2312 gloriae,
1002 2264 1056 2314 quo
1077 2249 1152 2299 Deus
1175 2256 1268 2314 regnat

732 2334 794 2369 cum
806 2321 911 2372 Sanctis
927 2323 955 2372 in
972 2322 1065 2388 gloria.
1080 2323 1141 2383 Vel,
1152 2337 1267 2389 regnum

731 2390 780 2440 Dei
799 2391 865 2441 dicit
885 2393 1016 2458 seipsum,
1040 2393 1068 2442 in
1082 2394 1214 2444 cordibus
1233 2391 1266 2443 fi-

731 2461 834 2512 delium
860 2475 1026 2529 regnantem.
1051 2464 1130 2515 Unde
1159 2465 1266 2516 Beda:

732 2553 746 2582 u
770 2537 840 2586 Dicit
864 2553 978 2603 regnum
1005 2537 1054 2588 Dei
1075 2538 1148 2587 intra
1177 2536 1271 2589 fideles

732 2607 862 2671 positum,
876 2609 923 2670 qui
938 2608 1012 2658 enim
1027 2609 1194 2675 quandoque
1208 2624 1267 2658 ven·

731 2685 808 2726 turus
833 2687 872 2726 est
902 2679 988 2728 Judex
1021 2679 1166 2737 omnium,
1197 2693 1265 2729 nunc

731 2749 812 2798 etiam
824 2760 919 2815 regnat
928 2751 957 2800 in
969 2751 1099 2801 cordibus
1110 2751 1241 2802 fidelium.
1250 2769 1264 2797 n

731 2819 807 2870 Unde
836 2832 862 2870 et
887 2822 1032 2873 Amelmus
1056 2840 1064 2872 .·
1091 2841 1106 2868 o
1126 2823 1183 2882 Qui
1205 2836 1265 2873 vere

730 2893 818 2957 justus
838 2904 887 2954 est,
903 2895 990 2945 Deum
1009 2895 1038 2945 in
1062 2911 1091 2946 se
1111 2905 1265 2947 manentem

709 3006 711 3010 ,
731 2964 812 3014 habet
826 2981 833 3014 ι
851 2966 990 3030 Templum
999 2967 1067 3017 enim
1078 2968 1133 3018 Dei
1145 2974 1264 3019 sanctum

730 3041 779 3098 est,
794 3038 865 3101 quod
884 3039 949 3087 estis
965 3053 1020 3101 vos,
1041 3048 1071 3089 ut
1091 3039 1130 3089 ait
1147 3040 1266 3106 Aposto-

730 3106 782 3156 lus.
795 3108 907 3157 Summa
920 3108 1003 3173 igitur
1018 3109 1162 3175 diligentia
1171 3109 1264 3160 consi-

730 3180 876 3230 derandum
901 3193 950 3242 est,
965 3199 1027 3233 cum
1041 3194 1143 3248 quanta
1163 3184 1266 3235 ratione

730 3261 756 3302 et
789 3253 937 3303 reverentia
973 3270 1069 3304 sensus
1100 3266 1211 3307 nostros
1239 3263 1266 3306 et

730 3322 851 3373 membra
882 3324 1002 3388 corporis
1033 3326 1119 3375 nostri
1158 3339 1265 3378 movere

731 3392 876 3457 debemus,
912 3394 1013 3459 quibus
1047 3395 1179 3448 divinitas
1208 3399 1265 3464 ipsa

731 3465 865 3528 praesidet.
881 3467 982 3517 Demus
999 3467 1092 3533 igitur,
1105 3480 1136 3520 ut
1150 3472 1263 3538 dignum

728 3545 779 3595 est,
794 3545 869 3586 tanto
885 3536 1058 3588 inhabitatori
1078 3555 1162 3592 omne
1176 3543 1264 3609 impe-

728 3603 801 3654 rium
823 3607 913 3656 cordis
931 3608 1026 3668 nostri,
1044 3619 1076 3659 ut
1091 3610 1164 3663 nihil
1179 3612 1204 3663 ei
1220 3628 1265 3664 re-

729 3687 832 3741 pugnet
846 3678 875 3729 in
887 3679 975 3744 nobis,
989 3681 1035 3732 sed
1047 3697 1145 3735 omnes
1162 3686 1264 3753 cogita-

726 3745 814 3798 tiones
827 3759 854 3799 et
874 3750 1043 3802 voluntatum
1056 3764 1159 3817 motus,
1173 3757 1272 3808 omnia‘

725 3818 805 3869 verba
817 3830 843 3870 et
856 3821 982 3874 universa
992 3840 1073 3890 opera
1085 3839 1179 3881 nostra
1191 3830 1264 3881 illius

728 3900 827 3942 nutum
841 3894 988 3960 attendant,
1002 3896 1061 3962 ejus
1074 3899 1209 3953 voluntati
1224 3902 1265 3953 de·
