2632 4320
151 236 202 286 288

151 385 199 436 per
221 366 352 431 templum
374 371 400 413 et
418 362 500 410 altare
519 355 606 419 majus
629 363 678 412 est,

149 454 231 506 quarn
247 452 294 502 per
306 447 402 485 aurum
413 428 506 495 templi
520 427 562 478 vel
575 426 678 474 donum

149 511 248 564 altaris.
269 508 348 560 Unde
365 512 441 555 vocat
459 516 505 552 eos
520 512 606 550 coecos
626 496 679 545 du-

149 600 201 644 ces,
221 582 285 648 quia
306 580 334 629 in
355 591 443 629 errore
462 582 546 630 erant,
566 578 592 619 et
611 566 679 617 alios

149 657 178 707 in
197 668 313 706 errorem
331 649 475 709 ducebant;
492 653 518 694 ct
539 641 589 692 iste
607 653 681 690 error

149 725 266 776 maxime
287 738 319 772 ex
343 718 486 785 cupiditate
511 710 679 788 procedebat.

148 797 224 858 Item,
253 789 388 844 convincit
409 800 463 837 eos
489 782 541 832 alia
568 790 679 837 ratione,

146 865 211 933 quia
236 865 265 913 in
296 862 444 927 iuramento
471 853 544 921 quod
574 850 604 900 fit
634 865 682 915 per

148 938 290 1004 templum,
303 935 345 985 vel
362 933 451 989 altare,
467 925 621 978 continetur
635 924 680 987 ju-

148 1019 301 1063 ramentum
318 1022 365 1073 per
382 1018 487 1061 aurum,
501 999 543 1050 vel
565 1013 613 1064 per
629 999 681 1048 do-

148 1100 215 1134 num
229 1101 237 1133 ·.
256 1080 310 1142 Qui
322 1077 396 1128 enim
406 1075 486 1141 jurat
500 1073 526 1122 in
540 1071 634 1132 altari,
650 1085 682 1120 ex

148 1171 203 1222 quo
227 1152 362 1204 derivatur
387 1145 539 1196 oblatorum
563 1139 682 1192 sanctifi-

149 1230 229 1290 catio,
249 1229 329 1295 jurat
352 1222 433 1273 etiam
458 1225 484 1270 et
511 1219 538 1269 in
561 1215 682 1267 omuibus

147 1317 208 1370 quae
222 1314 302 1366 super
315 1296 384 1347 illud
399 1297 476 1354 ruut;
492 1297 517 1341 et
536 1289 682 1355 quicunque

140 1375 222 1441 jurat
235 1373 262 1422 in
277 1368 387 1434 templo,
396 1366 466 1431 iurat
479 1361 560 1426 etiam
574 1365 600 1410 et
614 1360 641 1409 in
650 1373 681 1409 eo

147 1447 193 1513 qui
210 1443 315 1495 habitat
335 1441 362 1490 in
385 1439 443 1504 ipso
450 1452 459 1499 ‚·
475 1443 501 1486 et
525 1434 585 1483 ideo
606 1433 680 1497 iura-

147 1526 271 1568 mentum
292 1527 338 1578 per
357 1508 506 1574 templum,
526 1505 569 1555 vel
590 1504 679 1563 altare,

147 1587 235 1654 magis
254 1594 296 1636 est
316 1579 518 1648 obligatorium,
533 1590 615 1642 quam
633 1589 681 1639 per

148 1659 219 1709 dona
244 1654 337 1720 templi
361 1653 404 1704 vel
428 1649 528 1717 altaris.
549 1645 681 1697 Similiter

146 1729 210 1796 quia
234 1726 319 1778 Judaei
343 1719 567 1774 consuetudinem
594 1716 680 1766 habe-

147 1802 212 1852 bant
224 1816 271 1866 per
286 1797 384 1849 coelum
400 1795 496 1859 jurare,
514 1789 574 1841 ideo
588 1788 621 1839 ad
635 1803 680 1838 re-

146 1869 352 1937 prehensionem
375 1880 469 1915 eorum
493 1861 586 1912 subdit
608 1876 616 1909 t
641 1858 681 1908 Et

146 1944 193 2008 qui
201 1941 282 2008 jurat
292 1952 343 2006 per
358 1936 461 1997 coelum,
470 1934 550 2000 jurat
561 1933 588 1982 iu
602 1931 680 1982 thro-

146 2028 180 2065 no
199 2013 260 2075 Dei,
278 2016 303 2061 et
322 2009 348 2059 iu
369 2009 427 2058 Deo
447 2005 493 2072 qui
511 2004 585 2055 sedet
599 2016 680 2067 super·

92 2120 95 2131 =
146 2099 214 2136 eum.
243 2083 306 2132 Non
332 2095 396 2145 ergo
423 2076 493 2127 sicut
516 2073 680 2124 arbitrantur

148 2159 264 2210 evadunt
278 2154 429 2221 periculum
447 2167 478 2202 ex
492 2167 524 2202 eo
537 2151 609 2217 quod
623 2167 679 2201 non

145 2234 234 2296 jurant
249 2244 295 2294 per
309 2229 405 2286 Deum,
420 2225 466 2276 sed
485 2241 531 2291 per
548 2225 679 2274 thronum

146 2301 204 2362 Dei,
219 2299 319 2350 scilicet
337 2300 443 2350 coelum.
465 2296 519 2357 Qui
537 2296 612 2348 enim
633 2312 679 2362 per

145 2373 292 2437 subjectam
313 2379 461 2420 creaturam
485 2367 563 2433 jurat,
583 2367 679 2434 impli-

144 2445 197 2495 cite
215 2443 289 2507 iurat
306 2456 352 2508 per
377 2440 530 2491 Creatorem
552 2447 678 2512 creaturae

145 2517 348 2585 praesidentem3
370 2525 396 2565 et
416 2514 476 2564 ideo
495 2514 678 2578 iuramentum

146 2605 193 2656 per
216 2598 349 2639 creaturas
373 2585 488 2645 licitum,
507 2595 547 2635 est
571 2585 677 2652 obliga-

143 2659 253 2710 torium.
282 2659 378 2708 Adhuc
405 2655 484 2708 multi
518 2655 677 2721 insipientes

144 2730 293 2783 Christiani
322 2732 416 2780 eodem
443 2728 509 2779 vitio
538 2739 563 2779 et
592 2729 677 2779 simili

144 2819 233 2854 errore
256 2802 385 2865 laborant,
404 2801 452 2868 qui
476 2808 571 2865 putant
591 2801 677 2865 majus

142 2889 201 2924 esse
224 2877 310 2941 jurare
328 2891 374 2940 per
391 2870 578 2939 Evangelium,
594 2889 677 2939 quam

142 2963 190 3014 per
203 2946 299 3006 Deum,
316 2956 343 2997 et
362 2963 425 2998 cum
438 2962 484 3012 per
503 2946 676 3013 Evangelium

141 3019 229 3084 jurare
237 3019 359 3079 timeant,
373 3035 420 3084 per
429 3019 516 3069 Deum
524 3025 614 3067 tamen
628 3017 677 3068 fre·

142 3098 256 3154 quenter
276 3104 308 3138 ex
327 3104 379 3138 usu
398 3088 496 3139 vitioso
519 3088 606 3153 jurare
622 3104 675 3139 non

141 3160 296 3222 formidant,
310 3176 371 3210 cum
382 3169 470 3210 tamen
483 3169 538 3211 tota
549 3160 676 3212 sanctitas

142 3232 280 3300 Evangelii
301 3249 316 3283 a
340 3232 396 3282 Deo
413 3233 512 3283 veniat.
532 3233 674 3299 Scripturae

142 3303 216 3354 enim
246 3314 353 3369 propter
378 3302 464 3352 Deum
491 3303 565 3354 factae
593 3314 673 3364 sunt,

142 3395 198 3430 non
222 3379 295 3429 Deus
328 3387 436 3444 propter
461 3377 623 3444 Scripturas3
649 3388 675 3429 et

141 3450 202 3502 ideo
217 3451 302 3515 major
321 3459 361 3499 est
379 3449 450 3498 Deus
466 3448 513 3514 qui
529 3447 675 3499 sanctificat

141 3520 339 3587 Evangelium,
377 3535 459 3586 quam
498 3519 674 3586 Evangelium

140 3594 214 3659 quod
228 3591 407 3644 sanctificatur
420 3591 453 3641 ab
466 3607 506 3642 eo.

173 3664 254 3715 ova
275 3679 309 3714 na
333 3680 438 3715 rouuvru
456 3678 531 3714 cinca
555 3679 674 3715 sanoru-

141 3749 195 3794 nnt,
208 3735 272 3798 {nun
287 3750 362 3785 cinca
379 3749 547 3785 rannonanra
565 3749 673 3785 uacum

142 3818 248 3855 canunr
261 3820 492 3856 soaaimrunrurnr.
506 3831 536 3842 —
550 3804 580 3854 ln
594 3804 673 3871 quin-

138 3884 176 3936 to,
188 3875 323 3942 redarguit
335 3875 484 3942 negligent:
492 3889 535 3926 am
551 3887 577 3928 et
593 3880 663 3944 tsgt't

420 235 593 288 SECUNDAE
611 234 735 285 PARTlS
752 237 868 291 CAPUT
883 243 1025 296 xiutvtu.

732 353 797 404 tiem
812 372 892 423 quam
908 358 1042 411 habebant
1052 361 1124 414 circa
1133 380 1232 432 magna
1242 379 1269 420 et

732 427 818 487 utilia,
831 429 863 478 ad
881 430 995 480 salutem
1014 435 1167 487 animarum
1182 438 1270 504 perti-

733 501 832 563 nentia,
854 515 976 567 gerentes
992 522 1118 572 magnam
1134 512 1270 564 sollicitu-

733 575 823 625 dinem
835 575 1034 642 etdiligentiam
1049 579 1120 632 circa
1128 583 1235 635 minuta
1244 597 1271 638 et

733 647 898 712 temporalia,
914 648 977 714 quia
997 651 1166 705 decimabant
1186 672 1269 708 omne

734 718 802 776 olus,
814 728 839 768 et
855 719 983 770 minimas
999 737 1041 772 res
1057 740 1065 789 ;
1089 725 1136 774 sed
1151 725 1181 775 in
1195 727 1268 792 judi-

734 786 783 837 ciis
787 787 929 850 justitiam,
940 789 967 839 in
981 806 1111 857 pauperes
1119 794 1270 848 misericor·

735 859 817 922 diam,
832 871 858 912 et
874 861 902 911 in
917 863 1004 913 Deum
1017 864 1109 927 fidem,
1125 884 1187 933 quae
1207 884 1268 920 ma·-

734 947 787 997 gna
816 942 888 993 sunt,
912 935 1159 999 pretermittebant.
1188 940 1270 992 Fides

735 1006 862 1072 importat
885 1008 1007 1059 debitum
1033 1011 1159 1062 ordinem
1175 1013 1270 1066 homi-

735 1077 778 1153 nis
794 1077 828 1126 ad
843 1077 945 1144 Deum;
960 1079 1092 1144 judicium
1108 1092 1201 1135 autem
1213 1086 1271 1137 im-

735 1157 823 1213 portat
849 1149 970 1199 debitum
996 1151 1118 1203 ordinem
1147 1154 1274 1210 hominis

735 1217 766 1268 ad
790 1219 954 1284 proximum,
971 1221 1060 1273 initis
1085 1239 1147 1290 quae
1169 1225 1272 1280 habent

735 1290 866 1342 rationem
886 1293 990 1356 debiti;
1011 1296 1200 1351 misericordia
1218 1317 1271 1354 au·

735 1375 800 1427 tem,
823 1365 852 1415 in
874 1366 919 1417 his
937 1384 998 1434 quae
1012 1369 1114 1423 habent
1133 1373 1269 1429 rationem

735 1437 797 1487 doni
810 1454 817 1487 :
830 1447 856 1487 et
869 1437 895 1487 in
911 1438 955 1489 his
974 1441 1061 1492 tribus
1074 1442 1269 1513 intelliguntur

735 1510 827 1561 omnia
850 1511 905 1574 illa,
931 1529 992 1579 quae
1016 1515 1048 1564 ad
1069 1517 1187 1569 salutem
1210 1530 1273 1572 sunt

734 1585 852 1634 multum
886 1586 1043 1639 necessaria.
1070 1589 1153 1648 Quod
1180 1602 1270 1644 autem

734 1655 822 1705 dicit:
842 1656 999 1721 Decimatis,
1022 1669 1110 1724 potest
1124 1661 1271 1728 dupliciter

734 1725 857 1792 intelligi.
880 1727 941 1778 Uno
965 1729 1046 1779 modo
1067 1742 1193 1797 respectu
1214 1735 1268 1800 sui,

734 1799 798 1864 quia
813 1799 874 1848 licet
889 1799 1007 1850 ministri
1023 1814 1181 1867 receperunt
1194 1805 1268 1857 deci-

733 1885 791 1920 mas
813 1885 828 1920 a
849 1872 958 1936 populo,
979 1881 1070 1922 tamen
1093 1874 1128 1924 de
1152 1874 1208 1927 illis
1231 1891 1269 1927 ac·

733 1942 816 2007 ceptis
834 1957 849 1992 a
865 1944 965 2008 populo
981 1953 1007 1994 et
1027 1944 1060 1994 de
1081 1946 1127 1996 his
1141 1962 1204 2014 quae
1216 1947 1268 1998 lta-

734 2013 833 2064 bebant
860 2030 892 2064 ex
927 2015 1018 2066 labore
1050 2031 1121 2078 su0,
1150 2019 1268 2070 decimas

734 2085 880 2136 reddebant
894 2086 1022 2137 sacerdoti
1037 2103 1157 2140 summo.
1172 2091 1215 2140 Ad
1228 2090 1266 2142 si-

733 2155 910 2206 mulationem
926 2158 1026 2223 quippe
1045 2161 1196 2212 sanctitatis
1212 2162 1270 2213 red-

733 2227 832 2278 debant
850 2228 889 2278 eis
907 2230 1024 2281 decimas
1042 2232 1075 2280 de
1090 2231 1227 2298 minimis,
1241 2243 1268 2285 et

733 2298 835 2349 ratione
860 2300 1023 2366 cupiditatis,
1050 2312 1081 2352 ut
1100 2319 1149 2369 per
1171 2320 1267 2356 exem-

731 2371 809 2435 plum
835 2371 877 2421 sui
900 2372 1057 2424 inducerent
1080 2377 1215 2441 populum
1233 2378 1266 2429 ad

732 2442 898 2493 reddendum
922 2445 974 2494 sibi
996 2445 1114 2496 decimas
1132 2447 1165 2498 de
1179 2449 1266 2499 omni·

731 2515 783 2566 bus
799 2519 926 2584 usquead
941 2519 1062 2570 minima.
1076 2521 1164 2577 ¹Aliter
1177 2531 1265 2588 potest

732 2585 847 2654 intelligi
862 2599 982 2654 respectu
997 2590 1124 2652 aliorum,
1142 2608 1214 2659 quos
1232 2593 1264 2644 ad

732 2658 824 2711 stricte
841 2660 1000 2711 solvendum
1016 2661 1135 2712 decimas
1153 2662 1264 2715 induce-

732 2730 804 2792 bant,
821 2747 888 2798 quas
903 2733 936 2782 ab
951 2732 989 2783 eis
1002 2747 1089 2798 usque
1101 2734 1135 2784 ad
1149 2733 1264 2785 minima

731 2804 934 2868 extorquebant.
948 2804 982 2853 Et
992 2818 1024 2852 ne
1035 2803 1138 2869 aliquis
1146 2805 1265 2856 crederet

730 2874 803 2940 quod
817 2874 851 2924 de
870 2873 993 2925 minimis
1009 2874 1089 2924 rebus
1104 2891 1160 2925 non
1177 2886 1267 2927 essent

730 2944 842 2994 decimae
866 2945 970 3006 dandae,
1002 2945 1162 3012 subjungit,
1191 2947 1265 3013 quod

730 3016 905 3083 principalius
936 3017 1057 3084 oportuit
1077 3017 1176 3082 secere
1207 3019 1264 3071 haec

730 3088 839 3153 majora,
854 3088 954 3140 scilicet
968 3088 1102 3155 judicium
1119 3095 1145 3140 et
1163 3089 1263 3141 miseri-

729 3161 859 3226 cordiam,
875 3170 901 3212 et
914 3175 946 3212 ea
957 3175 1017 3226 quae
1031 3168 1096 3209 sunt
1101 3159 1176 3225 fidei
1186 3175 1263 3227 agere

729 3243 858 3300 tanquam
873 3230 960 3297 magis
976 3230 1143 3293 necessaria;
1162 3237 1190 3282 et
1203 3231 1261 3296 illa,

728 3303 755 3353 id
770 3313 809 3354 est
818 3303 932 3363 minora,
943 3301 1044 3353 scilicet
1052 3301 1262 3353 decimationem

729 3375 904 3425 minimarum
930 3389 1019 3424 rerum
1045 3386 1097 3423 uon
1128 3373 1263 3438 omittere,

728 3457 856 3513 tanquam
868 3446 939 3496 bona
957 3444 1081 3507 minora3
1107 3443 1175 3509 quia
1190 3458 1263 3511 prae-

728 3529 833 3585 ceptum
853 3517 903 3568 Dei
925 3526 966 3567 est
991 3515 1024 3566 de
1044 3514 1186 3578 omnibus,
1207 3526 1262 3569 tam

728 3590 881 3641 minoribus
892 3604 974 3656 quam
985 3585 1133 3653 majoribus
1143 3587 1266 3640 decimas

727 3663 805 3721 dare,
836 3671 862 3711 et
887 3657 989 3721 20mnia
1014 3666 1149 3723 precepta
1183 3657 1264 3726 Legis
1308 3704 1313 3713 .

727 3744 782 3783 tam
796 3731 914 3782 maxima
929 3744 1010 3795 quam
1025 3726 1143 3779 minima
1156 3739 1264 3796 oportet

727 3803 849 3870 implere.
872 3800 974 3851 Deinde
996 3799 1047 3849 has
1071 3798 1262 3852 simulationes

726 3891 821 3929 eorum
834 3872 931 3939 arguit,
948 3871 1013 3939 quia
1030 3879 1107 3922 erant
1118 3870 1205 3923 duces
1216 3871 1263 3924 ht·
