2632 4320
364 320 368 329 ·
389 304 435 354 DE
450 300 592 354 VILLICO
610 300 836 360 lNlQUlTATlS.

51 451 130 517 hujus
144 451 243 511 seculi,
258 449 330 500 vinci
345 449 508 499 erubescant.
521 447 583 496 ldeo

50 523 120 573 enim
137 522 196 572 haec
206 520 306 586 scripta
318 530 390 579 sunt,
407 528 438 569 ut
449 517 583 568 audiendo

49 593 237 660 prudentiores
257 591 333 651 fiant,
357 607 413 640 non
437 600 527 640 autem
554 596 585 637 ut

49 662 205 731 iniquitatis·
220 663 342 713 villicum
356 662 496 721 imitando,
511 660 585 709 frau-

49 736 109 786 dem
121 736 165 785 vel
177 734 338 799 injustitiam
352 735 382 784 in
394 733 486 799 aliquo
495 739 583 797 agant.

49 807 101 858 Ubi
117 807 199 857 Beda
212 824 220 856 .·
232 825 246 852 a
259 806 376 856 Audiant
389 804 524 870 sapientes
537 802 585 851 hu-

48 881 90 944 jus
105 880 203 944 seculi,
230 889 261 930 ut
284 881 393 930 stultam
424 875 585 942 sapientiam

49 953 181 1014 deserere,
205 961 232 1003 et
255 952 402 1017 sapientem
428 949 477 999 Dei
492 947 585 999 stulti-

49 1024 113 1074 tiam
130 1023 235 1073 discere
251 1032 362 1088 queant,
376 1019 469 1088 quanti
492 1035 586 1070 eorum

49 1094 212 1160 sapientiam
226 1094 319 1144 divina
337 1092 449 1159 aequitas
465 1091 585 1142 aestima-

49 1165 125 1226 verit,
142 1180 214 1230 quos
230 1180 284 1214 non
296 1179 358 1215 vere
369 1162 524 1228 prudentes,
539 1159 586 1210 sed

50 1236 75 1285 in
95 1235 274 1302 generatione
294 1249 345 1285 sua
366 1233 513 1299 prudentes
530 1245 589 1281 esse

50 1315 257 1371 commemorat.
268 1306 346 1356 Juxta
361 1306 413 1355 hoc
436 1304 509 1371 quod
523 1301 588 1352 alibi

49 1379 166 1430 dicitur:
189 1378 236 1429 Vae
253 1378 300 1444 qui
314 1379 448 1445 sapientes
469 1376 536 1428 estis
561 1375 587 1423 in

51 1453 136 1504 oculis
159 1451 269 1514 vestris,
290 1459 315 1502 et
334 1466 427 1503 coram
445 1451 589 1501 uobismet-

51 1525 118 1590 ipsis
125 1523 298 1590 prudentes!
312 1524 433 1574 Necnon
449 1532 475 1572 et
488 1531 590 1572 amato

52 1612 91 1647 res
111 1597 176 1647 vitae
198 1605 304 1646 aeternae
319 1594 398 1663 filios
422 1593 490 1644 lucis
504 1592 591 1659 appel·

53 1668 139 1729 lando,
165 1683 221 1717 non
240 1666 312 1717 aliud
331 1682 377 1717 eos
392 1664 439 1732 qui
454 1664 590 1730 sapientes

53 1749 114 1790 sunt
138 1749 170 1789 ut
194 1737 265 1787 mala
286 1736 393 1800 faciant,
418 1736 486 1786 bene
501 1743 590 1784 autem

53 1810 137 1862 facete
152 1809 319 1870 nescierunt,
334 1824 416 1875 quam
437 1805 509 1856 filios
532 1819 592 1856 esse

54 1882 226 1932 tenebrarum
236 1880 325 1946 arguit
331 1895 339 1944 ;
346 1879 406 1946 filii
413 1888 502 1929 autem
514 1875 590 1937 lucis,

55 1967 78 2006 et
88 1955 149 2023 filii
177 1954 259 2020 huius
277 1954 360 2006 seculi
379 1962 518 2011 vocantur,
538 1966 592 2016 quo

56 2029 134 2078 modo
148 2026 201 2077 filii
216 2026 293 2093 regni
314 2035 340 2075 et
355 2023 405 2075 filii
424 2020 591 2090 perditionis,

60 2098 132 2164 cujus
144 2098 223 2149 enim
238 2097 355 2164 quisque
366 2095 420 2162 agit
432 2111 525 2162 opera,
537 2092 594 2159 ejus

60 2170 267 2237 cognominatur
288 2178 315 2218 et
335 2167 407 2218 filius
421 2185 427 2217 :
440 2186 454 2215 »
477 2164 595 2217 haecBe-

58 2239 98 2291 ia.
112 2241 174 2304 Sed,
193 2237 266 2290 heu!
282 2248 313 2287 ut
325 2237 363 2288 ait
382 2237 570 2303 Hieronymus
585 2253 593 2286 :

59 2311 142 2361 «Nos
160 2308 356 2361 ferventissimi
378 2324 474 2359 sumus
491 2308 519 2357 in
537 2317 592 2356 ter-

59 2382 133 2443 renis,
149 2381 324 2449 frigidissimi
339 2381 367 2432 in
382 2379 549 2441 coelestibus3
569 2389 595 2429 et

59 2469 192 2506 summam
211 2455 241 2504 in
263 2454 344 2504 rebus
365 2453 454 2519 parvis
476 2451 594 2503 exhibe-

61 2541 117 2577 mus
127 2525 306 2585 alacritatem,
322 2525 355 2575 ad
367 2525 468 2589 majora
483 2521 595 2588 tepesci-

61 2612 133 2664 mus3
154 2597 271 2647 celerem
295 2594 428 2646 habiturae
453 2592 535 2642 finem
552 2606 595 2641 res

62 2670 115 2723 tine
129 2670 186 2722 line
204 2678 374 2736 quaeruntur,
391 2668 511 2718 coelestes
524 2663 595 2715 divi-

62 2742 114 2807 tias,
124 2742 294 2793 immortales
303 2741 430 2799 honores,
443 2738 518 2805 pigra
533 2752 596 2803 qua·

64 2814 119 2864 darn
136 2812 357 2864 dissimulatione
379 2809 564 2877 negligimus:
580 2827 594 2856 a

65 2882 114 2935 broc
129 2884 326 2948 Hieronymus.

91 2955 107 3007 6
121 2957 162 3007 Da
175 2971 295 3007 rnirmct
304 2971 451 3014 sarrensis,
462 2970 496 3004 nr
511 2969 594 3004 sionis

66 3044 97 3079 tn
112 3045 306 3081 nianoscsnnos
317 3044 404 3079 statos
422 3043 524 3088 sucum,
551 3042 595 3075 rr-

68 3114 173 3159 uosoun
196 3116 284 3150 nucis.
302 3128 332 3138 -
351 3098 405 3150 Ubi
435 3098 594 3160 notandum,

69 3170 132 3235 qnod
151 3170 251 3237 triplex
274 3180 314 3220 est
331 3168 478 3234 ‘sapientia
505 3166 596 3216 Prima

70 3242 173 3294 nociva:
188 3253 217 3293 et
234 3243 287 3294 ista
306 3251 346 3292 est
365 3240 492 3300 carnalis,
513 3254 595 3305 quam

70 3319 160 3374 habent
179 3323 262 3383 avari,
287 3322 317 3373 in
340 3321 504 3388 acquirendo
525 3319 598 3369 divi-

70 3391 120 3459 tias;
135 3394 256 3460 superbi,
272 3393 300 3443 in
323 3391 489 3458 acquirendo
505 3391 597 3440 hono-

10 3482 12 3497 ¹
71 3482 119 3535 κη
138 3471 283 3531 luxuriosi,
300 3471 329 3521 in
344 3469 507 3536 acquirendo
528 3467 599 3517 deli-

71 3542 126 3596 das
143 3545 222 3596 Unde
246 3545 380 3595 lacobus:
394 3544 459 3594 Non
483 3548 525 3592 est
545 3542 599 3591 ista

72 3616 195 3681 nuntia
208 3617 350 3668 desursum
364 3615 539 3677 descendens,·
553 3613 602 3663 sed

10 3720 12 3729 ι
72 3689 171 3738 wrm
212 3687 302 3754 quoad
339 3701 442 3745 avaros,
475 3684 602 3735 animalis

10 3820 12 3825 Ι
71 3759 152 3821 qtioed
193 3759 360 3818 luxuriosos,
398 3763 425 3808 et
465 3756 603 3807 diabolica

73 3831 155 3895 quoad
177 3832 321 3897 superbos.
345 3831 487 3891 Quantum
514 3839 604 3879 autem

73 3899 105 3950 ui
123 3900 204 3953 hum
235 3902 407 3968 sapientiam,
435 3915 530 3952 terum
566 3907 607 3949 est

10 3996 13 4003 ·
74 3974 141 4039 quod
147 3974 206 4042 filii
218 3975 297 4042 liujus
314 3974 397 4027 seculi
411 3980 473 4025 sunt
488 3972 608 4040 pruden-

1124 312 1175 366 ¹¹9

636 445 719 495 tiores
733 445 805 510 filiis
829 447 913 510 lucis,·
935 447 999 512 quia
1020 445 1069 496 iiiii
1094 447 1163 496 lucis

637 533 695 567 eam
706 530 883 586 aspernantur
901 528 927 570 et
941 518 1059 584 fugiunt,
1073 546 1103 555 -
1117 519 1169 569 Se-

637 593 723 642 cunda
741 591 871 657 sapientia
886 601 927 640 est
949 590 1092 656 superflua,
1108 603 1179 656 quae

637 672 676 713 est
690 663 722 713 de
737 661 976 728 impertinentibus
992 661 1025 710 ad
1043 661 1167 710 salutem.

638 737 688 786 Ista
704 734 835 800 sapientia
846 743 885 784 est
901 733 1039 782 mundana
1059 742 1087 782 et
1100 747 1178 782 secu-

639 802 711 867 laris,
723 808 778 859 sive
789 807 825 858 sit
839 805 1025 873 philosophica
1037 815 1063 855 et
1084 804 1179 871 physi-

638 897 677 941 ca,
699 881 754 931 sive
779 879 888 931 scientia
917 879 1009 945 legum
1031 889 1056 929 et
1083 879 1177 928 decre-

639 954 743 1017 talium,
776 968 836 1019 quae
866 967 915 1018 pro
954 962 1028 1001 tanto
1053 951 1179 1001 dicuntur

639 1024 788 1091 superflue,
802 1024 866 1091 quia
875 1023 933 1074 sine
945 1022 1093 1088 illispotest
1107 1022 1179 1071 salus

639 1112 706 1146 esse.
722 1097 861 1156 Quantum
881 1094 961 1145 etiam
985 1094 1017 1143 ad
1036 1093 1115 1142 istam
1136 1107 1179 1141 sa-

640 1169 792 1236 pientiam,
823 1169 876 1228 filii
900 1166 984 1219 seculi
1012 1172 1073 1216 sunt
1108 1180 1179 1229 saepe

639 1243 827 1308 prudentiores
841 1257 921 1309 quam
932 1241 990 1306 filii
1008 1239 1094 1301 lucis,·
1116 1236 1182 1303 quia

641 1316 691 1366 viri
705 1314 857 1380 spirituales
869 1329 964 1379 parum
978 1321 1073 1361 curant
1086 1310 1120 1358 de
1143 1317 1184 1376 ta·

641 1391 714 1440 libus
739 1389 870 1439 scientiis„
884 1416 915 1425 -
928 1386 1021 1436 Tertia
1045 1382 1177 1449 sapientia

641 1473 681 1513 est
699 1459 856 1519 necessaria,
871 1473 932 1524 quae
943 1468 983 1507 est
995 1457 1028 1505 de
1043 1454 1191 1519 expedien.

642 1533 716 1585 tibus
725 1532 758 1581 ad
768 1531 894 1591 salutem;
908 1538 934 1578 et
944 1527 996 1577 ista
1004 1537 1045 1576 est
1055 1523 1185 1589 sapientia

642 1605 741 1663 divina,
756 1618 817 1669 quae
838 1600 962 1650 consistit
974 1599 1002 1648 in
1016 1613 1077 1648 vera
1092 1596 1141 1647 Dei
1156 1604 1183 1646 et

644 1677 708 1727 boni
722 1673 885 1740 cognitione.
898 1673 1035 1732 Quantum
1046 1679 1136 1718 autem
1150 1666 1183 1716 ad

645 1748 726 1797 istam
747 1743 916 1809 sapientiam,
943 1740 993 1789 filii
1021 1739 1091 1788 lucis
1114 1746 1179 1787 sunt

644 1815 832 1885 prudentiores
844 1828 927 1878 quam
941 1810 990 1860 filii
1006 1810 1088 1874 huius
1104 1823 1178 1858 secu-

645 1891 679 1953 li·‚
696 1889 752 1938 imo
765 1887 794 1937 in
813 1886 894 1936 rebus
907 1882 1018 1941 divinis,
1032 1881 1081 1931 filii
1096 1878 1182 1930 seculi

645 1963 769 2014 videntur
782 1972 840 2009 esse
854 1955 939 2014 stulti,
949 1953 999 2003 filii
1008 1963 1099 2002 autem
1110 1949 1180 2001 lucis

646 2044 710 2084 sunt
723 2032 798 2081 valde
813 2027 947 2093 sapientes
961 2035 986 2075 et
999 2023 1114 2089 providi.
1128 2020 1182 2080 Qui

646 2115 736 2156 autem
751 2110 815 2152 sunt
834 2098 884 2149 filii
894 2096 986 2157 seculi,
1003 2111 1057 2144 non
1079 2100 1187 2159 apparet

646 2173 804 2235 manifeste;
820 2171 869 2220 sed
882 2179 971 2219 tamen
987 2175 1074 2232 potest
1085 2165 1119 2214 de
1132 2163 1184 2214 hoc

646 2249 737 2313 aliqua
755 2245 906 2309 coniectura
929 2237 1032 2289 haberi.
1056 2237 1117 2287 Una
1135 2245 1185 2295 est,

648 2322 712 2389 quia
722 2316 903 2369 communiter
918 2312 992 2363 filius
1013 2310 1095 2360 habet
1107 2307 1187 2358 incli-

648 2395 783 2446 nationem
793 2400 819 2441 et
826 2387 969 2439 artificium
979 2383 1079 2450 patris;
1091 2393 1117 2433 et
1126 2382 1187 2431 ideo

648 2467 756 2534 quando
770 2475 885 2528 persona
906 2468 962 2508 tota
981 2463 1022 2505 est
1038 2453 1185 2511 mundana,

648 2552 673 2590 et
692 2539 725 2587 ad
744 2533 851 2599 negotia
870 2528 965 2579 mundi
988 2526 1124 2583 inclinata,
1148 2522 1187 2572 si-

649 2624 733 2676 gnum
746 2616 786 2656 est
796 2603 869 2669 quod
884 2598 1000 2665 pertinet
1017 2596 1049 2646 ad
1073 2593 1145 2644 filios
1160 2607 1189 2644 se

647 2682 711 2732 culi.
746 2677 867 2729 Secunda
888 2673 1041 2738 conjectura
1060 2679 1109 2728 est,
1124 2667 1189 2734 quia

648 2754 721 2804 filius
743 2747 856 2801 assumit
870 2760 945 2795 arma
960 2741 1059 2808 patris,
1075 2739 1114 2789 sic
1131 2753 1188 2804 per-

648 2843 715 2880 sona
737 2821 844 2892 quaein
867 2819 955 2884 seipsa
975 2815 1088 2867 assumit
1114 2823 1188 2863 arms

648 2898 754 2957 mundi,
771 2909 831 2962 quae
845 2900 910 2942 sunt
922 2888 1057 2953 snperbia,
1070 2883 1188 2948 avaritia,

648 2972 718 3037 gula,
734 2965 849 3023 luxuria,
864 2962 921 3011 haec
934 2960 1039 3011 videtur
1054 2956 1188 3024 pertinere

647 3043 680 3093 ad
701 3035 901 3106 generationem
928 3031 1034 3081 mundi.
1055 3028 1119 3080 Filii
1144 3043 1188 3078 au·

649 3124 705 3163 tem
717 3108 784 3158 lucis
798 3105 923 3156 similiter
929 3111 1130 3169 cognoscuntur
1139 3100 1189 3149 du·

649 3185 711 3252 plici
726 3182 884 3245 coniectura.
904 3178 995 3228 Prima
1018 3186 1067 3235 est,
1080 3171 1188 3240 quando

651 3269 767 3323 persona
779 3268 841 3303 cum
865 3249 941 3300 omni
959 3247 1102 3299 devotione
1124 3255 1189 3291 sus-

650 3329 720 3383 tinet
736 3322 919 3375 visitationem
929 3318 988 3380 Dei,
998 3333 1052 3386 qua
1067 3314 1191 3366 visitatur

652 3415 699 3466 per
731 3396 844 3463 flagella,
868 3394 911 3444 vel
941 3391 994 3442 alio
1027 3395 1191 3461 quocunque

653 3469 745 3529 modo,
757 3475 783 3516 et
797 3465 905 3531 quando
919 3477 974 3511 non
998 3454 1128 3525 permittit
1141 3452 1192 3501 ali-

654 3541 719 3606 quid
736 3540 766 3589 in
780 3537 859 3587 corde
873 3550 933 3594 suo,
947 3531 1020 3598 quod
1037 3537 1077 3578 est
1090 3532 1194 3574 contra-

655 3614 728 3663 rium
735 3611 801 3668 Deo,
811 3609 920 3673 signum
929 3614 977 3661 est,
989 3599 1062 3666 quod
1073 3606 1112 3647 est
1119 3593 1194 3644 iilius

656 3683 715 3734 uei.
738 3681 860 3732 Secunda
884 3677 1034 3739 coniectura
1054 3677 1104 3728 est,
1127 3664 1193 3733 quia

657 3751 839 3804 communiter
856 3747 924 3812 pulli
941 3743 1032 3793 avium
1046 3738 1193 3790 comedunt

659 3825 772 3873 libenter
792 3820 894 3876 cibum,
917 3829 973 3881 quo
989 3814 1188 3863 consueverunt

661 3895 699 3945 uti
712 3901 834 3959 parentes
848 3902 954 3949 eorum,
973 3894 1000 3935 et
1017 3885 1047 3935 in
1066 3883 1127 3949 ipso
1141 3895 1193 3946 po-

667 3967 771 4020 tissime
779 3965 962 4023 delectantur,
977 3958 1016 4008 sic
1027 3956 1134 4025 quando
1149 3953 1196 4003 ho·
