2632 4320
127 283 180 349 344

125 399 199 450 niam
214 400 336 450 sacerdos
353 402 581 466 quemadmodum
603 416 652 451 su-

126 484 302 535 peromnem
328 472 459 536 populum
482 471 653 537 glorificatur,

125 539 149 590 si
172 539 338 600 benefecerit,
362 557 416 590 non
435 543 525 592 solum
547 552 655 607 propter

127 628 203 664 suam
218 614 358 678 justitiam,
374 617 420 665 sed
435 625 460 665 et
474 625 582 681 propter
600 631 656 665 om·

127 686 215 746 nium,
229 686 293 752 quia
308 703 387 738 causa
412 697 451 738 est
470 689 526 753 ipse
548 687 657 751 justitiae

127 755 329 819 universorum,
349 758 384 806 ita
407 766 432 808 et
451 773 562 823 peccans
578 772 657 823 super

129 841 224 877 omnes
240 829 360 894 punitur,
377 845 432 879 non
447 830 534 879 solum
549 839 658 895 propter

128 912 209 948 suum
227 909 373 964 peccatum,
396 900 442 949 sed
467 909 574 965 propter
596 915 658 950 otn-

129 968 217 1032 nium,
237 970 300 1035 quia
318 969 376 1035 ipse
389 985 468 1020 causa
487 969 522 1020 sit
535 970 658 1021 omnium

126 1043 159 1094 ad
168 1045 329 1108 peccandum
339 1061 345 1093 :
354 1064 366 1091 n
375 1044 432 1094 haec
441 1044 659 1111 chrysostomus.

396 285 568 337 SECUNDAE
584 285 712 336 PARTIS
730 286 847 337 CAPUT
862 287 967 340 XLVII.

707 401 812 466 caloris,
827 408 853 453 et
866 403 969 455 stridor
980 404 1108 466 dentium,
1121 418 1154 454 ex
1165 404 1245 456 vehe·

709 473 812 523 mentia
826 473 974 540 frigorum3
995 473 1068 525 unde
1083 473 1135 524 lob
1156 491 1164 524 c
1179 474 1246 525 Ma·

709 546 807 596 ledicta
826 561 896 611 pars
911 548 968 614 ejus
982 548 1009 598 r'n
1025 554 1115 610 terra5
1135 546 1174 597 ad
1196 561 1245 597 ca-

710 617 793 668 lorem
819 618 927 669 nimium
950 623 1073 668 transeat
1102 618 1138 668 ab
1166 617 1246 683 aquit

710 688 818 738 nivium.
833 689 872 738 De
889 688 938 738 hac
960 703 1038 754 poena
1052 687 1138 738 satius
1161 687 1245 738 habes

711 773 792 824 supra
813 759 905 809 eadem
930 758 993 808 feria
1017 759 1103 820 tertia,
1128 758 1162 808 de
1190 768 1245 808 non
1278 802 1283 813 ,

712 831 827 880 habente
838 841 941 881 vestem
954 830 1114 896 nuptialem.
1128 829 1245 880 Attende

712 916 774 966 ergo
789 901 855 960 haec,
868 916 884 950 o
898 916 973 951 serve
985 900 1064 960 male,
1079 908 1106 950 et
1120 908 1146 950 te
1157 914 1247 950 emen·

713 973 775 1023 dare
788 973 882 1035 stude;
898 973 962 1039 quia
983 987 1053 1023 nunc
1073 981 1116 1022 est
1138 981 1247 1039 tempus

713 1043 907 1094 emendationis
919 1052 944 1093 et
962 1042 1071 1103 laboris,
1091 1052 1186 1108 postea
1197 1041 1247 1093 erit

126 1114 228 1165 Deinde
244 1115 277 1165 de
291 1131 369 1180 poena
384 1131 478 1164 eorum
492 1116 598 1177 {subdit
616 1116 661 1167 di-
714 1115 899 1166 retributionis
914 1126 940 1164 et
956 1113 1095 1175 mercediS,
1111 1115 1154 1165 vel
1169 1113 1246 1180 puni·

126 1203 188 1238 cens
204 1205 210 1238 :
223 1189 266 1240 Ibi
283 1189 336 1239 erit
339 1189 431 1254 fletur,
448 1204 480 1239 ex
490 1188 662 1240 vehementia
714 1186 797 1238 tionis
809 1195 834 1236 et
845 1185 978 1235 vindictae.

607 1407 744 1460 ORATIO

156 1585 272 1635 Domine
285 1586 346 1635 lesu
360 1585 476 1648 Christe,
491 1587 525 1636 da
539 1585 607 1635 mihi
623 1585 819 1636 incessabiliter
833 1584 905 1634 diem
915 1583 1045 1634 transitus
1056 1581 1113 1631 mei
1141 1590 1170 1630 et
1179 1578 1248 1630 diem

121 1657 219 1727 judicii
234 1657 364 1723 cogitare,
383 1673 412 1708 ac
425 1657 571 1708 novissima
583 1657 731 1724 providere,
752 1667 781 1708 ut
794 1655 904 1722 vigilem
919 1655 1033 1705 sollicite
1048 1669 1098 1719 pro
1113 1652 1243 1719 spiritua-

128 1727 199 1778 libus
213 1738 240 1778 et
260 1729 378 1789 aeternis,
394 1728 463 1779 mihi
484 1729 601 1779 cavendo
620 1727 770 1794 spectatis,
789 1738 815 1777 et
830 1726 979 1777 insistendo
1000 1725 1130 1791 operibus
1153 1722 1245 1787 bonis;

128 1815 216 1866 neque
230 1801 320 1866 ipsum
337 1816 392 1850 non
408 1801 550 1867 negligam,
567 1800 613 1850 sed
630 1800 705 1850 omni
729 1810 852 1865 tempore
863 1800 894 1848 ad
910 1809 1024 1848 mortem
1040 1813 1084 1847 me
1100 1810 1246 1863 praeparem

128 1884 154 1925 et
180 1873 333 1939 disponam.
352 1875 457 1933 Praesta,
481 1872 606 1938 Domine,
626 1883 657 1924 ut
678 1872 747 1922 mihi
773 1871 932 1937 quotidiano
955 1880 1015 1921 actu
1040 1870 1198 1937 provideam
1223 1878 1248 1919 et

127 1961 268 2012 procurem
283 1944 553 2008 consummationem,
570 1954 595 1995 et
611 1954 642 1994 ut
656 1953 712 1994 tota
725 1942 780 1994 vita
794 1959 854 1993 mea
863 1943 924 1993 talis
938 1943 972 1993 sit
987 1942 1016 1992 in
1030 1941 1248 1999 conversatione,
1306 1991 1308 1994 ,

128 2025 158 2066 ut
172 2016 239 2066 liber
255 2031 356 2066 merear
369 2031 427 2066 esse
441 2015 469 2065 in
484 2015 553 2077 fine,
571 2024 650 2082 teque
660 2014 688 2064 in
701 2024 797 2074 morte,
807 2014 848 2064 vel
859 2013 959 2078 judicio
969 2012 1124 2063 venientem
1135 2011 1249 2078 gauden·
1295 2016 1298 2021 '

129 2096 169 2138 ter
179 2087 304 2153 recipere,
321 2096 346 2137 et
357 2097 446 2137 tecum
460 2086 519 2137 sine
533 2085 585 2137 fine
599 2085 723 2151 gaudere.
740 2087 837 2136 Amen.

531 2465 698 2537 CAPUT
717 2465 853 2535 XLVII

234 2721 286 2788 De
308 2718 434 2787 lumbis
450 2717 656 2809 praecinctis
678 2728 711 2786 et
734 2714 887 2786 lucernis
909 2713 1129 2783 ardentibus.

564 2963 658 3025 Lucae
685 2981 752 3044 cap.
775 2981 823 3022 12.

716 3198 836 3258 affectus,
863 3206 889 3249 et
910 3197 1071 3258 intellectus,
1096 3213 1128 3248 ex
1153 3198 1254 3264 quibus

718 3270 868 3335 procedunt
882 3268 1060 3334 cogitationes
1075 3269 1163 3330 malae,
1175 3278 1202 3320 et
1214 3268 1255 3318 de-

169 3224 178 3258 ι
201 3207 273 3268 Qum
290 3221 347 3255 sntr
369 3220 450 3254 ruitur
466 3219 610 3253 Priuernum
629 3217 663 3251 nr

134 3286 261 3331 Lucsnms
278 3275 429 3326 tunsurus?
444 3303 474 3312 -
489 3275 521 3324 Et
548 3272 611 3339 quia
630 3271 663 3321 ad

133 3350 301 3418 vigilandum
322 3345 508 3412 multipliciter
529 3343 664 3395 Dominus

134 3420 248 3484 monuit,
270 3426 466 3483 consequenter
486 3415 609 3481 quaedam
632 3413 665 3462 ad

134 3491 303 3558 vigilandum
332 3503 381 3537 nos
405 3484 592 3552 praeparantia,
617 3498 665 3533 seu

135 3562 167 3614 ad
183 3561 325 3627 vigilantes
339 3557 508 3625 pertinentia,
529 3553 665 3619 describit,

135 3647 259 3692 monens,
275 3642 306 3681 ut
327 3631 381 3680 sint
401 3628 482 3679 lumbi
503 3625 596 3685 nostri,
611 3635 666 3675 tarn

136 3703 236 3754 mentis
250 3719 331 3769 quam
346 3700 443 3761 carnis,
449 3697 601 3765 prcecr'ncti,
613 3697 668 3746 cin·

137 3775 201 3840 gulo
214 3775 357 3837 castitatis,
376 3778 402 3824 et
414 3772 530 3823 lucernae
543 3769 669 3820 ardentes

137 3845 166 3895 itt
190 3845 328 3907 mambre,
356 3854 381 3895 et
409 3841 535 3908 operibus
560 3839 667 3891 nostris.

138 3916 234 3969 Lumbi
254 3918 354 3968 mentis
367 3926 431 3968 sunt
447 3933 453 3967 :
467 3914 600 3977 voluntas,
621 3928 668 3964 seu

717 3339 815 3390 sideria
844 3354 934 3406 prava.
959 3338 1055 3389 bembi
1077 3353 1143 3388 vero
1166 3338 1253 3390 carnis

718 3421 789 3473 sunt,
814 3428 846 3463 ex
871 3412 971 3478 quibus
989 3412 1123 3477 prodeunt
1137 3412 1256 3463 carnales

717 3485 940 3550 concupiscentiae
963 3495 989 3535 et
1003 3500 1084 3550 opera
1099 3484 1254 3552 impudica3

718 3566 745 3606 et
760 3555 870 3620 utrique
884 3553 970 3604 lumbi
986 3563 1049 3603 sunt
1061 3555 1253 3622 praecingendi,

719 3627 747 3677 id
762 3636 802 3677 est
816 3627 966 3677 coarctandi
979 3625 1013 3676 ab
1027 3625 1132 3677 illicitis
1152 3627 1256 3693 cogita·

719 3697 840 3749 tionibus
863 3707 889 3749 et
920 3697 1058 3763 operibus.
1083 3696 1256 3750 cinctorium

719 3768 870 3835 primorum
885 3778 925 3819 est
939 3768 1036 3817 divinae
1046 3768 1128 3834 Legis
1140 3768 1257 3820 medita-

720 3843 757 3892 tio
778 3841 892 3902 assidua,
914 3856 974 3908 quae
989 3839 1028 3904 ,fit
1056 3856 1105 3906 per
1133 3840 1256 3893 studium

721 3927 801 3964 sacrae
812 3912 970 3979 Scripturae;
987 3911 1153 3962 cinctorium
1167 3927 1258 3964 secun·
