2632 4320
154 251 201 302 DE
216 245 452 299 SAMARITANIS
468 241 663 294 HOSPlTlUM
677 241 816 292 DOMINO
834 239 1066 292 NEGANTIBUS.
1123 236 1173 302 157

490 704 656 774 CAPUT
678 691 744 770 XX

140 1012 193 1079 De
215 1006 455 1078 Samaritanus
479 996 668 1096 hospitium
692 1000 842 1069 Domino
866 998 1086 1090 negantibus.

500 1305 594 1366 Lucae
615 1321 683 1384 cap.
709 1324 738 1384 9.

90 1618 100 1649 1
143 1599 275 1649 Saansrns
310 1613 411 1648 ruconn
446 1612 590 1648 nosrrrrun

56 1665 179 1714 Caarsro
206 1675 352 1711 sanantur.
377 1687 408 1696 -
437 1660 473 1711 Ut
501 1668 607 1710 autem

55 1735 189 1784 adventus
205 1730 316 1781 Domini
332 1731 394 1781 Jesu
413 1745 469 1781 non
489 1730 590 1792 lateret,

55 1807 132 1858 misit
144 1805 254 1856 nuntios
267 1817 339 1866 snos,
350 1804 450 1856 scilicet
461 1803 591 1854 iacobum

55 1891 83 1931 et
94 1880 242 1937 loannem,
261 1883 324 1929 ante
338 1877 441 1942 faciem
461 1891 546 1938 suam,
562 1875 591 1924 in

55 1950 193 2000 civitatem
205 1947 442 2008 Samaritanorum,
450 1957 481 1997 ut
490 1945 590 1996 ibidem

56 2022 208 2089 hospitium
223 2030 250 2072 et
260 2030 345 2072 cetera
360 2019 514 2080 necessaria,
530 2033 591 2086 quae

59 2109 113 2143 non
130 2091 224 2159 magni
238 2091 402 2156 constabant,
418 2091 470 2142 sibi
486 2105 590 2156 praepa-

58 2173 157 2216 rarent.
179 2165 243 2214 Haec
263 2163 356 2214 civitas
374 2163 503 2226 Samaria,
520 2177 592 2212 nunc

59 2236 168 2286 Sebaste
185 2234 265 2295 dicta,
280 2234 333 2299 jam
347 2233 459 2300 peccatis
479 2233 592 2298 exigen-

61 2309 141 2368 tibus,
168 2323 216 2358 nec
239 2308 347 2358 unicam
373 2308 452 2358 habet
478 2307 591 2356 domum

63 2381 111 2432 nisi
137 2390 244 2432 tantum
262 2381 328 2430 duas
343 2379 465 2430 ecclesias
484 2393 591 2429 :unam

64 2451 89 2502 in
110 2460 212 2511 monte,
234 2451 281 2501 ubi
299 2451 434 2516 quondam
451 2449 503 2499 fuit
520 2448 591 2514 regis

66 2523 209 2587 palatium3
234 2524 378 2574 secundam
405 2522 432 2572 in
461 2523 591 2572 honorem

19 2633 22 2639 .
65 2596 143 2646 macti
154 2595 268 2646 loannis
282 2595 419 2661 Baptistae,
435 2594 462 2643 in
484 2609 538 2659 qua
549 2608 592 2644 se·

68 2666 152 2730 pultus
166 2667 220 2718 fuit
241 2667 312 2718 inter
332 2666 448 2717 Abdiam
476 2675 502 2716 et
532 2665 591 2716 Eli-

68 2752 154 2789 saeum.
168 2738 332 2789 Samaritani
349 2753 411 2788 vero
425 2737 472 2803 qui
487 2737 593 2787 aemula-

70 2806 158 2859 bantur
181 2810 283 2875 templo
308 2809 542 2875 ierosolymitano,
566 2818 592 2858 et

71 2877 218 2931 invidebant
242 2880 369 2931 euntibus
393 2880 420 2930 in
444 2881 591 2930 Jerusalem

71 2949 177 3011 adorare,
202 2951 266 3018 qnia
297 2951 425 3002 videbant
452 2951 591 3002 Christum

72 3033 123 3071 curn
144 3022 287 3089 discipulis
302 3023 399 3073 habere
417 3022 521 3088 sacient
544 3037 592 3073 seu

72 3093 174 3154 ruitum,
189 3095 217 3145 id
231 3105 273 3146 est
287 3095 451 3161 praetendere
463 3093 592 3145 similitu-

73 3161 150 3214 dinem
170 3175 196 3216 et
209 3165 318 3232 signum
333 3167 420 3216 euntis
436 3165 462 3216 in
475 3166 597 3223 derasa-v

74 3233 120 3300 lem,
136 3239 168 3289 ad
182 3237 283 3290 festum
300 3239 431 3305 paschale,
446 3253 525 3289 causa
537 3253 593 3288 ora-

74 3304 143 3361 tionis
177 3309 324 3375 faciendae,
360 3310 420 3361 ideo
457 3327 521 3372 eos,
562 3327 594 3361 ex

74 3382 231 3458 emulatione
252 3393 362 3449 propter
384 3384 473 3435 locum
497 3384 593 3434 adora-

74 3451 152 3514 tionis,
174 3455 320 3504 noluerunt
333 3454 451 3521 hospitio
469 3454 593 3521 recipere,

75 3519 126 3584 quia
151 3523 276 3574 dicebant
306 3524 396 3574 locum
430 3524 593 3576 adorationis

74 3601 121 3642 etse
144 3594 215 3660 apud
238 3609 285 3645 eos
307 3594 447 3645 inmonte
464 3595 592 3656 Gerizim,

73 3670 93 3711 et
112 3681 164 3716 non
178 3665 209 3715 in
230 3666 386 3717 Jerusalem.
403 3666 480 3716 Unde
503 3681 593 3733 supra,

75 3736 160 3788 nnlier
167 3737 344 3798 Samaritana,
355 3736 432 3804 quasi
442 3738 594 3789 aemulando

74 3803 131 3860 dixit
155 3809 303 3860 Domino:
328 3811 429 3862 Patres
454 3811 541 3862 nostri
567 3811 594 3862 in

74 3885 150 3932 monte
162 3879 213 3933 lroc
229 3879 413 3933 addravernnt
420 3899 430 3946 ;
439 3887 471 3934 'et
489 3894 537 3934 nos
549 3882 594 3934 di-

643 1594 726 1646 eitis:
746 1593 815 1653 Quia
835 1592 1018 1659 ierosolymis
1043 1595 1118 1646 locas
1134 1603 1174 1646 est

644 1666 671 1715 in
689 1679 740 1730 qno
757 1668 860 1730 oportet
879 1664 1005 1714 adorare.
1027 1666 1102 1727 ltem,
1122 1682 1173 1716 non

644 1742 800 1799 receperunt
819 1748 874 1796 eos,
892 1733 957 1798 quia
974 1749 1005 1783 ex
1024 1737 1173 1787 vestimen-

644 1805 678 1855 tis
712 1803 814 1854 Christi
838 1812 864 1853 et
892 1803 1087 1868 discipulorum
1117 1809 1174 1872 ejus

643 1885 824 1943 cognoverunt
842 1875 1000 1926 Samaritani
1017 1879 1089 1943 quod
1113 1879 1174 1930 fue·

644 1960 706 2001 runt
730 1949 840 2012 Judaei;
868 1949 951 1998 Judaei
982 1960 1071 2001 autern
1100 1967 1175 2005 erant

644 2019 818 2071 Samaritanis
840 2018 937 2079 odiosi,
962 2035 993 2070 eo
1020 2023 1092 2087 quod
1116 2039 1176 2074 con-

642 2093 800 2144 temnebant
836 2107 900 2156 eos,
935 2093 1056 2144 nolentes
1083 2112 1174 2148 come-

643 2165 705 2215 dere
748 2174 774 2214 et
803 2163 895 2214 bibere
928 2179 990 2214 cum
1026 2166 1073 2216 eis.
1112 2170 1174 2220 Non

643 2239 711 2290 enim
723 2243 865 2290 coutuntur
877 2237 970 2289 Juaaet
983 2239 1173 2305 samaritanis,

643 2311 713 2361 sicut
741 2319 767 2361 et
796 2310 900 2360 Hebraei
926 2312 1070 2378 AEgyptiis.
1098 2315 1174 2366 Unde

643 2381 830 2449 Hieronymus
855 2399 862 2431 :
892 2399 905 2427 n
931 2381 1029 2431 Hostili
1055 2385 1124 2437 inter
1147 2402 1175 2436 se

644 2451 813 2510 Samaritani,
829 2460 908 2517 atque
922 2452 1005 2502 Judaei
1023 2449 1175 2505 discordant

644 2523 716 2574 odio.
731 2522 860 2574 Videntes
875 2522 965 2588 itaque
979 2524 1129 2575 Dominum
1141 2528 1173 2576 ad

645 2595 737 2645 hostes
767 2609 831 2643 suos
863 2608 981 2659 pergere,
1014 2596 1173 2647 Samaritani

644 2684 707 2718 eum
717 2666 835 2732 recipere
847 2667 999 2719 noluerunt.
1012 2669 1173 2736 Quanquam

644 2732 696 2788 alia
720 2735 876 2802 subjiciatur
899 2737 1086 2804 intelligentia,
1111 2741 1175 2806 quia

644 2811 768 2861 voluntas
778 2808 888 2859 Domini
900 2810 989 2870 fuerit,
1005 2827 1060 2861 non
1075 2813 1174 2879 suscipi

644 2879 862 2952 aSamaritanis,
884 2881 948 2946 quia
966 2881 1108 2934 festinabat
1130 2885 1175 2935 Je-

645 2955 759 3005 rusalem
784 2951 851 3018 pati,
877 2962 903 3003 et
927 2955 1086 3020 sanguinem
1110 2957 1175 3008 iun-

645 3025 716 3083 dere,
736 3039 770 3073 ne
783 3031 926 3088 occupatus
941 3025 1110 3092 susceptione
1126 3029 1176 3077 Sa-

646 3097 768 3147 maritica
793 3104 819 3146 et
838 3095 958 3147 doctrina
983 3098 1071 3163 gentis
1092 3097 1175 3162 illius,

646 3166 781 3219 Passionis
804 3164 922 3216 differret
939 3166 1021 3229 diem,
1044 3169 1176 3234 adquam

645 3248 753 3290 venerat
775 3236 979 3289 sustinendam:
1000 3259 1014 3287 r>
1035 3239 1093 3289 haec
1111 3237 1176 3288 Hic-

645 3324 784 3378 ronymus.

678 3397 693 3431 2
714 3382 888 3433 Voranrrnus
909 3397 1020 3433 nunnus
1040 3397 1073 3429 nn
1093 3395 1175 3428 sanu-

646 3467 699 3502 rnu
712 3467 921 3502 rnrnurnnnruu.
942 3479 972 3489 -
993 3450 1069 3500 Sicut
1087 3458 1174 3500 autem

647 3523 765 3575 Domino
785 3524 813 3574 in
830 3525 976 3575 Jerusalem
997 3520 1115 3573 tendenti
1131 3536 1176 3570 re-

647 3595 773 3647 stiterunt
791 3593 968 3658 Samaritani;
992 3593 1039 3652 sic,
1059 3592 1081 3643 si
1100 3606 1177 3642 mens

647 3678 693 3720 tua
705 3667 731 3718 in
748 3668 846 3718 coelum
860 3667 959 3727 tendat,
976 3664 1088 3716 habebis
1102 3680 1176 3715 sem-

648 3755 696 3806 per
707 3738 754 3805 qui
769 3738 849 3798 rixas,
864 3735 924 3787 odia
940 3745 966 3786 et
980 3735 1050 3785 bella
1066 3746 1176 3803 gerant;

649 3825 704 3860 non
726 3819 817 3859 tamen
837 3807 935 3872 irrepat
954 3805 1072 3859 vindicta
1093 3807 1178 3857 menti

648 3890 709 3943 tua,
737 3880 783 3931 sed
818 3887 951 3945 quantum
976 3877 1076 3943 poteris
1101 3879 1179 3931 stude
