2632 4320
376 112 423 161 DE
438 110 689 162 PERFECTIONE
704 111 958 164 PAUPERTATIS.
1191 113 1227 182 87

103 225 209 275 Deum?
226 227 255 276 Si
280 242 343 277 vero
367 228 504 278 confiteris
526 229 639 289 bonurn,

101 299 194 348 credns
223 299 306 349 etiam
340 316 398 351 esse
428 301 524 351 Deum.
560 301 640 352 Solus

100 372 174 422 onim
189 372 265 422 Deus
280 383 373 425 natura
387 385 427 425 est
441 376 538 426 bonus.
554 395 568 424 n

132 460 148 493 2
160 444 216 494 Vra
237 460 396 498 necessitati
406 465 440 498 io
451 464 532 498 vrrxx
552 465 559 498 ε
576 465 640 499 mx-

101 529 230 564 naronux
271 528 443 570 onsnnvxrro.
478 547 508 556 -
536 520 639 570 Deinde

101 595 302 650 consequenter
315 590 458 653 respondet
472 591 529 655 ejus
552 589 637 640 inter-

101 655 254 721 rogationi,
269 658 362 709 dicens
374 661 423 711 :Si
440 668 528 712 autem
545 662 586 711 vis
600 662 638 712 ad

101 726 183 777 vitam
220 727 347 795 ingredi,
383 745 461 781 serra
499 731 636 782 mandata.

100 797 184 856 Quasi
208 799 309 850 diceret
330 803 410 852 :Hoc
431 800 530 852 sufficit
547 803 580 853 ad
598 817 638 852 sa·

99 871 198 938 lutem3
223 871 296 938 quod
320 872 437 938 amplius
458 884 507 937 est,
522 878 637 924 non'est

98 944 277 1002 necessitatis,
306 944 353 992 sed
379 944 634 1010 supererogationis,

83 1012 173 1078 ,quia
183 1014 337 1064 secundum
348 1014 459 1077 Bedam,
475 1014 635 1078 justitiaLe-

96 1083 141 1148 gis
150 1085 295 1146 custodita,
309 1101 365 1134 non
386 1087 475 1135 solum
489 1086 560 1136 bona
579 1095 636 1137 ter-

98 1169 145 1210 rae,
172 1155 221 1205 sed
239 1165 268 1205 et
291 1154 373 1206 vitam
390 1155 544 1224 conferebat
563 1168 636 1208 aeter-

88 1243 173 1286 nom,
192 1244 248 1278 suo
267 1238 388 1294 tempore
408 1232 633 1295 consequendam.

97 1301 134 1351 Et
162 1301 228 1367 quia
252 1303 406 1352 adolescens
432 1303 488 1353 haec
504 1303 633 1365 audierat,

95 1373 233 1422 sollicitus
248 1372 333 1422 factus
354 1373 528 1439 interrogavit
543 1391 550 1424 :
566 1375 634 1437 Quae

98 1457 189 1495 essent
211 1445 269 1495 haee
292 1447 426 1507 mandata,
440 1463 558 1512 quorum
581 1450 633 1499 ob·

95 1516 232 1566 servantia
258 1526 299 1566 cst
325 1518 483 1569 necessaria.
511 1520 568 1570 Hoc
582 1537 632 1571 au-

98 1598 172 1648 tem,
201 1589 350 1637 secundum
390 1588 654 1656 Cltrysortomum,'

96 1673 155 1706 non
179 1668 285 1709 tentans
311 1659 388 1722 fecit;
419 1661 465 1710 sed
495 1662 632 1713 aestimans

96 1728 151 1777 alia
167 1730 292 1794 quaedam
308 1742 439 1797 praecepta
453 1746 519 1791 esse,
537 1743 633 1798 praeter

95 1799 200 1864 legalia,
214 1817 277 1866 quae
292 1802 354 1852 vitae
381 1802 405 1852 ei
426 1818 506 1852 causa
530 1802 631 1856 fierent.

92 1871 178 1919 Jesuc
197 1881 298 1931 antem,
314 1872 392 1938 quasi
408 1872 516 1923 infirmo
532 1875 633 1926 conde-

98 1942 239 2002 scendens,
258 1943 337 2007 Legis
362 1955 493 2010 praecepta
517 1946 634 1996 clemen-

95 2011 202 2062 tissime
211 2029 357 2079 exponens,
373 2015 460 2066 dixit:
478 2017 542 2067 Non
553 2018 634 2069 homi-

93 2085 194 2136 cidium
205 2086 297 2152 saciet
314 2105 398 2139 manu
418 2090 572 2151 occidendo,
588 2108 634 2143 ore

98 2157 224 2219 jubendo,
239 2158 281 2208 vel
298 2163 478 2226 consulendo;
494 2163 537 2212 vel
551 2162 632 2214 etiam

96 2225 270 2287 detrahendo,
287 2228 352 2294 quia
373 2245 420 2294 per
442 2231 631 2282 detractionem

97 2295 229 2346 occiditur
252 2299 392 2362 proximus
415 2299 443 2350 in
468 2301 632 2352 conscientia

695 230 728 279 Et
743 230 794 280 hoc
803 239 851 288 est,
865 231 937 296 quod
951 229 1077 281 subditur
1093 229 1153 279 :Et
1168 230 1229 281 dili·

692 315 743 365 ges
756 301 913 365 proximum
927 307 1009 364 tuum,
1022 301 1093 351 sicut
1101 300 1223 366 teipsum,

693 370 775 421 idest
794 371 870 420 adid
891 372 964 437 quod
982 370 1073 437 diligis
1097 370 1224 436 teipsum,

692 441 794 492 scilicet
806 441 839 492 ad
854 442 966 507 gratiam
983 451 1009 492 et
1023 440 1152 507 gloriam;
1171 441 1223 502 vel,

691 513 762 562 sicut
773 512 894 578 teipsum,
910 512 990 562 idest
1003 529 1057 562 non
1065 511 1147 561 verbo
1161 520 1223 561 tan-

691 595 759 649 tum,
771 586 817 636 sed
830 600 909 651 opere
918 596 944 636 et
951 584 1069 635 veritate.
1081 584 1224 635 Proximus

689 668 779 706 autem
796 665 887 707 noster
899 667 948 716 est,
965 656 1054 704 omnis
1068 655 1116 721 qui
1133 654 1224 706 nobis·

690 742 752 776 cum
771 726 895 778 convenit
910 726 938 777 in
950 735 1060 785 natura,
1083 741 1166 792 quem
1179 725 1223 776 de·

690 801 785 850 bemus
793 799 994 864 sicutnosipsos
1003 798 1124 864 diligere.
1133 798 1222 858 Quam

689 871 850 922 sententiam
879 870 1014 920 Dominus
1045 868 1169 931 inducit,
1191 876 1223 918 ut

688 945 811 994 ostendat
822 943 895 1009 quod
906 940 969 992 finis
980 950 1171 1007 praceptorum
1183 949 1224 991 est

688 1018 797 1082 caritas;
810 1017 875 1083 quia
894 1015 1062 1066 observantia
1080 1013 1224 1063 mandato-

687 1104 750 1138 rum
765 1104 820 1137 non
832 1097 873 1138 est
884 1085 1091 1137 meritoriavitae
1104 1094 1222 1145 aeternae,

688 1161 741 1212 nisi
756 1159 802 1210 fiat
816 1176 847 1210 ex
868 1159 984 1210 caritate.
999 1158 1071 1208 Inter
1083 1156 1142 1208 haec
1153 1169 1224 1222 prae-

687 1245 762 1299 cepta
773 1231 926 1283 ordinantia
939 1231 968 1281 in
981 1229 1148 1296 proximum,
1165 1243 1221 1278 non

686 1317 833 1373 tanguntur
844 1313 976 1371 praecepta
990 1304 1023 1353 de
1043 1318 1098 1353 non
1120 1316 1223 1352 concu-

686 1380 814 1446 piscendo
839 1394 896 1428 rem
933 1376 1071 1442 proximi,
1094 1375 1138 1426 vel
1164 1375 1223 1440 ejus

685 1466 808 1509 uxorem,
820 1447 885 1514 quia
908 1447 1074 1497 reducuntur
1094 1447 1128 1497 ad
1150 1460 1221 1512 prae-

684 1535 759 1590 cepta
770 1524 805 1572 de
821 1537 876 1571 non
892 1520 1036 1569 adulterari
1056 1530 1083 1569 et
1101 1535 1157 1569 non
1175 1519 1220 1570 fu·

684 1596 747 1655 rari,
761 1604 789 1644 et
812 1594 864 1644 sub
884 1591 938 1642 illis
955 1603 1069 1656 possunt
1093 1590 1218 1657 intelligi;

684 1670 736 1727 vel,
750 1664 814 1731 quia
833 1663 1023 1728 intelliguntur
1036 1661 1065 1711 in
1079 1663 1131 1713 hoc
1145 1662 1220 1727 quod

684 1741 783 1790 dicitur
795 1755 802 1788 t
815 1740 925 1809 Diliges
948 1739 1108 1806 proximum
1135 1742 1219 1814 trunti

684 1811 732 1872 qui
755 1813 829 1863 enim
849 1830 911 1864 vere
941 1812 1097 1880 proximum
1121 1804 1220 1871 diligit,

686 1899 735 1933 nec
749 1900 806 1934 rem
829 1886 896 1951 ejus,
917 1901 967 1937 nec
982 1897 1093 1933 uxorem
1117 1890 1219 1928 concu-

684 1953 773 2020 piscit.
801 1955 951 2007 Enumerat
974 1964 1065 2004 autem
1093 1949 1138 2001 hic
1165 1960 1220 1996 non

686 2026 778 2076 omnia
805 2030 948 2087 mandata,
967 2025 1014 2077 sed
1048 2014 1245 2074 solummodo,
1305 2080 1307 2087 Ι

686 2107 818 2162 praecepta
838 2098 962 2149 secundae
978 2095 1087 2154 tabulae,
1106 2105 1166 2158 quae
1179 2101 1221 2169 or·

685 2168 781 2218 dinant
796 2168 938 2220 hominem
956 2168 989 2218 ad
1006 2165 1171 2234 proximum,
1190 2173 1220 2208 m

685 2241 786 2306 quibus
811 2243 931 2309 implicat
951 2252 977 2292 et
1000 2237 1129 2316 supponit
1147 2247 1219 2299 prae-

685 2323 761 2376 cepta
776 2313 869 2378 primae
883 2313 981 2362 tabula·
996 2311 1148 2360 ordinantra
1165 2304 1220 2353 ho-

95 2365 190 2426 eliena,
215 2367 245 2416 in
264 2384 318 2434 qua
336 2370 441 2421 vivebat
464 2388 512 2437 per
532 2373 632 2423 bonam
656 2385 663 2426 t
685 2384 787 2432 minem
801 2384 835 2432 ad
856 2384 957 2445 Deum;
976 2381 1040 2447 quia
1060 2378 1144 2427 homo
1160 2387 1220 2422 mn-

96 2436 209 2501 iarnnm,
228 2454 278 2488 nec
296 2442 376 2492 corde
393 2452 508 2492 mortem
523 2443 632 2494 alterius

97 2508 282 2570 desiderando,
297 2513 340 2562 vel
364 2513 459 2562 odium
483 2513 631 2580 retinendo,

99 2592 142 2632 aut
159 2583 322 2635 beneficium
337 2587 530 2647 subtrahendo,
545 2598 571 2638 et
585 2605 632 2654 per

100 2652 148 2703 hoc
164 2666 328 2721 praeceptum
354 2657 489 2724 Decalogi,
507 2659 633 2724 prohibe-

99 2732 140 2772 tur
163 2738 358 2776 nocumentum
382 2729 498 2793 proximi
521 2731 549 2780 in
567 2746 630 2796 per-

98 2810 160 2847 sona
173 2799 290 2864 propria.
313 2801 376 2850 Non
391 2803 568 2866 adulterabis,
585 2820 631 2869 per

100 2865 147 2917 hoc
170 2869 342 2933 prohibetur·
356 2881 550 2923 nocumentum
573 2890 631 2939 pro-

99 2937 162 2988 ximi
177 2940 205 2990 in
218 2957 334 3007 persona
344 2943 555 3009 sibiconjuncta.
567 2948 631 2998 Non

92 3008 197 3072 furtum
211 3013 312 3085 facies,
330 3030 377 3080 per
396 3016 448 3066 hoc
473 3018 632 3081 prohibetur

100 3093 291 3133 nocumentum
300 3087 451 3150 proximiin
464 3104 492 3139 re
500 3105 629 3154 possessa.

99 3151 163 3202 Non
175 3153 284 3218 salsum
300 3157 476 3209 testimonium
488 3160 570 3225 dt'ces,
584 3177 631 3226 per

99 3221 147 3273 hoc
170 3224 331 3288 prohibetur
349 3240 543 3280 nocumentum
565 3247 630 3296 pro-

100 3293 163 3343 ximi
179 3293 208 3344 in
219 3295 300 3347 fama.
310 3298 426 3350 Honora
436 3308 544 3365 patrem
554 3309 630 3354 tuum

98 3369 124 3412 et
141 3371 263 3430 maim,
276 3368 316 3418 eis
329 3369 524 3432 subveniendo,
541 3383 569 3423 et
584 3389 629 3425 re-

97 3435 242 3486 verentiam
262 3439 433 3504 exhibendo;
459 3451 485 3492 et
508 3458 555 3508 per
578 3443 630 3494 hoc

99 3520 257 3575 praeceptum
283 3511 473 3565 affirmativum
497 3516 628 3583 intelligi-

97 3590 139 3630 tur
153 3597 234 3633 omne
254 3584 413 3636 beneficium
432 3586 557 3652 proximo
574 3591 630 3640 red-

97 3650 225 3716 dendum,
239 3655 303 3720 quia
319 3657 431 3708 nomine
444 3659 527 3724 patris
537 3670 562 3710 et
576 3676 629 3711 ma·

99 3721 156 3786 tris,
179 3723 339 3793 intelligitur
365 3729 456 3780 omnis
478 3731 627 3795 proximus.

684 2453 726 2517 gis
742 2463 849 2503 tenetur
870 2454 927 2503 Deo
946 2467 1029 2517 quam
1043 2447 1178 2514 proximo,
1192 2451 1219 2492 et

684 2524 744 2573 ideo
778 2524 801 2574 ai
829 2523 998 2574 observantia
1030 2517 1217 2569 mandatorum

684 2596 809 2647 secundae
831 2596 930 2647 tabulae
952 2605 994 2645 est
1017 2587 1164 2643 necessaria
1183 2586 1217 2638 ad

685 2669 809 2729 salutem,
830 2669 917 2718 multo
940 2665 1037 2717 fortius
1048 2664 1218 2714 observantia

684 2740 873 2789 mandatorum
889 2737 984 2803 primae
999 2734 1096 2786 tabulae
1114 2740 1154 2781 est
1166 2743 1218 2810 ne-

683 2807 798 2858 cessaria
812 2809 845 2858 ad
857 2808 988 2858 eamdem.
1001 2805 1080 2857 Unde
1094 2803 1161 2853 bene
1172 2799 1217 2880 dt·

684 2878 721 2927 cit
746 2879 907 2943 Apostolus,
933 2878 1006 2944 quod
1020 2894 1028 2927 ι
1044 2875 1098 2937 Qut
1125 2871 1219 2952 diligit

680 2949 847 3014 proximant,
867 2950 968 3015 Legem
995 2945 1114 3012 implevit
1130 2961 1140 3007 ;
1154 2955 1218 3009 quta

684 3022 712 3070 in
741 3020 883 3071 dilectione
915 3021 1031 3087 proximi
1058 3014 1220 3081 intelligitur

683 3092 791 3143 dilectio
812 3093 860 3144 Dei
885 3103 916 3143 ut
934 3093 996 3144 finis
1016 3102 1123 3157 propter
1136 3100 1219 3168 quem

683 3165 825 3230 proximus
847 3166 979 3233 diligitur,
994 3165 1063 3232 quia
1078 3170 1219 3227 proximus

682 3233 805 3300 diligitur
832 3247 941 3302 propter
963 3236 1060 3293 Deum,
1073 3241 1100 3281 et
1120 3243 1176 3277 non
1204 3241 1219 3276 e

682 3320 822 3356 converso.

715 3375 729 3426 3
744 3377 785 3426 De
804 3393 889 3427 nnenx
904 3377 1040 3427 Dreinoor
1061 3385 1219 3423 Priscianus.

682 3477 712 3486 —
727 3450 778 3500 Per
792 3450 919 3517 proedicta
935 3450 1019 3500 etiam
1038 3447 1154 3497 ostendit
1165 3447 1220 3498 Sal·

681 3531 765 3582 vator,
794 3522 868 3588 quod
886 3519 1055 3571 observantia
1077 3528 1220 3584 precepto-

683 3607 744 3642 rum
771 3591 988 3642 cerimonialium
1010 3600 1036 3640 et
1051 3590 1218 3654 judicialium

683 3679 738 3712 non
755 3674 811 3713 erat
828 3663 947 3728 amplius
965 3662 1113 3713 necessaria
1126 3663 1159 3713 ad
1180 3677 1218 3712 sa·

682 3734 775 3794 lutem,
786 3734 833 3784 sed
847 3731 986 3784 sufficiunt
998 3734 1089 3785 decem
1103 3733 1216 3784 Decalo-
