2632 4320
137 274 173 344 9'8
439 270 614 324 SECUNDAE
630 270 754 321 PARTIS
768 268 886 322 CAPUT
901 270 959 322 llll.

136 402 178 442 tra
214 391 322 441 dolosos
352 398 380 440 et
403 390 559 454 mendaces;
593 388 672 438 debet

138 462 218 512 etiam
236 463 335 511 habere
347 475 429 510 venas
446 459 542 509 rubeas
555 457 671 509 caritatis

138 535 171 583 ad
192 532 356 599 proximum,
371 533 403 581 ad
418 546 510 597 quem,
533 540 559 580 et
572 530 671 594 dequo

99 599 103 607 '
139 613 179 655 est
190 619 289 663 sermo,
304 603 377 669 quod
393 613 433 653 est
444 612 534 653 contra
546 615 672 652 susurra-

138 688 218 739 tores,
243 677 412 739 detractores,
438 675 626 725 convitiatores
646 683 672 723 et

137 747 355 798 calumniatores.
388 748 464 809 Item,
491 745 574 811 jaspis
597 743 672 825 fugat

138 818 240 868 febrem
266 828 291 866 et
311 817 497 898 hydropisim,
519 826 545 865 et
563 815 673 880 stringit

138 887 243 937 fluxum
266 887 423 953 sanguinis;
449 887 488 937 sic
513 885 672 950 simplicitas

139 958 284 1009 verborum
305 957 380 1020 fugat
392 957 493 1008 febrem
509 955 671 1006 iracundiae:

140 1030 292 1096 Responsio
334 1029 406 1079 enim
443 1028 534 1079 mollis
557 1025 674 1092 frangit

141 1102 211 1151 iram
220 1119 232 1164 ,·
256 1110 330 1151 curat
354 1099 527 1166 hydropisim
545 1098 671 1157 avaritiae,

141 1186 203 1223 nam
217 1173 288 1238 apud
303 1183 464 1222 mercatores
486 1180 511 1221 et
526 1170 593 1220 alios
609 1179 674 1219 tem-

141 1244 280 1310 poralibus
305 1243 386 1292 lucris
410 1242 556 1301 inhiantes,
577 1241 674 1291 verbo-

141 1328 202 1365 rum
220 1314 379 1398 simplicitas
395 1323 536 1379 reputatur
551 1312 673 1375 fatuitas,

140 1387 250 1454 stringit
287 1387 368 1436 etiam
392 1385 497 1436 fluxum
524 1383 673 1466 sanguinis,

142 1458 255 1508 carnalis
281 1456 408 1507 videlicet
439 1453 674 1522 concupiscentiae,

142 1544 203 1595 quae
225 1546 257 1579 ex
281 1529 415 1580 simulatis
439 1528 584 1595 colloquiis
603 1542 675 1593 saepe

141 1600 278 1651 excitatur.
292 1602 424 1650 Octavum
434 1600 588 1660 consilium,
602 1598 674 1665 quod

142 1681 182 1722 est
194 1671 287 1723 vitatio
300 1673 451 1723 occasionis
466 1673 578 1739 peccati,
593 1671 676 1737 signi-

141 1740 235 1793 ficatur
247 1759 294 1809 per
311 1743 519 1809 chrysolithum.
533 1740 675 1808 Chrysoli-

143 1813 207 1864 thus
230 1814 302 1864 enirn
331 1815 411 1864 micat
437 1815 469 1864 ad
493 1815 578 1865 solem
598 1811 675 1879 quasi

143 1887 220 1937 stella
235 1902 324 1947 aurea,
342 1897 367 1937 et
386 1888 408 1937 si
430 1887 539 1952 ponitur
554 1887 582 1937 in
603 1886 675 1951 igne,

143 1961 229 2013 resilit
242 1963 275 2011 ab
291 1961 368 2026 igne;
391 1961 430 2010 sic
445 1962 545 2011 cautela
559 1959 677 2009 occasio-

143 2031 185 2081 nis
201 2032 325 2097 peccandi
343 2031 460 2082 vitandae
476 2033 558 2080 micat
569 2031 598 2080 in
616 2029 676 2079 ani-

144 2122 197 2169 ma,
209 2107 286 2172 quasi
305 2107 381 2155 stella
395 2120 484 2163 aurea,
498 2105 618 2170 dirigens
631 2105 677 2153 ho

144 2175 245 2225 minem
263 2175 291 2223 in
311 2175 388 2224 factis
412 2174 478 2236 suiS,
494 2174 578 2223 instar
594 2175 677 2224 stellae

144 2245 235 2304 maris,
261 2254 291 2294 ut
315 2245 375 2295 sine
404 2244 554 2294 offensione
579 2244 677 2310 peccati

144 2315 278 2380 pertingat
294 2316 325 2364 ad
351 2324 476 2381 portum;
492 2324 518 2364 et
540 2328 587 2380 per
610 2313 678 2364 hanc

144 2385 273 2435 cautelam
303 2401 365 2434 mox
392 2395 423 2435 ut
456 2385 539 2434 homo
566 2384 679 2435 advertit

144 2471 173 2506 se
187 2471 247 2506 esse
262 2455 290 2505 in
305 2456 433 2522 periculo,
449 2454 534 2505 resilit
549 2454 677 2521 fugiendo

144 2545 159 2579 n
174 2529 220 2579 tali
236 2528 447 2605 opportunitate,
466 2528 543 2595 quasi
556 2528 612 2578 ab
605 2543 676 2594 igne.

145 2602 220 2661 ltem,
249 2582 441 2683 chrysolithus⁸
456 2599 561 2682 repellit
585 2601 677 2651 stulti-

143 2671 218 2730 tiam,
231 2682 257 2720 et
271 2672 374 2721 confert
386 2672 563 2737 sapientiam3
581 2673 620 2721 sic
633 2672 677 2722 vi-

144 2750 200 2790 tare
223 2742 375 2791 occasiones
404 2742 531 2806 peccandi
556 2752 596 2801 est
620 2758 675 2791 ma-

145 2824 203 2876 gnae
229 2811 374 2876 sapientiae,
408 2811 477 2860 sicut
504 2827 518 2861 e
546 2811 677 2859 contrario

145 2894 266 2947 quaerere
304 2880 522 2948 opportunitates
553 2880 678 2947 peccandi

146 2967 251 3017 magnae
264 2953 385 3004 stultitiae
400 2964 447 3004 est.
462 2954 572 3004 Nonum
586 2953 678 3003 consi-

144 3022 223 3082 lium,
242 3025 315 3088 quod
335 3035 374 3074 est
392 3024 525 3075 rectitudo
545 3024 678 3075 intentio—

146 3093 198 3153 nis,
211 3110 241 3143 ac
250 3095 407 3161 simplicitas
417 3095 489 3156 finis,
501 3097 622 3163 signatur
632 3111 680 3161 per

144 3165 279 3215 berillum.
299 3165 415 3217 Berillus
433 3167 506 3217 enim
525 3177 566 3217 est
581 3167 678 3217 coloris

144 3236 236 3303 pallidi
252 3247 277 3285 et
291 3238 494 3302 transparentis,
514 3249 539 3288 et
554 3238 594 3289 illi
612 3239 680 3303 opti-

145 3307 184 3356 mi
204 3317 269 3357 sunt
288 3309 335 3373 qui
359 3310 476 3358 maculas
496 3308 609 3360 interius
624 3325 678 3358 non

145 3381 263 3445 habent,
280 3382 325 3430 sed
342 3381 412 3430 bona
428 3396 507 3447 opera
528 3391 618 3431 nostra
632 3381 680 3430 de-

144 3453 275 3505 bentesse
296 3454 402 3520 pallida,
413 3455 513 3504 scilicet
531 3453 681 3519 spiritualia

144 3537 171 3576 et
181 3528 385 3593 transparentia,
398 3538 428 3576 ut
439 3527 579 3577 videantur
588 3525 622 3574 ab
633 3526 679 3576 ho-

145 3594 267 3645 minibus
288 3611 336 3662 pro
356 3596 426 3644 bono
445 3595 568 3661 exemplo
588 3603 614 3644 et
630 3595 677 3644 Dei

145 3668 246 3732 gloria3
263 3681 289 3720 et
299 3671 350 3719 hoc
363 3680 426 3718 tunc
437 3669 526 3718 solum
538 3677 578 3718 est
591 3668 679 3718 lauda-

146 3737 209 3803 bile,
225 3742 333 3806 quando
350 3739 463 3791 intentio
483 3749 523 3789 est
546 3754 612 3804 pura
632 3738 678 3788 in-

144 3818 189 3860 tus
204 3811 232 3861 in
247 3816 335 3874 corde,
346 3814 383 3864 ita
399 3813 472 3879 quod
483 3829 542 3877 pon
556 3812 611 3863 sint
625 3827 679 3862 ma·

144 3882 210 3933 culae
245 3883 402 3936 intentionis
436 3882 564 3939 sinistrae.
598 3884 675 3945 Item,

726 386 847 447 berillus,
862 384 886 436 si
900 384 938 437 sit
950 384 1080 436 rotundus
1093 394 1120 436 et
1132 400 1261 452 oppona-

724 467 769 507 tur
780 456 841 517 soli,
859 454 951 523 ignem
963 454 1083 506 accendit
1099 455 1128 506 in
1142 457 1261 507 carbone

725 542 847 594 mortuo;
861 530 899 581 sic
908 531 1011 580 bonum
1019 546 1096 596 opus,
1111 528 1133 580 si
1147 529 1185 580 sit
1194 531 1263 581 benc

725 602 908 663 rotundatum,
925 601 952 651 id
978 611 1017 651 est
1040 615 1073 650 ex
1091 600 1169 651 omni
1189 610 1262 666 parte

724 673 823 723 debitis
852 670 1063 722 circumstantiis
1081 680 1261 737 coaequatum,

725 756 752 797 et
777 761 832 795 non
857 745 1026 811 obliquatum
1049 745 1091 794 vel
1114 742 1261 795 distortum

725 835 740 869 a
754 818 808 869 fine
819 819 920 880 debito,
939 828 964 869 et
979 818 1002 868 si
1022 816 1123 868 directe
1135 832 1260 885 oppona-

725 900 769 940 tur
781 890 841 950 soli,
854 889 890 940 ita
899 899 929 940 ut
938 898 993 940 tota
1003 889 1119 939 intentio
1129 888 1262 954 dirigatur

725 962 758 1010 ad
780 962 882 1019 lumen,
905 970 970 1011 tunc
993 959 1112 1010 accendit
1131 961 1262 1011 carbones

726 1041 857 1091 mortuos,
873 1030 900 1080 id
920 1040 961 1081 est
981 1045 1064 1096 opera
1077 1039 1170 1080 nostra
1183 1030 1261 1097 prius

727 1116 774 1166 per
796 1111 901 1166 peccata
924 1100 1083 1152 mortificata
1103 1100 1262 1151 reviviscere

727 1170 805 1234 facit3
827 1173 870 1221 vel
892 1172 982 1231 etiam,
1012 1170 1076 1237 quia
1102 1172 1161 1236 ejus
1183 1171 1264 1221 ardor

727 1244 848 1294 accendit
860 1243 998 1309 proximos
1008 1252 1129 1292 mortuos
1144 1257 1193 1309 pro
1206 1256 1263 1308 pec·

728 1314 804 1378 catis,
821 1314 869 1381 qui
890 1315 947 1379 ejus
964 1314 1087 1379 exemplo
1108 1314 1263 1364 accendun-

727 1399 772 1438 tur
787 1388 820 1438 ad
836 1385 1029 1453 poenitentiam.
1052 1386 1128 1445 Item,
1150 1385 1262 1435 berillus

727 1460 798 1510 valet
816 1467 906 1508 contra
927 1456 1111 1524 squinantiam
1137 1466 1165 1506 et
1182 1457 1262 1522 glan-

729 1533 775 1582 des
787 1547 796 1592 ·,
809 1532 848 1581 sic
868 1529 998 1581 rectitudo
1017 1528 1177 1578 intentionis
1191 1529 1260 1578 valet

728 1612 821 1652 contra
838 1599 1042 1651 tumefactiones
1058 1598 1216 1665 hypocrisis
1236 1608 1263 1648 et

728 1690 803 1726 vanae
815 1673 992 1740 gloriationis.
1003 1674 1080 1732 ltem,
1097 1671 1211 1722 berillus
1223 1686 1263 1721 va·

729 1748 765 1797 let
776 1758 868 1797 contra
881 1746 999 1812 pericula
1010 1745 1142 1805 hostium,
1158 1755 1184 1795 et
1200 1744 1263 1794 red-

729 1818 769 1867 dit
798 1817 939 1867 hominem
961 1815 1105 1878 invictum;
1131 1814 1170 1865 sic
1200 1813 1263 1881 quia

729 1888 821 1938 hostes
835 1887 920 1937 nostri
930 1887 1064 1936 daemones
1079 1885 1208 1935 nituntur
1221 1882 1265 1933 bo·

731 1977 765 2010 na
778 1975 859 2027 opera
873 1968 964 2009 nostra
977 1958 1071 2008 vitiare
1088 1972 1136 2022 per
1150 1955 1258 2005 inanem

731 2030 854 2096 gloriam,
868 2038 893 2079 et
909 2026 1063 2094 superbiam
1083 2025 1261 2091 spiritualem,

731 2115 837 2165 semper
859 2099 942 2160 enim,
961 2098 1110 2148 secundum
1127 2095 1264 2162 Augusti-

730 2185 800 2233 num,
822 2169 901 2219 bonis
916 2168 1043 2234 operibus
1058 2166 1225 2216 1ns1d1antur
1234 2173 1264 2216 ut

731 2250 852 2306 pereant,
873 2250 965 2290 contra
983 2240 1035 2289 hoc
1055 2238 1167 2288 berillus
1187 2248 1264 2288 rectae

732 2313 891 2364 intentionis
909 2314 1000 2363 reddet
1021 2311 1164 2362 hominem
1191 2310 1263 2361 invi-

731 2395 813 2435 ctum.
829 2386 905 2444 ltem,
920 2384 1032 2434 berillus
1053 2396 1175 2433 amorem
1198 2382 1266 2432 inter

732 2457 857 2522 conjuges
876 2455 1045 2517 reconciliat;
1062 2463 1087 2503 et
1103 2462 1175 2504 certe
1195 2453 1264 2503 bona

732 2543 814 2595 opera
827 2537 927 2587 nostra,
945 2536 1015 2576 recta
1029 2524 1179 2575 intentione
1198 2525 1266 2575 sim·

731 2601 837 2667 pliciter
854 2601 882 2651 in
898 2599 985 2650 Deum
1009 2598 1117 2660 directa,
1140 2596 1265 2648 reconci-

731 2671 799 2721 liant
816 2670 934 2720 animam
945 2684 1008 2719 cum
1020 2669 1075 2718 Deo
1091 2682 1194 2734 sponso
1206 2682 1264 2718 suo.

763 2740 779 2792 8
795 2743 867 2802 lrau,
879 2755 1053 2792 conrnnarun
1069 2753 1204 2789 crncunro
1215 2754 1266 2789 oo·

731 2830 828 2863 crium
851 2828 1066 2872 conciohssokts,
1087 2826 1192 2862 nemra
1212 2826 1266 2861 rru-

731 2900 837 2934 inmrns
851 2902 885 2935 nr
899 2901 993 2936 sinino
1005 2898 1144 2934 suranna
1164 2899 1266 2934 conna-

731 2970 802 3006 rrro.
817 2984 848 2993 —
863 2956 1005 3006 Decimum
1021 2954 1177 3014 consilium,
1193 2953 1265 3020 quod

732 3036 773 3076 est
786 3024 961 3077 conformitas
975 3040 1088 3092 operum
1109 3025 1142 3074 ad
1161 3023 1265 3075 doctri-

733 3113 806 3160 nam,
819 3099 941 3165 signatur
953 3114 999 3165 per
1011 3097 1176 3164 lyncurium.
1189 3098 1265 3164 Lyn-

732 3170 823 3220 curius
834 3182 875 3220 est
884 3169 952 3235 lapis
966 3168 1013 3235 qui
1026 3167 1055 3218 fit
1064 3183 1096 3218 ex
1108 3167 1189 3218 urina
1203 3169 1265 3233 lyn-

732 3242 785 3307 cis;
812 3257 885 3301 narn,
906 3250 936 3290 ut
959 3239 1067 3290 Plinius
1089 3237 1165 3299 dicit,
1187 3238 1265 3288 urina

732 3315 815 3379 hujus
827 3312 954 3364 animalis
965 3313 994 3363 in
1006 3312 1123 3377 lapidem
1137 3310 1265 3362 durescit.

733 3385 817 3451 Lynci
839 3393 1008 3449 comparatur
1023 3383 1124 3441 doctor,
1138 3382 1181 3432 vel
1196 3396 1267 3448 proe·

732 3457 843 3516 dicator,
866 3464 974 3522 propter
990 3470 1103 3504 acumen
1122 3452 1200 3504 visus
1219 3453 1267 3503 in-

732 3527 865 3586 tellectus,
890 3526 964 3591 cujus
979 3522 1110 3587 ⁸doctrina
1124 3523 1202 3588 prius
1217 3522 1267 3573 de·

733 3596 777 3646 bet
805 3610 862 3645 esse
896 3595 924 3645 in
953 3595 1041 3661 seipso
1071 3592 1184 3659 digesta,
1219 3606 1266 3659 per

732 3666 916 3731 operationem
943 3665 996 3716 sibi
1026 3664 1210 3729 incorporata;
1240 3672 1267 3713 et

731 3746 795 3786 tunc
808 3736 884 3802 quasi
900 3751 932 3786 cx
950 3733 1113 3785 abundantia
1130 3732 1193 3783 vitae
1210 3746 1265 3784 suoe

733 3809 834 3859 stillare
849 3808 878 3859 in
891 3808 1040 3875 pretiosum
1058 3806 1197 3873 liquorem
1209 3806 1264 3857 do·

730 3882 833 3945 ctrinae,
851 3882 884 3933 ad
899 3881 1048 3949 profectum
1066 3879 1193 3931 aliorum.
1211 3878 1261 3931 Sed
