2632 4320
281 275 328 326 DE
345 275 563 326 ELECTORUM
580 273 867 337 CONSOLATIONE,
885 277 963 327 ETC.
1132 277 1181 358 333

61 393 140 458 signa
156 390 266 454 scimus,
280 389 363 440 finem
377 391 435 456 ejus
449 405 505 440 non
518 404 596 455 agno

61 465 175 516 scimus.
199 463 277 514 Sicut
296 462 370 513 enim
391 463 497 528 quando
519 462 596 512 vide-

61 549 125 584 mus
138 533 278 584 hominem
295 549 397 597 senem,
418 532 520 582 scimus
533 531 596 597 quia

61 622 146 673 prope
158 606 307 657 moriturus
317 617 366 666 est,
378 605 484 671 quando
496 613 595 664 autern,

62 676 224 739 nescimus3
251 676 290 726 sic
316 686 343 726 et
366 691 429 726 cum
461 674 594 725 mundum

60 749 249 815 perturbatum
262 747 395 809 videmus,
410 763 534 798 casurum
549 762 596 796 co-

60 817 242 886 gnoscimus,
270 818 342 868 diem
369 829 457 868 autem
487 817 595 883 ignora·

59 905 134 941 mus.
149 908 163 937 a
178 889 256 939 Unde
268 900 295 940 et
308 890 477 954 Augustinus
492 906 529 939 :u
546 887 595 937 Fi-

60 960 105 1011 nis
134 959 245 1027 quidem
280 960 431 1011 seculorum
464 968 504 1009 est
531 969 595 1011 aetas

58 1039 134 1081 sexta
158 1030 264 1094 mundi,
291 1029 414 1081 videlicet
431 1031 464 1079 ab
478 1031 594 1081 adventu

60 1100 174 1152 Domini
189 1115 275 1167 usque
297 1099 325 1148 in
339 1099 422 1150 finem
436 1100 529 1150 seculi.
544 1101 594 1150 Se·

61 1180 158 1222 nectus
170 1185 233 1221 vero
250 1179 355 1220 tantum
374 1169 504 1235 temporis
526 1170 596 1220 solet

59 1252 161 1300 tenere,
181 1255 241 1306 qua·
255 1252 313 1290 rum
333 1256 427 1290 omnes
442 1249 532 1290 aetates
548 1255 593 1290 ce-

58 1323 133 1364 terae.
155 1311 220 1361 Nan·
248 1325 310 1360 cum
329 1326 400 1361 anno
428 1310 593 1376 sexagesimo

60 1391 186 1432 senectus
203 1390 306 1431 nicatur
325 1381 450 1446 incipere,
463 1391 489 1431 et
501 1381 593 1431 homi-

60 1455 107 1506 nis
118 1455 173 1505 vita
185 1454 270 1520 possit
282 1469 368 1520 usque
382 1455 415 1504 ad
430 1469 513 1504 annos
528 1469 593 1504 cen-

58 1541 119 1577 tum
132 1526 230 1592 viginti
250 1525 398 1590 pervenire,
419 1525 592 1576 manifestum

58 1607 101 1650 est
122 1600 210 1650 solam
231 1607 395 1650 senectutem
413 1608 468 1649 tam
483 1599 592 1664 longam

57 1683 142 1736 quam
171 1685 267 1720 omnes
293 1678 382 1720 aetates
403 1669 506 1734 priores
535 1683 594 1719 esse

59 1754 155 1806 posse;
172 1739 270 1791 frustra
284 1740 366 1807 igitur
381 1754 467 1790 annos
485 1739 533 1806 qui
548 1755 593 1790 re-

58 1820 174 1862 manent
184 1810 249 1862 huic
265 1811 356 1862 seculo
367 1825 527 1861 conaremur
538 1808 593 1860 dif-

55 1878 159 1942 finire,
187 1881 312 1931 omnium
337 1880 409 1931 enim
431 1884 464 1932 de
489 1881 539 1932 hac
564 1895 593 1930 re

57 1950 248 2002 calculantium
283 1950 384 2016 digitos
415 1960 441 2001 et
468 1949 592 2016 peritiam

57 2023 220 2073 numerandi
243 2022 369 2082 resolvit,
399 2032 425 2074 et
456 2021 593 2088 quiescere

54 2093 141 2159 jubet,
165 2094 213 2162 qui
236 2095 274 2145 ait
296 2111 303 2145 ε
325 2096 389 2146 Non
412 2102 452 2146 est
475 2101 592 2146 vestrum

56 2178 137 2217 nosse
162 2171 284 2233 tempora
309 2166 351 2217 vel
374 2174 513 2230 momenta,
532 2181 593 2232 quae

55 2238 144 2289 Pater
161 2238 255 2304 posuit
271 2239 297 2289 in
323 2254 373 2290 sua
394 2245 530 2306 potestate
550 2255 559 2290 .·
577 2258 591 2287 s

55 2310 114 2363 haec
139 2311 320 2378 Augustinus.
346 2313 407 2362 Non
431 2323 472 2363 est
491 2311 592 2378 quippe

57 2382 185 2436 nostrum
202 2400 281 2435 nosse
292 2394 414 2451 tempora
427 2387 590 2452 ultraquam

55 2455 200 2515 revelatur,
216 2456 258 2506 vel
273 2456 389 2506 traditur
405 2471 452 2522 per
466 2455 591 2520 Scriptu-

56 2541 109 2590 ras,
135 2527 200 2592 quia
222 2526 275 2577 hoc
297 2535 337 2577 est
363 2526 590 2592 praesumptionis.

56 2597 109 2675 Sed
119 2599 270 2649 secundum
288 2599 439 2664 Scripturas
457 2613 537 2648 nosse
551 2607 591 2648 est

651 390 823 450 eruditionis,
844 393 970 458 quamvis
995 408 1058 460 ergo
1081 396 1184 446 revela-

650 467 708 508 tum
722 458 790 510 forte
803 459 855 511 fuit
868 461 947 512 alicui
963 473 1069 529 tempus
1082 464 1183 514 adven·

650 538 694 580 tus
706 531 877 590 Antichristi‚
889 549 944 582 non
958 544 1049 585 tamen
1061 535 1183 600 sequitur

649 610 682 652 ut
708 601 773 652 sciat
795 603 829 653 de
858 603 902 653 die
932 603 1035 667 judicii.
1059 605 1183 656 Nescitur

649 672 722 722 enim
739 684 839 739 quanto
862 674 1008 725 interstitio
1028 685 1088 742 post
1101 677 1182 726 Anti-

649 745 795 796 christum
818 746 940 796 futurum
973 747 1009 798 sit
1040 748 1181 815 judicium.

650 815 721 875 Quia
735 815 798 866 licet
814 817 944 881 scriptum
963 818 999 867 sit
1016 819 1088 884 quod
1112 834 1182 885 qua·
1247 818 1252 877 ζ

649 887 769 953 draginta
791 887 848 938 dies
866 890 1003 939 dabuntur
1026 892 1129 941 Sanctis
1149 893 1182 942 ad
1221 912 1224 919 ·

648 958 833 1023 poenitendum
868 969 928 1025 post
966 960 1180 1022 Antichristum‚

650 1028 768 1079 uescitur
787 1041 877 1080 tamen
895 1041 987 1081 utrum
1010 1032 1099 1082 statim
1121 1044 1182 1098 post

648 1098 710 1149 illos
728 1099 785 1150 dies
805 1102 980 1167 quadraginta
1003 1102 1124 1152 futurum
1145 1104 1181 1154 sit

647 1168 787 1233 judicium.
802 1171 926 1222 Creditur
940 1182 1028 1223 tamen
1042 1173 1114 1238 quod
1127 1189 1180 1224 no-

648 1253 689 1293 cte
703 1244 906 1295 resurrectionis
918 1246 1068 1296 Dominicae
1081 1245 1130 1296 erit
1139 1262 1182 1313 ge·

648 1315 747 1365 neralis
760 1316 928 1375 resurrectio,
945 1317 1044 1367 scilicet
1059 1317 1087 1367 in
1101 1329 1179 1370 nocte

650 1387 764 1437 Paschae.
780 1388 851 1448 Ideo,
869 1389 1019 1438 secundum
1034 1388 1178 1455 Isidorum,

648 1456 678 1506 in
707 1456 843 1523 primitiva
870 1459 987 1509 Ecclesia
1011 1458 1103 1509 fideles
1125 1469 1180 1511 tota

649 1537 726 1579 nocte
737 1529 782 1579 illa
796 1529 952 1595 vigilabant,
967 1531 1044 1595 quasi
1056 1532 1179 1584 iudicem

647 1608 839 1666 exspectantes.
854 1599 916 1660 Quo
927 1610 1017 1650 autem
1038 1617 1109 1651 anno
1120 1603 1179 1654 dies

648 1674 699 1725 iste
718 1684 847 1725 venturus
872 1675 916 1734 sit,
941 1675 1049 1740 penitus
1067 1676 1178 1743 ignora·

648 1761 719 1796 mus.
739 1745 811 1796 Istud
826 1761 890 1797 vero
903 1747 976 1813 quod
991 1746 1036 1797 hic
1057 1749 1089 1798 ad
1103 1749 1178 1801 litte-

647 1830 705 1866 ram
722 1814 875 1881 exponitur,
892 1817 925 1866 de
938 1815 983 1865 die
992 1814 1088 1881 iudicii
1103 1834 1179 1884 gene-

646 1886 710 1937 ralis
733 1887 870 1937 moraliter
896 1896 984 1952 potest
1006 1887 1120 1954 intelligi
1144 1891 1178 1941 de

647 1957 691 2007 die
703 1956 796 2021 judicii
811 1957 990 2022 particularis,
1005 1958 1051 2025 qui
1065 1969 1106 2009 est
1120 1960 1177 2011 dies

647 2027 743 2079 mortis
771 2028 914 2093 cujuslibet
942 2028 1080 2093 hominis;
1103 2030 1176 2081 diem

647 2099 720 2151 enim
744 2100 840 2150 mortis
857 2115 913 2150 suae
935 2100 1026 2150 nullus
1042 2101 1100 2162 seit,
1123 2103 1176 2154 nisi

646 2172 718 2223 Deus
746 2170 799 2222 sibi
824 2171 987 2234 revelaverit,
1010 2182 1037 2222 et
1058 2173 1118 2224 ideo
1136 2187 1178 2228 est

647 2243 726 2296 nobis
739 2243 907 2310 vigilandum
924 2245 957 2294 de
974 2244 1025 2294 hac
1039 2245 1092 2308 die,
1107 2247 1177 2300 sicut

646 2315 680 2365 de
701 2314 747 2365 illa
771 2314 884 2365 sollicite
906 2315 1088 2380 cogitandum.
1113 2319 1178 2385 quia

646 2385 865 2452 qualisquisque
880 2386 975 2436 exierit
988 2387 1021 2437 de
1035 2386 1086 2437 hoc
1101 2405 1179 2441 mun·

645 2456 690 2515 do,
706 2456 767 2506 talis
781 2456 988 2521 praesentabitur
1000 2456 1080 2507 etiam
1093 2459 1122 2509 in
1136 2459 1175 2511 fu·

645 2535 707 2576 turo
719 2525 827 2590 judicio.

735 2594 743 2613 D

539 2789 675 2841 ORAT10

85 2959 206 3012 Domine
218 2960 282 3011 lesu
296 2959 411 3021 Christe,
435 2958 495 3010 veni
509 2960 599 3009 adme
613 2957 642 3008 in
659 2958 779 3010 nubibus
793 2956 964 3023 poenitentiae,
979 2966 1005 3008 et
1021 2972 1172 3009 cormeum

56 3029 84 3082 in
98 3029 221 3098 pluviam
243 3031 420 3096 lacrymarum
439 3030 558 3092 resolve;
579 3027 646 3095 ejice
660 3029 689 3079 in
704 3036 834 3094 potestate
846 3028 977 3079 vitiorum
991 3028 1132 3090 daemonia,
1148 3039 1175 3079 et

56 3102 194 3168 majestate
217 3100 245 3151 in
265 3117 309 3152 me
325 3116 415 3167 regna.
435 3101 488 3151 Fac
503 3115 555 3162 me,
568 3114 585 3149 o
602 3110 693 3151 nostra
709 3099 877 3165 Redemptio,
893 3100 926 3150 ad
939 3109 965 3151 te
979 3100 1111 3167 respicere
1129 3099 1174 3150 in·

55 3171 205 3223 terioribus
221 3170 317 3232 oculis,
332 3181 358 3222 et
372 3172 458 3222 levare
472 3180 552 3236 caput
565 3170 682 3236 mentis;
702 3170 735 3220 da
750 3170 819 3220 mihi
839 3171 929 3222 videre
943 3170 1094 3231 ficulneam,
1110 3185 1175 3220 sen·

54 3243 106 3297 tire
120 3243 225 3296 scilicet
245 3253 298 3295 tuae
312 3243 431 3294 caritatis
444 3241 624 3304 dulcedinem,
639 3250 671 3293 ut
685 3242 810 3294 omnium
830 3243 961 3294 virtutum
984 3243 1092 3294 arbores
1107 3256 1174 3306 pro-

55 3314 155 3368 ducant
176 3314 207 3366 in
228 3330 272 3365 me
292 3313 409 3365 fructum
425 3315 560 3365 bonorum
572 3328 709 3378 ·operum;
726 3321 752 3366 et
771 3314 841 3365 mihi
863 3314 995 3381 prope-sit
1007 3322 1084 3364 astas
1097 3310 1172 3377 regni

54 3385 196 3437 culorum.
220 3385 319 3436 Praesta
335 3385 405 3436 mihi
428 3399 520 3437 cavere
532 3383 625 3436 omnia
648 3384 721 3448 vitia,
737 3395 763 3437 et
781 3385 892 3452 vigilare
905 3386 935 3436 in
949 3384 1069 3436 oratione
1082 3380 1172 3432 conti-

54 3472 117 3519 nua,
145 3468 178 3510 ut
197 3473 302 3511 merear
314 3460 384 3510 mala
406 3467 519 3511 ventura
538 3457 640 3525 fugere,
660 3467 686 3510 et
700 3459 728 3510 in
740 3458 841 3525 judicio
853 3467 915 3509 ante
929 3467 956 3508 te
969 3469 1078 3508 securus
1091 3463 1170 3507 stare.

54 3530 152 3583 Amen.
