2632 4320
148 260 199 314 190

146 374 191 413 tur
205 359 297 426 liquor
307 356 449 424 praedictus
463 371 511 421 per
523 352 678 411 artificium,

146 435 197 495 vel,
212 432 362 484 secundum
374 429 452 488 alios,
463 428 524 479 fluit
534 443 583 494 per
598 436 679 476 natu-

145 521 213 556 ram.
243 504 296 554 Alli
321 518 385 553 vero
410 501 513 562 dicunt,
542 499 616 566 quod
638 506 679 548 est

147 577 235 627 frutex
250 576 331 624 arbor
344 573 464 639 parvula,
487 582 513 623 et
532 571 595 620 inde
619 569 680 619 fluit

146 648 188 697 vel
213 645 363 696 extrahitur
390 644 481 710 liquor
506 642 586 692 modo
610 656 680 706 prae·

146 717 226 766 dicto.
242 717 351 778 Pistici,
365 715 515 765 secundum
529 712 678 779 quosdam,

146 805 247 839 nomen
271 798 311 838 est
333 787 384 838 loci
412 788 459 838 ubi
483 785 577 837 crescit
599 785 679 834 arbor

147 861 218 910 unde
238 859 299 910 talis
321 859 412 925 liquor
432 857 606 924 exprimitur3
630 856 677 906 sed

149 930 249 981 melius
276 929 376 981 dicitur
392 930 501 997 pistici,
525 928 552 977 id
577 936 617 978 est
643 927 679 977 fi-

146 1002 232 1064 delis3
261 998 352 1068 πίστις
379 1001 451 1050 enim
479 1000 584 1059 Graece,
611 997 678 1050 tides

147 1083 187 1123 est
209 1072 312 1132 Latine,
335 1073 386 1122 hoc
407 1081 447 1122 est
467 1071 584 1131 dictum,
603 1072 677 1137 quod

146 1145 196 1194 iste
224 1143 314 1208 liquor
338 1152 394 1192 erat
418 1157 502 1207 purus
527 1151 554 1193 et
580 1158 676 1202 verus,

146 1232 201 1266 non
224 1215 327 1264 habens
345 1213 447 1280 aliquid
470 1213 544 1264 aliud
569 1215 676 1265 admix-

146 1297 214 1346 tum,
246 1301 294 1335 nec
321 1285 528 1350 sophisticatus;
550 1286 674 1351 pretiosi,

145 1357 209 1422 quia
227 1356 332 1405 valebat
346 1366 477 1406 trecentos
496 1356 630 1416 denarios,
648 1356 675 1404 id

145 1437 186 1476 est
203 1440 330 1475 nummos
342 1427 457 1486 usuales,
472 1426 615 1476 eratenim
630 1425 675 1475 ille

145 1496 235 1560 liquor
251 1494 450 1560 refrigerativus
469 1505 496 1546 et
515 1494 675 1546 confortati-

144 1582 193 1616 vus
210 1566 404 1630 membrorum,
418 1577 445 1616 et
455 1565 673 1635 consolidativus,

142 1648 171 1689 et
184 1639 261 1688 valde
277 1639 435 1701 odoriferus,
449 1641 541 1690 valens
559 1639 593 1689 ad
607 1639 674 1690 alle-

145 1712 279 1762 vationem
320 1712 420 1764 laboris
455 1723 548 1765 contra
577 1723 674 1764 aestum

145 1785 224 1847 solis,
241 1796 267 1836 et
283 1785 482 1853 distemperiem
501 1786 584 1847 aeris,
598 1797 625 1837 et
640 1787 674 1837 ad

144 1858 230 1908 multa
255 1857 432 1908 medicinalia.
457 1859 496 1908 Ex
523 1873 578 1923 quo
603 1868 674 1924 patet

145 1930 296 1994 pretiositas
313 1930 459 1996 unguenti,
477 1939 503 1980 et
518 1930 624 1981 devotio
644 1947 674 1983 ac

143 2001 227 2067 pietas
253 2003 353 2062 Mariae,
378 2017 438 2068 quae
460 2003 546 2053 labori
570 2003 673 2055 Christi

141 2072 315 2137 compatiens,
338 2082 364 2122 et
385 2073 465 2138 pedes
485 2083 511 2123 et
524 2084 603 2139 caput
617 2075 673 2139 ejus

142 2141 237 2203 unxit3
265 2152 291 2191 et
315 2157 371 2191 rem
396 2152 450 2191 tam
474 2142 619 2207 pretiosam
643 2144 672 2194 in

140 2209 301 2275 obsequium
316 2211 373 2274 eius
385 2210 521 2275 expendit.
534 2212 564 2260 ln
577 2228 633 2277 quo
647 2225 673 2265 et

140 2296 190 2331 nos
204 2282 333 2332 docemur
353 2283 426 2347 quod
446 2298 476 2333 ea
494 2298 554 2349 quae
570 2286 672 2349 pretio-

139 2353 248 2404 sissima
261 2364 326 2405 sunt
342 2355 413 2421 apud
426 2371 484 2417 nos,
507 2356 564 2406 Deo
577 2358 672 2410 offerre

140 2425 279 2497 debemus.

170 2495 397 2561 4D1scneenrrrn
421 2514 501 2549 taran
527 2515 597 2551 nnuc
618 2517 672 2553 urr-

138 2583 252 2617 orrourir
278 2585 312 2618 rr
334 2585 435 2619 aarum
457 2585 484 2619 nr
510 2586 566 2628 Qun
591 2589 672 2625 raons

138 2639 237 2689 Dorum
250 2656 341 2690 urxrr.
360 2669 391 2678 -
405 2641 438 2690 Et
451 2643 524 2706 quod
538 2643 590 2693 alia
604 2644 670 2706 vice,

139 2710 272 2774 peccatrix
295 2711 382 2761 adhuc
404 2712 530 2773 existens,
555 2713 619 2765 fecit
641 2716 669 2767 in

138 2779 230 2829 eadem
245 2781 327 2830 domo
342 2797 373 2830 ex
388 2783 559 2843 contritione,
570 2786 670 2839 scilicet

137 2849 246 2914 quando
267 2866 394 2901 conversa
408 2862 463 2913 est,
481 2863 507 2903 et
525 2865 630 2919 peccata
644 2857 669 2906 ei

139 2921 223 2971 multa
239 2921 351 2979 dimissa
365 2934 436 2985 sunt,
456 2940 487 2976 eo
507 2927 580 2992 quod
594 2929 669 2978 mul-

137 3002 196 3041 tum
209 2991 326 3056 ,dilexit3
345 3004 416 3045 nunc
430 2996 571 3060 justificata
586 3009 613 3051 et
627 2999 669 3051 fa·
689 3032 691 3037 ·

138 3061 253 3111 miliaris
280 3062 396 3115 Domino
424 3067 524 3128 effecta,
550 3068 612 3120 facit
637 3087 669 3122 ex

139 3132 294 3196 devotione;
311 3136 358 3184 sed
376 3146 441 3188 tunc
461 3149 566 3192 tantum
588 3144 668 3208 pedes

137 3203 232 3264 unxit,
258 3214 284 3253 et
307 3207 438 3270 gradatim
459 3224 475 3259 a
497 3212 612 3276 pedibus
634 3214 667 3264 ad

135 3275 260 3327 verticem
275 3277 443 3341 perveniens,
460 3292 573 3332 nuncet
589 3295 669 3349 caput

136 3359 163 3398 et
176 3348 256 3414 pedes
270 3364 369 3414 ungere
383 3351 497 3414 meruit;
515 3362 579 3404 tunc
590 3355 668 3406 unxit

135 3418 284 3470 Dominum
317 3430 456 3486 unguento
481 3423 667 3487 poenltentiae,

136 3505 210 3540 nunc
220 3500 361 3556 unguento
369 3489 529 3541 devotionis.
545 3492 584 3542 lbi
597 3495 668 3545 rudi-

136 3571 228 3612 menta
254 3562 463 3628 poenitentium,
495 3563 541 3614 hic
566 3565 668 3630 justitia

136 3631 312 3696 perfectarum
329 3633 486 3700 designatur
497 3635 664 3703 animarum3

135 3701 265 3767 diligebat
278 3705 352 3754 enim
366 3706 458 3756 Jesum
474 3721 554 3773 super
567 3710 666 3773 omnia,

135 3783 161 3820 et
176 3774 208 3822 de
220 3774 394 3839 obsequendo
410 3776 497 3827 eidem
519 3793 575 3829 non
589 3791 667 3846 pote-

133 3848 174 3891 rat
193 3843 293 3895 satiari.
320 3846 474 3912 Fragrantia
498 3846 560 3899 fidei
588 3861 667 3917 caput

446 235 620 290 SECUNDAE
636 232 891 289 PARTlSChPUT
905 238 988 289 XXV.

733 349 844 401 Domini
864 361 891 403 et
911 353 1001 417 pedes,
1017 353 1095 419 quasi
1111 352 1196 404 odore
1206 368 1270 405 aru-

733 432 836 471 matum
857 423 1005 488 perfundit,
1025 424 1073 490 qui
1093 423 1269 476 divinitatem

733 501 759 541 et
778 493 973 545 humanitatem
1001 496 1059 560 ejus
1084 496 1169 562 digna
1189 497 1269 549 laude
1305 556 1308 561 ,

732 565 845 629 attollit5
865 582 938 618 nunc
951 568 986 618 de
1007 569 1123 634 pedibus
1138 570 1171 621 ad
1187 580 1269 636 caput

732 637 888 700 ascendens,
913 654 985 688 nunc
1001 640 1034 689 ad
1052 640 1163 704 pedesa
1184 640 1268 706 capite

731 721 779 771 per
806 706 887 758 fidem
911 709 1085 760 descendens.
1110 710 1265 761 Secundum

731 778 806 829 enim
820 780 1092 847 Apostolum,'caput
1108 780 1214 833 Christi
1227 791 1268 832 est

731 848 819 912 Deus;
845 850 936 917 itaque
957 860 1037 916 caput
1057 850 1162 901 Christi
1178 852 1265 918 ungit,

731 919 777 984 qui
791 921 824 970 ad
847 922 980 971 honorem
1003 921 1052 971 Dei
1072 921 1166 972 omnia
1187 937 1266 988 opera

730 1005 778 1040 sua
792 991 864 1052 facit,
875 993 948 1058 juxta
962 991 1028 1042 illud
1038 991 1164 1058 Apostoli
1178 1009 1185 1043 ι
1202 994 1267 1044 Om-

730 1064 775 1114 nia
786 1065 812 1115 in
824 1065 947 1130 gloriam
962 1066 1014 1116 Dei
1022 1065 1126 1131 facite5
1139 1066 1188 1132 qui
1203 1082 1266 1118 vero

729 1133 842 1200 vestigia
856 1135 957 1185 Christi
973 1135 1106 1202 sequitur,
1117 1135 1198 1201 pedes
1207 1137 1266 1202 eius

729 1204 815 1269 ungit.
838 1205 913 1264 ltem,
936 1215 1015 1270 caput
1038 1204 1141 1255 Christi
1173 1206 1263 1272 ungit,

728 1276 776 1342 qui
805 1276 896 1343 ipsum
927 1277 1068 1327 Christum
1103 1288 1262 1342 veneratur;

729 1349 810 1414 pedes
822 1365 894 1409 vero,
906 1350 953 1415 qui
964 1350 1021 1416 ejus
1039 1348 1167 1399 fidelibus
1182 1350 1265 1401 obse-

728 1420 832 1486 quitur.
849 1420 902 1472 Ubi
926 1422 1126 1486 Augustinus:
1147 1440 1160 1467 ιι
1180 1422 1264 1481 Quae·

727 1510 834 1561 cunque
844 1494 934 1545 anima
949 1494 1036 1545 tidelis
1052 1494 1094 1545 vis
1109 1511 1177 1555 esse,
1201 1511 1263 1545 curn

728 1567 810 1617 Maria
828 1582 899 1633 unge
918 1568 998 1633 pedes
1018 1567 1128 1617 Domini
1145 1567 1264 1634 pretioso

727 1650 877 1705 unguento.
889 1641 1065 1707 Unguentum
1080 1640 1148 1690 illud
1163 1641 1265 1707 justitia

727 1709 789 1769 fuit,
814 1711 875 1760 ideo
895 1711 978 1760 libera
1000 1710 1061 1760 fuit.
1083 1711 1163 1777 Unge
1183 1713 1263 1777 pedes

727 1782 795 1832 bene
827 1783 961 1842 vivendo,
990 1782 1131 1833 Dominica
1164 1793 1264 1836 sectare

726 1851 850 1918 vestigia;
862 1852 967 1919 capillis
979 1862 1061 1918 terge,
1077 1852 1101 1903 si
1116 1852 1202 1904 habes
1213 1870 1262 1905 su-

725 1925 836 1990 perflua,
869 1926 903 1976 da
930 1925 1103 1991 pauperibus,
1129 1937 1156 1977 et
1181 1927 1263 1992 pedes

725 1996 835 2046 Domini
845 1995 955 2046 tersisti.
968 1995 1064 2061 Capilli
1078 1995 1152 2046 enim
1164 2012 1261 2064 super·

726 2065 781 2118 flua
796 2067 915 2132 corporis
931 2066 1065 2117 videntur.
1086 2067 1191 2118 Domm
1208 2083 1261 2119 au-

726 2146 777 2190 tem
802 2139 910 2204 impleta
938 2139 1020 2190 odore
1026 2156 1035 2202 ,·
1059 2140 1182 2190 mundus
1206 2141 1262 2192 im-

726 2212 812 2275 pletus
839 2219 879 2259 est
902 2210 973 2260 bona
996 2208 1076 2260 fama.
1100 2210 1171 2260 Nam
1194 2212 1263 2262 odor

726 2282 824 2341 bonus,
840 2281 911 2331 bona
925 2280 996 2332 fama
1010 2292 1058 2332 est.
1075 2281 1130 2342 Qui
1142 2283 1215 2334 male
1226 2283 1264 2333 vi·

724 2363 790 2403 runt
815 2361 841 2403 et
855 2352 1003 2403 Christiani
1024 2362 1164 2415 vocantur,
1187 2353 1264 2419 inju-

725 2425 793 2476 riam
815 2425 925 2476 Christo
951 2425 1069 2488 faciunt;
1099 2425 1132 2477 de
1157 2426 1260 2492 quibus

724 2495 898 2556 dictumest,
922 2496 995 2562 quod
1021 2509 1134 2561 percos
1160 2511 1262 2547 nomen

724 2566 772 2618 Dei
787 2567 997 2632 blasphematur.
1015 2564 1043 2615 Si
1066 2581 1113 2631 per
1126 2566 1195 2617 tales
1210 2582 1262 2617 no-

724 2652 786 2687 men
800 2637 849 2687 Dei
878 2636 1087 2702 blasphematur,
1104 2651 1154 2700 per
1170 2636 1260 2688 bonos

724 2724 823 2759 nomen
841 2709 889 2759 Dei
903 2709 1035 2759 laudatur.
1050 2708 1122 2758 Audi
1137 2709 1259 2773 Aposto-

723 2782 780 2830 lum
805 2797 811 2829 :
836 2780 940 2831 Christi
965 2780 1047 2830 bonus
1070 2780 1139 2830 odor
1155 2795 1258 2843 sumar,

724 2850 820 2917 inquit,
841 2850 868 2900 in
885 2851 957 2901 omni
980 2851 1047 2901 loco.
1064 2850 1170 2902 Dicitur
1183 2861 1211 2902 et
1229 2852 1258 2902 in

723 2920 844 2972 Canticis
865 2922 1038 2973 Canticorum
1061 2922 1259 2988 :Unguentum

722 2991 837 3060 eji‘usum
857 3006 949 3043 nomen
969 2999 1042 3043 tuum
1057 3008 1067 3041 .·
1083 3010 1097 3038 n
1118 2991 1177 3043 haec
1198 2994 1258 3044 Au-

722 3062 858 3127 gustinus.
874 3062 925 3112 Ubi
940 3072 967 3112 et
983 3062 1060 3112 Beda
1081 3078 1089 3112 :
1111 3079 1125 3107 o
1144 3062 1258 3129 Mystice

721 3143 821 3193 autem,
831 3132 890 3183 haec
900 3131 1007 3182 devotio
1024 3130 1116 3181 Mariae
1132 3131 1254 3183 Domino

722 3204 912 3268 ministrantis,
927 3203 1007 3254 fidem
1024 3219 1054 3253 ac
1072 3203 1201 3268 pietatem
1216 3205 1261 3254 de-

721 3278 810 3343 signat
826 3277 950 3328 Ecclesia
964 3286 1069 3335 sanctae,
1085 3290 1147 3341 quae
1164 3275 1260 3342 loqui-

720 3350 802 3400 turin
812 3349 912 3400 amoris
927 3348 1047 3408 Cantico,
1058 3348 1150 3399 dicens
1164 3366 1171 3398 :
1184 3349 1258 3399 Dum

720 3427 790 3472 esset
810 3435 864 3472 rex
882 3419 908 3470 in
922 3419 1045 3470 accubitu
1064 3434 1129 3483 suo,
1152 3420 1258 3471 nardus

720 3507 779 3544 mea
789 3492 862 3543 dedit
871 3492 979 3543 odorem
989 3504 1075 3541 suum.
1090 3490 1159 3551 Quae
1170 3490 1258 3541 nimi-

720 3579 781 3614 rum
800 3564 891 3622 verba,
906 3571 932 3613 et
947 3562 1030 3612 semel
1043 3562 1118 3628 juxta
1135 3562 1257 3613 litteram

719 3636 847 3687 manibus
865 3635 955 3686 Mariae
971 3634 1123 3701 complevit,
1142 3645 1170 3686 et
1184 3650 1258 3702 quo-

719 3708 785 3760 tidie
799 3708 827 3758 in
841 3707 970 3759 omnibus
982 3705 1039 3758 suis
1054 3706 1188 3759 membris
1196 3705 1258 3772 spi-

720 3781 851 3833 ritualiter
863 3781 975 3847 implere
991 3795 1048 3831 non
1060 3778 1173 3842 desinit,
1193 3793 1255 3847 qua·

720 3863 776 3903 toto
797 3851 893 3903 diffusa
915 3853 979 3902 orbe
993 3849 1154 3917 gloriantur,
1169 3860 1196 3903 et
1208 3848 1256 3901 di-
