2632 4320
217 279 266 330 DE
283 278 540 331 DIFFIGULTATE
560 277 1107 346 INTRAND1D1vtTEM1N'1cOELUM.
1174 281 1223 334 103

98 396 165 464 quia
186 395 260 446 nihil
276 395 330 446 sibi
351 395 476 458 retinuit;
499 403 525 443 et
537 393 638 444 volun-

97 479 182 521 tatem
197 469 326 530 habendi,
340 484 401 536 quae
415 483 496 535 capax
512 467 637 519 omnium

98 539 250 591 volitorum
267 549 316 600 est,
330 539 444 590 dimisit.
458 539 544 589 Nemo
563 538 637 588 enirn

100 612 197 663 omnia
218 612 318 664 habere
341 623 437 679 potest,
459 613 531 663 velle
547 622 637 662 autem

100 693 201 751 potest,
214 684 281 751 quia
295 685 419 736 voluntas
434 682 514 735 etiam
534 682 637 749 impos-

99 754 226 807 sibilium
242 765 293 806 est.
307 755 382 807 Licet
402 771 465 821 ergo
486 764 556 805 esset
569 769 638 819 pau·

100 828 150 894 per
168 827 198 878 in
218 837 290 888 actu,
305 836 396 879 tamen
414 827 531 878 habebat
553 826 638 875 multa

101 900 130 950 in
151 899 287 966 potentia;
303 910 330 951 et
346 899 410 967 quia
431 915 480 967 per
493 908 637 966 pauperta-

98 980 153 1020 tem
175 970 360 1021 roluntariam
375 986 430 1020 non
444 971 534 1022 solum
552 967 636 1019 relin-

75 1052 224 1109 ¹quuntur
246 1057 368 1108 possessa
393 1042 421 1093 in
446 1053 515 1102 actu,
539 1041 586 1092 sed
612 1049 638 1090 et

98 1113 269 1179 possibilitas
296 1112 453 1179 acquirendi
482 1123 509 1164 et
538 1111 636 1179 possi-

96 1184 182 1234 dendi
203 1184 266 1245 alia,
287 1194 314 1235 et
337 1184 388 1236 ista
403 1184 570 1251 possibilitas
582 1183 636 1233 ali-

98 1271 154 1322 quo
174 1254 259 1306 modo
281 1271 310 1306 se
332 1255 450 1306 extendit
471 1255 505 1306 ad
526 1254 633 1317 omnia;

97 1325 159 1376 ideo
169 1326 364 1377 convenienter
373 1327 467 1377 Petrus
476 1324 555 1389 dixit,
562 1325 635 1392 quod

99 1399 193 1450 omnia
214 1400 342 1466 reliquit,
364 1399 428 1466 quia
451 1415 559 1450 omnem
584 1414 645 1449 cu»

98 1472 242 1539 piditatem
263 1473 377 1525 dimisit.
402 1474 467 1524 Non
486 1482 577 1523 autem
600 1473 634 1522 ad

98 1544 264 1606 jactantiam,
286 1544 333 1594 sed
356 1543 472 1596 veridice
492 1552 518 1594 ct
535 1543 567 1592 ad
583 1559 634 1592 no-

95 1625 179 1666 stram
204 1615 413 1667 instructionem
437 1615 559 1683 loquitur
582 1616 633 1666 Pe-

97 1700 163 1750 trus,
186 1699 217 1739 ut
240 1689 286 1739 det
310 1688 435 1739 fiduciam
460 1688 632 1754 pauperibus,

97 1776 130 1812 ne
148 1762 223 1812 solos
245 1760 344 1813 divites
367 1761 416 1828 qui
438 1761 546 1811 divitias
566 1777 632 1826 pos-

96 1841 159 1883 sunt
179 1832 345 1898 relinquere,
363 1831 499 1883 aestiment
512 1831 546 1882 ad
569 1847 633 1897 per-

96 1901 220 1954 fectionis
245 1902 360 1968 gratiam
388 1902 534 1968 pervenire.
563 1902 633 1952 Pos-

96 1984 160 2024 sunt
181 1989 282 2040 nempe
296 1973 435 2039 pervenire
448 1982 475 2025 et
492 1987 631 2039 pauperes,

97 2046 141 2112 qui
158 2062 222 2113 quae
236 2046 347 2108 habent,
359 2047 452 2096 saltem
464 2045 590 2096 animum
606 2055 634 2096 et

96 2116 221 2168 affectum
242 2116 373 2177 habendi,
387 2117 553 2184 relinquunt.
573 2117 632 2167 Ma-

96 2188 136 2253 jus
144 2188 261 2254 quidem
275 2188 445 2239 esthabendi
455 2190 631 2256 voluntatem,

97 2277 178 2328 quam
202 2262 294 2328 ipsum
317 2262 415 2313 habere
438 2263 631 2329 derelinquere.

97 2332 174 2395 Nam,
189 2340 222 2383 ut
237 2331 305 2382 dicit
318 2333 489 2398 Augustinus
504 2350 512 2383 .·
527 2351 541 2379 u
559 2333 632 2383 Mul-

96 2403 127 2453 tia
150 2413 279 2454 mortuus
298 2413 339 2454 est
362 2404 489 2464 mundus,
512 2403 565 2469 ipsi
588 2414 631 2454 ta-

98 2489 158 2526 men
179 2474 302 2525 vicissim
325 2475 553 2526 mundo·mortui
577 2491 630 2525 non

99 2557 173 2610 sunt3
188 2547 262 2598 bona
276 2547 348 2597 enim
364 2547 448 2597 seculi
463 2547 589 2613 diligunt,
604 2557 631 2598 et

102 2629 186 2669 tamen
212 2618 272 2684 ipsa
296 2633 356 2685 quae
378 2618 512 2682 diligunt,
540 2619 630 2668 mini-

100 2705 140 2740 me
152 2700 365 2755 consequuntur.
379 2708 393 2736 ι)
409 2689 485 2749 Item,
497 2688 565 2739 dicit
578 2689 630 2740 hoc

103 2760 201 2822 Petrus,
222 2771 254 2812 ut
272 2761 388 2812 divitum
408 2761 565 2826 superbiam
586 2777 629 2812 re-

104 2831 205 2895 primat,
227 2833 329 2900 nequi
350 2834 440 2900 plures
457 2833 567 2884 divitias
586 2849 629 2884 re-

105 2900 250 2968 liquerunt,
274 2919 352 2954 suam
372 2904 556 2956 humilitatem
574 2906 629 2955 de-

106 2984 195 3038 serant,
211 2983 237 3024 et
257 2990 386 3041 pauperes
400 2985 582 3036 contemnant,
600 2991 629 3027 ac

107 3045 191 3095 ceteris
210 3043 383 3111 perfectiores
399 3061 427 3097 se
447 3046 544 3097 dicant.
567 3047 628 3096 Non

109 3113 171 3166 euim
193 3118 240 3183 qui
265 3118 342 3183 plura
364 3117 475 3184 reliquit
482 3135 491 3183 5
512 3118 559 3169 sed
582 3119 628 3185 qui

99 3187 207 3251 ‘majoris
233 3190 385 3242 dilectionis
411 3191 508 3242 affectu
538 3192 628 3241 relin-

110 3261 195 3323 quendi
212 3263 316 3324 omnia,
333 3263 475 3315 Christum
488 3266 630 3332 consequi-

112 3336 154 3391 tur,
165 3333 305 3398 perfectior
327 3344 368 3386 est
389 3335 528 3387 dicendus.
550 3335 628 3387 Unde

112 3404 255 3465 putmdum,
269 3407 346 3472 quod·
358 3407 451 3456 Petrus
467 3407 554 3473 magis
567 3423 629 3459 con·

113 3468 182 3527 fidens
190 3477 223 3528 de
233 3477 326 3528 animo
334 3490 361 3529 et
369 3478 464 3530 affectu
473 3495 534 3544 suo,
546 3496 628 3546 quam

115 3540 140 3592 dt
156 3548 299 3612 quantitate
314 3548 436 3615 ipsarum
453 3565 544 3601 rerum
564 3553 628 3603 reli-

114 3620 211 3691 cllrum,
233 3619 394 3670 fiducialiter
418 3631 444 3671 et
464 3621 628 3672 confidenter

114 3692 143 3733 ait
159 3704 167 3738 t
184 3690 256 3741 Ecce
274 3705 323 3743 uos
344 3691 503 3757 reliquimus
527 3693 626 3744 omnia.

115 3753 178 3837 Unde
190 3764 345 3830 Origenes:
360 3783 374 3812 a
394 3765 451 3815 Etsi
477 3765 551 3815 enim
571 3765 627 3815 mi-

115 3842 174 3909 1111111
192 3835 348 3887 cumfratre
368 3836 485 3903 reliquit,
500 3839 546 3887 sed
571 3855 626 3888 non

114 3902 210 3957 minima
226 3916 291 3957 sunt
302 3907 436 3959 restimata
448 3909 521 3973 apud
538 3909 626 3960 Deum

691 393 923 461 considerantem
946 397 1077 465 quoniam
1097 413 1128 448 ex
1149 407 1226 449 tanta

691 465 858 533 plenitudine
877 470 1030 521 dilectionis
1048 471 1094 522 illa
1109 470 1224 521 minima

690 537 866 605 reliquerunt,
885 551 915 592 ut
935 543 1040 593 etiamsi
1061 544 1159 593 multas
1173 543 1224 594 ha-

690 608 813 661 buissent
824 613 1017 676 possessiones,
1029 631 1124 664 omnes
1135 614 1174 665 sic
1186 629 1224 665 re·

690 679 843 746 liquissent.
860 701 873 729 n
888 684 964 745 item,
974 685 1041 736 dicit
1053 686 1105 737 hoc
1117 687 1222 749 Petrus,

690 767 746 802 non
756 763 860 805 tantum
871 770 968 821 prose,
980 757 1027 806 sed
1039 766 1065 806 et
1078 773 1125 822 pro
1135 758 1224 808 omni·

691 822 750 885 bus,
771 824 964 891 interrogans:
989 828 1060 889 Quid
1083 844 1151 895 ergo
1170 829 1225 879 erit

691 895 790 946 nobis?
809 896 854 957 Ut,
875 897 967 948 audito
991 900 1113 965 praemio,
1130 915 1225 951 omnes

689 967 787 1020 alliciat
809 971 842 1020 ad
865 970 1054 1037 perfectionem
1074 983 1101 1022 et
1122 973 1224 1023 Christi

690 1043 836 1108 sequelam.
854 1044 932 1094 Unde
946 1045 1129 1095 Bernartius:
1145 1063 1159 1090 a
1175 1043 1224 1093 Di-

688 1111 728 1161 xit
749 1112 846 1164 Simon
867 1114 960 1165 Petrus
976 1115 1007 1164 ad
1024 1115 1116 1164 Jesum
1132 1131 1138 1163 ε
1153 1115 1225 1165 Ecce

689 1197 738 1233 nos
751 1183 909 1251 reliquimus
923 1186 1020 1247 omnia,
1034 1191 1060 1236 et
1076 1186 1160 1235 secuti
1174 1200 1224 1235 su-

689 1262 790 1306 muste.
803 1257 867 1307 Haec
878 1273 975 1323 nempe
990 1258 1152 1317 suntverba,
1161 1274 1224 1325 quae

688 1337 713 1377 et
733 1338 920 1395 contemptum
941 1330 1036 1379 mundi
1061 1329 1090 1379 in
1111 1328 1224 1380 univer-

687 1416 717 1451 so
739 1402 851 1462 mundo,
871 1412 898 1453 et
918 1403 1097 1455 voluntariam
1117 1418 1223 1469 persua-

685 1487 744 1530 sere
764 1472 923 1524 hominibus
942 1485 1134 1540 paupertatem.
1159 1475 1221 1525 Haec

686 1555 750 1594 sunt
776 1560 838 1611 quae
864 1546 1006 1596 monachis
1028 1547 1143 1597 claustra
1170 1561 1229 1596 re-·

686 1615 770 1680 plent,
785 1617 889 1667 deserta
903 1617 1082 1667 anachoretis.
1097 1619 1167 1678 Haec,
1182 1617 1222 1668 in-

686 1689 764 1754 quit,
791 1697 857 1740 sunt
881 1690 962 1740 verba
985 1705 1047 1756 quae
1072 1693 1221 1756 AEgyptum

686 1760 819 1824 spoliant,
843 1769 869 1810 et
897 1760 1000 1826 optima
1026 1777 1141 1828 quaeque
1163 1763 1221 1827 ejus

685 1845 747 1880 vasa
761 1829 904 1897 diripiunt.
926 1830 977 1880 Hic
998 1847 1088 1881 sermo
1101 1830 1180 1882 vivus
1195 1842 1222 1883 et

667 1901 776 1961 ,efficax
805 1911 965 1954 convertens
993 1902 1119 1963 animas,
1148 1902 1220 1953 felici

685 1973 858 2024 aemulatione
882 1974 1032 2025 sanctitatis
1054 1984 1079 2023 et
1101 1974 1221 2025 veritatis

685 2048 868 2113 promissione
885 2048 967 2099 fideli.
984 2048 1081 2099 Omnia
1099 2064 1162 2098 sane
1173 2047 1220 2098 di-

684 2119 785 2180 xerim,
812 2135 866 2170 non
890 2129 994 2171 tantum
1017 2121 1218 2186 possessionen

685 2191 732 2240 sed
755 2191 836 2242 etiam
857 2191 1025 2255 cupiditates,
1045 2202 1071 2242 et
1094 2207 1138 2242 eas
1161 2206 1220 2242 ma-

684 2261 766 2322 xime,
788 2263 850 2328 plus
871 2262 945 2313 enim
967 2263 1063 2314 mundi
1086 2261 1218 2328 concupi-

684 2335 793 2398 scentia,
808 2352 891 2403 quam
912 2336 1062 2388 substantia
1081 2348 1170 2387 nocet.
1184 2334 1220 2387 Et

684 2408 740 2459 haec
762 2408 953 2477 fugiendarum
968 2427 1047 2461 causa
1061 2410 1219 2461 divitiarum

683 2480 816 2545 praecipua
838 2490 897 2541 est,
928 2482 1001 2547 quod
1029 2491 1074 2530 aut
1100 2481 1145 2531 vix
1173 2491 1219 2532 aut

683 2570 823 2621 nunquam
842 2555 903 2606 sine
919 2571 1011 2606 amore
1031 2555 1135 2605 valeant
1151 2570 1218 2620 pos-

684 2625 775 2675 sideri.
798 2626 908 2676 Limosa
928 2625 1065 2690 siquidem
1086 2636 1113 2676 et
1132 2624 1219 2691 gluti·

683 2714 748 2749 nosa
761 2699 853 2759 nimis,
866 2715 920 2750 non
935 2700 1017 2750 modo
1030 2700 1155 2761 exterior,
1169 2714 1218 2751 ve-

682 2785 743 2819 rum
754 2770 835 2821 etiam
846 2770 959 2821 interior
969 2770 1118 2822 substantia
1129 2779 1220 2822 nostra

681 2840 805 2905 videtur3
837 2850 864 2891 et
891 2840 967 2891 facile
995 2857 1042 2891 cor
1066 2841 1217 2892 humanum

666 2912 812 2968 ‚omnibus
833 2927 895 2979 quae
916 2911 1067 2977 frequentat
1088 2913 1217 2963 adhaeret.

681 2985 738 3049 Age
763 2998 845 3047 ergo,
874 2982 921 3050 qui
947 2982 1100 3051 relinquere
1125 2982 1236 3034 omnia-

681 3055 820 3120 disponis,
844 3065 871 3105 te
899 3071 1009 3122 quoque
1036 3056 1107 3107 inter
1131 3057 1217 3108 relin-

682 3127 789 3192 quenda
817 3142 959 3178 numerare
983 3139 1133 3192 memento,
1160 3131 1216 3180 imo

681 3213 744 3248 vero
761 3197 878 3248 maxime
890 3210 918 3250 et
932 3199 1117 3266 principaliter
1131 3202 1216 3251 abne·
1240 3220 1244 3225 ·

681 3285 714 3337 ga
728 3269 856 3334 teipsum,
871 3270 894 3321 si
911 3271 1043 3322 deliberas
1061 3270 1137 3338 sequi
1152 3285 1215 3319 eum

681 3339 728 3406 qui
755 3349 867 3405 propter
889 3349 915 3390 te
938 3342 1093 3392 exinanivit
1120 3344 1214 3388 semet-

681 3410 776 3478 ipsum.
789 3411 860 3461 Pone
871 3412 1058 3476 gravissimam
1073 3410 1215 3469 sarcinam,

682 3497 751 3547 pone
773 3479 819 3532 ilia
842 3482 965 3548 quinque
988 3499 1043 3533 non
1069 3479 1216 3530 hominum

681 3553 759 3617 plane
780 3553 843 3619 juga
870 3553 918 3603 sed
946 3554 1045 3613 boum,
1061 3554 1135 3616 'quae
1164 3550 1215 3600 tibi

681 3623 840 3689 insipienter
861 3623 951 3674 emisti
957 3639 967 3687 ;
989 3621 1112 3687 alioquin
1138 3621 1215 3689 sequi

681 3697 817 3762 Sponsum
832 3705 857 3746 et
871 3696 962 3746 venire
975 3696 1008 3744 ad
1030 3693 1138 3758 nuptias
1156 3695 1215 3762 spi·

680 3767 799 3827 rituales,
812 3766 936 3833 quinaria
950 3766 999 3815 hac
1013 3781 1121 3830 pressus
1131 3775 1159 3817 et
1170 3782 1216 3833 op·

679 3856 788 3906 pressus
815 3838 936 3903 corporis
960 3838 1133 3891 sensualitate
1157 3855 1215 3891 non

682 3909 781 3974 poteris
796 3925 831 3962 tr
845 3909 902 3973 hoec
915 3908 1084 3959 Bernardus.
