2632 4320
93 293 128 358 46
393 285 570 338 SECUNDAE
587 281 713 333 PARTIS
732 281 852 332 ctPUT
865 277 910 331 Vl.

94 411 116 461 si
140 411 238 469 minor,
267 420 390 472 separare
419 404 453 454 ab
479 418 520 463 eo,
543 411 570 452 et
597 401 624 451 in

94 494 226 551 quantum
251 489 337 546 potes,
357 477 445 528 devita
468 476 625 527 societatem

95 557 152 620 eius
173 568 255 620 quem
278 550 408 616 castigare
420 548 533 614 nequis5
555 546 626 596 nihil

95 626 168 677 enirn
192 633 248 673 tam
273 621 400 671 nocivum
424 629 455 669 ut
476 616 628 684 perniciosa

97 697 220 748 societas.
258 693 294 743 Et
324 691 386 742 ideo
411 687 628 739 inemendabiles

96 764 294 834 quantumlibet
323 761 401 812 amici
422 759 503 810 nobis
525 755 627 807 vitandi

96 847 176 899 sunt3
193 851 227 885 ne
239 834 261 884 si
273 849 338 883 cnm
355 830 466 899 perditis
478 831 506 879 in
521 829 570 878 hac
584 827 628 876 vi-

94 922 121 960 ta
145 917 247 974 partem
267 905 366 955 habere
385 903 522 959 volumus,
546 898 629 949 simul

96 985 124 1033 in
142 982 303 1032 futuracum
316 978 371 1028 illis
386 990 535 1042 pereamus.
551 973 629 1023 Unde

96 1055 284 1115 Hieronymus
298 1067 306 1098 .·
323 1067 335 1094 n
349 1047 445 1097 Melius
459 1055 544 1096 estut
562 1044 629 1109 pr'o-

97 1124 247 1191 pinquitate
262 1131 288 1171 et
303 1117 492 1170 emolumentis
513 1115 629 1166 carnali-

98 1199 148 1246 bus
162 1209 260 1253 careas,
280 1206 363 1258 quam
376 1191 442 1239 dum
455 1189 497 1238 vis
511 1198 573 1237 tuos
584 1187 630 1236 lu-

97 1266 214 1317 crificare
240 1272 367 1328 cognatos
392 1271 418 1311 et
455 1258 628 1317 necessarios,

96 1353 189 1389 causas
223 1337 322 1384 habeas
351 1333 501 1382 ruinarum.
538 1331 630 1394 ltaque

97 1427 152 1461 non
167 1410 256 1465 frater,
269 1423 324 1456 non
339 1421 416 1463 uxor,
432 1421 487 1454 non
501 1403 559 1461 filii,
574 1417 629 1452 non

95 1481 186 1540 amici,
199 1496 253 1528 non
273 1476 366 1527 omnis
379 1476 488 1525 affectus
507 1475 555 1541 qui
580 1488 630 1523 nos

96 1553 237 1604 excludere
252 1559 339 1616 potest
353 1563 368 1597 a
384 1562 466 1612 regno
490 1546 629 1605 caelorum,

96 1624 181 1674 amori
207 1621 318 1672 Domini
345 1629 523 1686 praeponatur.
550 1618 631 1667 Novit

98 1693 287 1759 unusquisque
305 1691 474 1743 credentium
491 1689 557 1756 quid
578 1689 630 1739 sibi

97 1776 200 1825 noceat,
214 1767 256 1815 vel
275 1765 304 1814 in
326 1779 380 1829 quo
394 1762 554 1812 sollicitetur
568 1761 630 1811 ani-

97 1852 159 1885 mus
177 1849 206 1884 ac
228 1850 297 1899 saepe
319 1843 453 1895 tentetur;
469 1832 565 1881 melius
590 1841 632 1881 est

96 1908 179 1958 vitam
203 1905 349 1956 solitariam
373 1904 476 1961 ducere,
492 1918 574 1967 quam
595 1903 630 1951 ob

97 1982 158 2032 vitae
183 1978 322 2045 praesentis
340 1976 488 2026 necessaria
503 1984 629 2024 aeternam

96 2051 179 2101 vitam
204 2049 329 2114 perdere;
355 2046 455 2095 melius
479 2055 518 2095 est
542 2047 630 2095 solum

98 2123 202 2173 salvum
215 2121 283 2179 fieri,
295 2133 377 2184 quam
390 2118 477 2183 perire
490 2134 552 2167 cum
566 2120 630 2183 plu-

99 2195 191 2245 ribus:
203 2213 216 2239 n
229 2193 287 2242 haec
298 2191 494 2257 Hieronymus,
509 2191 542 2240 Et
558 2200 629 2249 nota,

98 2265 248 2316 secundum
259 2262 452 2328 Augustinum,
466 2262 539 2327 quod
550 2261 630 2311 etiam

98 2336 149 2384 hoc
171 2335 230 2399 ipso
254 2343 411 2398 separantur
432 2346 448 2381 a
467 2331 567 2397 quibus
584 2348 631 2381 se-

97 2417 231 2472 parantur,
239 2404 438 2472 quodeismela
446 2403 630 2462 suadentibus,

97 2479 149 2529 hoc
162 2489 202 2528 est
216 2476 467 2535 scandalizantibus
487 2491 542 2524 non
566 2491 631 2524 con-

97 2552 219 2602 sentitur.
237 2551 288 2601 Sed
304 2550 441 2616 queritur,
457 2548 523 2614 quid
538 2548 633 2598 dimit·

98 2626 207 2673 tendum
223 2634 262 2673 est
272 2621 474 2688 proscandaloi
487 2621 523 2672 Et
537 2621 631 2671 dicen·
649 2640 652 2647 ·

97 2696 172 2755 dum,
188 2695 260 2760 quod
276 2694 343 2744 illud
359 2694 392 2743 de
405 2709 460 2760 quo
476 2693 607 2759 quaeritut
624 2711 631 2744 :

98 2775 142 2815 aut
155 2775 195 2814 est
219 2765 321 2814 malum
340 2765 369 2813 in
387 2779 425 2826 se,
440 2765 498 2814 sive
508 2767 631 2825 mortale,

98 2838 154 2888 sive
159 2837 273 2895 veniale,
283 2837 349 2885 etde
356 2835 401 2885 tali
409 2851 464 2884 non
472 2845 511 2884 est
518 2835 632 2885 dubium

99 2907 166 2972 quin
180 2907 281 2956 dimitti
297 2905 388 2967 debet;
405 2915 450 2955 aut
468 2915 508 2955 est
523 2905 633 2955 indiffe-

99 2995 170 3039 rens,
190 2988 217 3028 et
235 2979 287 3027 hoc
302 2976 429 3028 similiter
442 2977 522 3028 debet
537 2978 633 3028 dimit-

97 3051 132 3114 ti;
155 3059 203 3100 aut
218 3060 259 3100 est
276 3051 388 3110 bonum,
404 3060 429 3100 et
450 3061 515 3101 tunc
531 3060 578 3101 aut
594 3062 634 3101 est

99 3126 203 3188 bonum
219 3124 352 3188 praecepti,
368 3133 394 3173 et
412 3123 465 3174 hoc
481 3125 564 3173 homo
579 3141 633 3174 non

99 3197 178 3248 debet
196 3193 342 3254 dimittere,
366 3194 431 3260 quia
450 3211 499 3261 pro
523 3196 633 3245 vitando

99 3270 205 3334 peccato
220 3264 339 3325 alterius,
353 3265 445 3315 nullus
469 3265 548 3315 debet
570 3281 634 3330 pec-

99 3352 167 3398 care,
184 3346 230 3387 aut
254 3336 358 3385 bonum
379 3335 632 3401 supererogationis,

100 3417 127 3458 et
135 3408 187 3458 hoc
200 3405 325 3473 quamvis
338 3416 427 3470 posset
438 3405 573 3455 dimittere
585 3422 633 3471 pro

100 3480 226 3529 scandalo
243 3476 361 3536 alterius,
380 3492 437 3526 non
450 3487 541 3526 tamen
561 3486 633 3526 tota-

100 3547 171 3609 liter,
186 3549 232 3598 sed
253 3547 396 3613 aliquando
413 3547 445 3596 ad
457 3557 564 3611 tempus
584 3547 633 3596 de-

100 3619 144 3668 bet
166 3620 351 3679 intermittere,
368 3619 433 3684 quia
455 3629 495 3669 est
515 3619 548 3667 de
569 3618 632 3669 uitae

99 3690 264 3754 perfectione
279 3704 305 3744 et
322 3691 442 3755 veritate,
455 3692 506 3741 etsi
525 3707 581 3741 non
601 3692 634 3741 de

101 3761 269 3828 necessitate3
285 3764 345 3814 ideo
361 3762 457 3812 veritas
468 3761 538 3819 vitae,
553 3761 633 3826 justi-

99 3830 144 3883 tiae
155 3843 181 3884 et
195 3835 333 3898 doctrina,
348 3851 403 3885 non
422 3832 580 3900 simpliciter
594 3843 634 3884 est

680 407 789 464 propter
808 397 931 448 scandala
945 395 1121 458 dimittenda
1141 395 1213 446 unde

680 481 720 521 est
733 485 828 521 versus
841 488 848 520 ι

680 615 810 678 Jurtitiae,
834 613 908 675 vita,
929 612 1060 663 doctrina
1083 610 1213 731 εεσειέιιιάαιῐαἸ

1138 696 1174 730 un
1186 717 1194 730 .

682 838 720 887 De
736 837 788 887 hoc
801 835 864 886 uide
878 835 955 900 plura
968 834 998 883 in
1012 832 1130 898 capitulo
1144 845 1215 897 pra-

682 909 795 960 cedenti.

715 980 728 1029 5
741 981 920 1030 Huurrrrnrts
930 991 1128 1026 meminerim.
1141 1002 1172 1013 ·-
1184 974 1216 1024 Et

683 1051 833 1101 notandum
847 1049 920 1116 quod
935 1049 1034 1098 multas
1053 1044 1217 1096 humilitatis

683 1123 853 1174 excellentias
875 1121 990 1188 legimus
1016 1119 1045 1170 in
1070 1121 1122 1170 hoc
1148 1120 1216 1169 lom.

683 1197 770 1246 Habet
779 1195 853 1246 enim
864 1194 1005 1244 humilitas
1014 1191 1197 1243 excellentiam
1209 1206 1216 1240 z

683 1268 781 1333 primo,
801 1265 830 1315 in
845 1266 1003 1315 Sanctorum
1019 1263 1141 1328 collegio,
1152 1261 1217 1328 quia

683 1349 723 1388 est
750 1337 886 1402 exemplar
909 1335 1002 1402 populi
1030 1333 1130 1393 sancti,
1159 1349 1217 1383 un-

684 1412 717 1460 de
739 1429 748 1460 t
774 1410 918 1460 Advocans
942 1407 1100 1474 parvulum,
1123 1405 1219 1456 statuit

686 1484 712 1534 in
734 1483 821 1533 medio
842 1495 948 1543 eorum;
970 1479 1100 1537 secundo,
1122 1477 1153 1526 in
1174 1475 1219 1527 of-

685 1555 761 1614 ficio,
790 1552 855 1618 quia
883 1560 923 1601 est
950 1549 1060 1600 ostiaria
1085 1547 1218 1613 paradisi.

685 1628 775 1676 unde:
790 1625 856 1676 Nisi
870 1623 992 1674 conuersi
1001 1621 1125 1686 fueritis,
1137 1627 1165 1670 et
1175 1621 1220 1687 es-

679 1697 818 1767 ficiamini
832 1697 902 1746 sicut
920 1694 1039 1760 paruuli,
1056 1707 1109 1743 non
1132 1692 1220 1743 intra-

687 1771 751 1822 bitis
765 1769 793 1818 in
805 1782 920 1833 regnum
931 1765 1076 1826 coelorum;
1090 1763 1181 1823 tertio,
1191 1763 1221 1813 in

685 1840 805 1908 praemio,
825 1838 890 1905 quid
907 1848 948 1887 est
963 1837 996 1885 de
1011 1834 1162 1900 majoribus
1175 1849 1221 1884 re-

685 1914 741 1979 gni,
763 1911 862 1961 undet
885 1909 1039 1972 Quicunque
1058 1905 1221 1955 humiliant-

684 1985 721 2034 rit
731 1998 760 2034 se
773 1983 844 2032 sicut
853 1979 986 2047 paruulus
1001 1979 1059 2040 iste,
1077 1976 1121 2026 ln'c
1132 1975 1221 2043 ntajor

685 2064 726 2109 cst
747 2057 773 2106 in
790 2069 876 2120 regno
897 2052 1039 2114 coelorum;
1063 2059 1170 2115 quarto,
1192 2048 1222 2099 in

688 2129 805 2193 primatu
826 2141 873 2175 seu
897 2123 1015 2189 fastigio,
1034 2121 1099 2187 quia
1118 2130 1160 2170 est
1181 2119 1224 2169 vi·

684 2199 755 2248 caria
767 2196 883 2255 Christi,
902 2195 974 2244 unde
995 2210 1002 2243 ε
1023 2192 1080 2254 Qui
1094 2205 1223 2258 suscepe-

685 2271 722 2320 rit
737 2285 816 2320 tinum
824 2266 969 2334 parvulum
983 2266 1062 2315 talem
1075 2265 1104 2314 in
1116 2263 1224 2314 nomiae

685 2359 750 2405 meo,
766 2340 807 2391 'me
826 2340 940 2404 suscipit
945 2357 956 2401 ,·
973 2338 1080 2404 quinto,
1097 2337 1124 2387 in
1146 2336 1223 2402 jadi-

685 2416 736 2468 cio,
751 2411 816 2478 quia
829 2419 870 2460 est
884 2409 1018 2475 praecipua
1029 2407 1112 2457 ultrix
1125 2422 1224 2472 oppro-

686 2485 753 2544 brii,
779 2482 852 2533 unde
880 2497 886 2529 :
914 2480 969 2540 Qui
991 2473 1225 2544 scandalizaverit

687 2572 766 2608 unum
801 2553 834 2603 de
856 2550 967 2617 pusillis
999 2549 1077 2611 istie,
1108 2547 1224 2613 expedit

686 2630 719 2690 ci,
736 2636 800 2686 etc.;
820 2632 905 2684 sexto,
922 2621 950 2671 in
969 2620 1021 2670 hoc
1035 2618 1141 2676 exsilio,
1157 2618 1224 2684 quia
1241 2610 1249 2627 ⁸

685 2698 743 2760 ejus
764 2693 881 2744 ministri
904 2691 1017 2740 comites
1041 2700 1067 2739 et
1086 2689 1224 2753 adiutores

686 2776 749 2817 sunt
767 2763 864 2830 Angeli
885 2761 965 2821 beati,
981 2761 1052 2811 unde
1072 2760 1222 2826 sequitur:

692 2839 785 2888 Videte
799 2851 831 2887 ne
845 2835 1021 2886 contentnatis
1036 2848 1114 2883 tinum
1129 2848 1168 2883 cx
1180 2832 1224 2883 ln's

682 2909 803 2974 pusillis,
820 2906 884 2971 quia
896 2905 998 2970 angeli
1012 2919 1112 2966 corun,
1128 2914 1179 2954 etc.

724 2979 740 3029 6
771 2979 830 3029 Cur
860 2992 913 3026 uon
939 2991 1010 3025 suur
1035 2990 1223 3025 consensuum

686 3064 800 3100 rattruut
813 3048 823 3098 i
842 3047 1032 3111 -Postquam
1049 3061 1112 3110 ergo
1128 3045 1224 3095 docuit

686 3121 769 3171 n‘tare
784 3119 938 3169 scandalum
946 3133 956 3180 ;·
968 3125 1165 3182 consequenter
1178 3117 1224 3165 do

686 3204 727 3245 cet
738 3188 822 3243 uitare
832 3200 1027 3256 contemptum,
1038 3189 1086 3254 qui
1102 3198 1143 3237 est
1152 3203 1223 3254 qua-

686 3266 709 3315 si
729 3264 806 3314 radix
828 3263 913 3330 ipsius
939 3261 1066 3311 scandali..
1092 3260 1224 3320 Quamiis

687 3337 760 3387 enim
781 3351 830 3402 pro
851 3335 962 3386 vitando
975 3333 1103 3383 seandalo
1124 3332 1223 3383 Domi·

686 3424 737 3458 nus
759 3421 854 3457 omnes
879 3405 998 3455 carnales
1016 3402 1126 3452 affectus
1151 3416 1222 3468 pras-

686 3478 785 3544 ceperit
799 3491 934 3541 respuere,
946 3491 1001 3524 non
1014 3484 1105 3523 tamen
1118 3488 1222 3541 usque-

686 3564 793 3616 quaque
818 3558 849 3596 ut
871 3546 1055 3612 despiciamus
1077 3545 1156 3608 illos,
1186 3545 1221 3594 de

687 3634 804 3686 quorum
818 3618 903 3667 salute
917 3631 1063 3683 possumus
1077 3631 1154 3681 spem
1169 3615 1221 3664 ha-

688 3691 758 3750 bere,
768 3690 801 3738 de
813 3702 866 3753 qua
881 3686 989 3737 solliciti
1000 3686 1131 3736 debemus
1145 3694 1221 3748 esse}

686 3761 759 3810 unde
782 3759 828 3808 dat
851 3756 992 3824 specialem
1024 3772 1135 3807 causam
1166 3772 1223 3806 non

687 3830 877 3884 contemnendi
900 3830 1015 3896 pusillos
1039 3840 1066 3880 et
1084 3830 1222 3895 parvulos,
