2632 4320
405 278 409 287 Ι
428 318 602 370 SECUNDAE
620 318 744 369 PisRTls
770 318 888 370 CAPUT
904 320 953 370 Vl,

584 697 824 769 onrurvr
917 677 921 683 ’

188 923 241 991 Dr
256 921 406 1014 pusillis
418 931 453 990 et
470 922 640 1014 populis·
654 945 721 991 non
743 922 1031 1014 remedellrmrdts
1047 923 1218 1005 extasim,

409 1049 443 1108 et
461 1061 531 1107 non
554 1038 813 1109 contemnendis.
832 1039 996 1108 interius..

550 1287 694 1351 Matthaei
715 1309 782 1372 cap.
806 1291 856 1352 r8·.

177 1543 188 1578 1
204 1528 264 1578 Non
278 1542 350 1578 eurr
361 1543 567 1579 sennonntznnnr
580 1544 683 1579 invu-

146 1614 187 1652 m..
199 1630 230 1639 -
243 1602 388 1668 Postquam
408 1617 472 1668 ergo
485 1603 622 1653 Dominus
635 1618 680 1653 re-

145 1673 254 1724 vocavit
277 1674 423 1739 Apostolos
452 1674 487 1723 ab
518 1674 637 1725 elatione
656 1685 683 1724 et

146 1746 326 1806 al'tercatione
347 1763 378 1797 ex
401 1747 573 1813 susceptione
590 1747 681 1797 hono-

148 1817 197 1879 ris,
213 1834 295 1884 quern
309 1818 485 1869 humiliantes
512 1820 620 1885 seipsos·
636 1835 681 1870 re-

148 1889 274 1956 cipiuot3
302 1900 332 1939 et
353 1899 550 1954 consequenter
577 1898 682 1940 revocat

145 1975 192 2010 eos
210 1976 242 2010 ex
257 1975 344 2025 prena,
366 1975 448 2025 quam
468 1961 628 2026 quicunque
647 1975 680 2010 ex

144 2031 203 2081 zelo
226 2029 426 2089 contenderint,
453 2039 501 2080 aut
528 2031 680 2082 minoribus

145 2101 303 2152 medelum
331 2101 493 2166 posuerint,
526 2101 677 2153 incurrunt.

144 2171 268 2230 Etenim,
279 2170 428 2221 secundum
444 2171 676 2239 Chrysostomm,

144 2243 215 2294 sicut
238 2243 286 2307 qui
311 2242 361 2292 hos
391 2243 541 2303 honorant,
570 2255 680 2310 propter

145 2315 241 2371 Deum,
252 2315 401 2365 mercedem
412 2313 553 2364 habebunt
560 2329 568 2377 ς
582 2315 619 2364 ita
627 2315 679 2365 uti-

144 2403 198 2454 que
211 2389 259 2455 qui
273 2388 452 2443 dehonorant,
466 2389 495 2438 id
510 2399 551 2438 est
563 2389 678 2439 scanda—

144 2460 236 2522 lizant,
249 2461 375 2511 ultimam
388 2461 535 2512 vindictam
559 2461 677 2512 sustine-

145 2533 225 2583 bunt.
248 2532 414 2583 Scandalizat
437 2542 535 2598 autem,
560 2532 607 2599 qui
628 2548 677 2583 suo

144 2604 217 2654 dicto
231 2605 275 2655 vel
296 2603 374 2663 facto,
389 2603 482 2654 minus
501 2605 583 2667 tecta
597 2619 677 2655 occe-

734 1530 854 1579 minores
871 1528 944 1578 enim
966 1527 1019 1579 cito
1040 1529 1262 1589 scandalizantur,

734 1602 849 1666 majores
860 1616 922 1651 vero
938 1617 993 1651 non
1007 1599 1262 1660 faciliterscandala‚

734 1673 820 1722 idest
837 1672 997 1723 offendicula
1016 1672 1158 1738 recipiunt.
1186 1674 1267 1724 Recte

733 1758 795 1809 ergo
810 1744 858 1809 qui
873 1743 1046 1794 scandalizari
1067 1753 1163 1809 potest,
1175 1745 1266 1811 pusil-

734 1815 776 1866 lus
792 1816 902 1876 dicitur,
917 1827 944 1868 et
969 1818 1096 1882 parvulus
1119 1827 1175 1880 est3
1202 1817 1267 1884 quia

733 1889 1048 1949 nullus-scandalizatur,
1075 1899 1121 1939 aut
1141 1905 1174 1939 ex
1194 1890 1268 1940 dicto

731 1962 776 2010 vel
789 1960 859 2011 iacto
874 1961 985 2011 alterins
998 1961 1026 2010 in
1047 1971 1189 2026 peccatum
1202 1961 1269 2021 ruit,

732 2033 784 2082 nisi
800 2033 828 2082 in
842 2043 973 2098 quantum
995 2033 1110 2099 pusillus
1135 2042 1160 2082 et
1178 2048 1269 2099 parva

730 2103 841 2153 virtutis
849 2102 938 2154 luerit.
956 2103 1024 2154 Nam
1040 2118 1156 2169 magnus
1170 2115 1197 2154 et
1209 2118 1266 2169 per·

730 2174 808 2224 fectae
825 2175 946 2237 virtutis,
972 2174 999 2224 id
1020 2184 1062 2224 est
1083 2175 1212 2224 robustus
1237 2174 1267 2224 in

730 2244 784 2296 lide
810 2256 837 2296 et
859 2245 979 2304 caritate,
1004 2245 1137 2312 quidquid
1156 2245 1264 2305 viderit,

729 2316 773 2366 vel
786 2315 910 2376 audierit,
925 2325 975 2366 aut
985 2331 1080 2381 passus
1103 2314 1194 2375 fuerit,
1209 2332 1265 2366 non

730 2389 844 2439 declinat
858 2389 891 2438 de
907 2387 979 2439 facili
1001 2404 1018 2438 a
1030 2388 1083 2438 fide
1094 2398 1124 2438 et·
1137 2388 1264 2452 veritam

730 2476 782 2511 nec
792 2476 824 2511 ex
838 2460 913 2510 dicto
923 2461 966 2510 vel
978 2460 1047 2510 facto
1061 2461 1133 2510 malo
1153 2459 1269 2511 alterius

730 2532 755 2581 in
770 2543 908 2598 peccatum·
921 2532 986 2591 nrit‚·
1001 2531 1074 2597 quia,
1094 2541 1125 2580 ut
1147 2532 1175 2582 in
1194 2532 1267 2582 Pro-

729 2604 828 2654 verbiis
853 2603 953 2654 dicitur
976 2619 987 2652 r
1007 2604 1074 2653 Non.
1091 2603 1268 2655 eorummet

144 2677 249 2727 sionem
271 2677 398 2742 cuiquam
412 2678 458 2727 dat
471 2677 556 2727 ruinae
571 2677 598 2727 in
614 2693 678 2744 pec-
722 2676 827 2743 justum
841 2675 977 2742 quidquid
990 2676 1015 2725 ei
1034 2675 1173 2726 accidmit.
1192 2675 1263 2726 Dicit

144 2756 250 2810 mtum3
276 2763 306 2796 ac
320 2747 401 2797 verbo
421 2749 463 2797 vel
481 2749 605 2812 exemplo
620 2763 680 2813 pro·

144 2819 220 2883 pellit
234 2819 268 2868 ad
291 2819 402 2868 malurn.
424 2819 459 2868 Et
476 2819 564 2884 primo
585 2827 678 2868 monet

144 2890 226 2941 litare
242 2890 396 2940 scandalum
411 2891 538 2954 activum,
549 2891 605 2940 sive
617 2890 679 2940 alie-

146 2977 223 3024 num,
238 2973 264 3012 et
276 2973 368 3025 postea
380 2962 526 3028 passivum,
549 2963 607 3012 sive
619 2978 678 3027 pro-

145 3031 245 3095 prium.
260 3032 308 3081 Est
317 3048 379 3097 ergo
394 3048 488 3083 sensus
503 3049 509 3083 :
527 3034 590 3091 Vos,
605 3034 674 3097 Apo-

144 3101 216 3163 stoli,
247 3102 330 3152 nolite
357 3105 479 3153 altercare
498 3105 531 3153 de
558 3103 674 3168 primatu

145 3171 266 3232 honoris
294 3173 357 3238 quia
384 3189 416 3223 ex
442 3174 494 3223 hoc
520 3174 632 3239 pusillos
651 3186 677 3225 et

144 3243 269 3308 parvulos
285 3260 338 3292 non
352 3253 437 3304 etate,
451 3246 496 3294 sed
508 3244 568 3304 fide,
583 3260 612 3295 ac
623 3262 676 3295 nu-

145 3331 192 3380 per
206 3331 347 3366 conversos
369 3327 395 3366 et
411 3316 439 3366 in
461 3316 571 3367 Christo
588 3327 675 3377 natos,

143 3387 356 3439 scandalizabitis
371 3399 397 3438 et
409 3389 543 3454 perdetis,
557 3390 630 3440 unde
640 3390 679 3439 di-

144 3471 242 3510 cuntur
254 3459 360 3525 pusilli,
372 3460 419 3525 qui
433 3475 448 3509 a
462 3461 577 3526 superba
586 3460 678 3510 altitu-

143 3529 208 3580 dine
229 3546 259 3582 se
276 3530 466 3592 humiliantes,
493 3530 621 3597 patientia
651 3540 678 3580 et

144 3601 301 3654 humilitate
314 3613 411 3668 sponte
426 3619 475 3654 sua
491 3603 584 3670 pusilli
607 3601 680 3653 fiunt

144 3681 171 3721 et
192 3675 308 3738 parvuli,
319 3673 368 3742 qui
381 3674 469 3725 adhuc
492 3684 557 3724 sunt
577 3673 607 3723 in
625 3672 679 3724 fide

144 3743 262 3806 infirmi„
272 3758 298 3798 et
315 3749 350 3798 de
364 3748 425 3808 levi,
448 3748 482 3798 ad
501 3747 604 3808 illicita,
630 3762 677 3812 per
707 3808 710 3815 Δ

144 3815 217 3866 male.-
240 3820 365 3884 exempla
387 3828 504 3885 possunt
527 3818 677 3884 provocari.
707 3862 711 3873 .

143 3886 223 3939 Tales
231 3898 320 3938 autem
329 3888 526 3941 scandalizandi
536 3904 591 3939 non
600 3898 676 3954 sunt3

729 2762 792 2812 ergo
811 2764 818 2796 z
840 2747 893 2808 Qu·
921 2753 1009 2796 autem
1031 2746 1263 2814 scattdallzam'i

730 2833 808 2867 unum
829 2819 862 2867 de
876 2817 988 2882 pusillis
1008 2819 1079 2880 istie,
1099 2818 1150 2882 qui
1170 2819 1198 2867 in
1221 2830 1264 2867 me

729 2890 857 2951 credunt,
873 2889 1020 2954 expediret·
1035 2895 1062 2938 ut
1079 2888 1261 2954 suspendatur

729 2960 800 3009 mola
819 2959 944 3008 asinario
959 2959 987 3008 in
1005 2960 1074 3010 collo
1089 2958 1155 3025 ejus,
1167 2964 1201 3008 et
1211 2958 1260 3008 de-

729 3037 874 3096 mergatur
883 3030 912 3080 itt
920 3030 1085 3094 prosumo
1096 3032 1191 3082 maris.
1208 3033 1262 3081 lto-

728 3102 754 3151 la
767 3101 882 3151 asinaria
894 3101 1000 3163 dicitur,
1016 3118 1098 3168 quam
1112 3103 1222 3154 trahunt
1237 3113 1263 3153 et

728 3174 840 3223 volvunt
854 3172 922 3222 asini
937 3172 978 3223 vel
997 3173 1060 3238 equi
1078 3189 1140 3222 curn
1156 3185 1214 3224 rota
1233 3173 1262 3223 in

728 3244 902 3305 molendinis,
916 3255 942 3295 et
955 3259 1001 3309 per
1016 3244 1085 3293 hanc
1099 3244 1261 3312 intelligitur

728 3316 883 3381 quicunque
897 3316 984 3380 gravis
996 3324 1022 3364 et
1039 3315 1206 3379 ponderosus
1221 3315 1262 3364 la-

729 3386 783 3450 pis.
793 3386 875 3446 Quasi
885 3386 989 3436 diceret
1001 3385 1109 3434 :Multo
1125 3384 1222 3435 utilius
1237 3395 1263 3435 et

729 3459 827 3509 melius
840 3467 883 3507 est
902 3456 1060 3517 innoxium.
1078 3466 1104 3506 et
1127 3456 1264 3522 poenitcn·

728 3540 782 3579 tem
796 3529 881 3578 etiam
889 3528 1010 3586 noxium,
1028 3527 1188 3594 gravissima
1202 3544 1262 3594 poe-

729 3598 859 3650 navitam
874 3596 952 3649 finire
970 3599 1154 3664 temporalem,
1175 3615 1261 3664 quam

729 3668 930 3720 scandalizando
950 3680 976 3720 et
999 3669 1136 3734 perdendo
1150 3668 1262 3720 fratrem

729 3752 843 3792 mortem
862 3740 958 3791 mereri
972 3750 1115 3801 aetemarm
1139 3752 1165 3789 e:
1182 3738 1262 3806 ligi-

729 3813 810 3863 hilius
823 3822 864 3863 est
874 3813 1055 3878 temporaliter
1068 3809 1163 3876 affligi,
1178 3825 1262 3876 quum

729 3885 889 3937 aeternaliter
909 3883 1031 3936 cruciari.
1049 3883 1101 3936 Ubi
1116 3883 1264 3950 Hierony-
