2632 4320
141 249 192 300 310
459 249 635 302 saeuitum
651 249 781 300 anatis
794 250 913 302 CAPUT
934 253 1002 303 xtt.

139 364 248 416 finalem
274 367 452 417 intentionem
482 382 563 433 quam
592 365 672 416 habet

139 436 304 496 antedictum
324 438 500 501 desiderium,
524 448 550 488 et
569 453 601 487 ex
620 437 672 486 hoc

141 504 170 554 in
192 506 286 556 eodem
310 508 406 558 delicto
432 508 505 558 venit
530 507 621 566 homo,
643 505 670 555 in

140 591 195 640 quo
221 586 260 626 est
288 592 334 642 per
359 577 521 627 desiderium
547 575 673 641 supradi-

140 657 222 697 ctum.
237 676 269 685 —
289 651 441 716 Secundum
468 649 617 702 remedium
632 657 673 698 est

139 720 212 786 quod
232 719 259 768 in
284 729 331 770 tua
349 722 470 771 oratione
488 723 530 772 vel
548 730 671 770 contem-

139 791 258 855 platione
268 809 323 843 non
337 794 469 844 sustineas
483 794 509 843 in
524 794 614 844 anima
628 802 673 841 tua

139 860 259 926 aliquam
271 864 483 914 consolationem
496 879 620 928 magnam
630 862 672 912 vel

139 948 257 998 parvam,
276 951 308 985 ex
322 952 376 1002 quo
399 936 448 985 tibi
470 935 576 985 videtur
599 935 670 1001 quod

124 1003 235 1055 ‚fundat
250 1021 279 1055 se
293 1007 321 1056 in
335 1007 544 1072 praesumptione
561 1017 587 1056 et
597 1007 674 1056 aesti-

140 1075 258 1126 matione
269 1077 402 1142 superbiae
413 1077 539 1142 tuiipsius
546 1094 553 1141 ;
566 1088 591 1128 et
604 1087 674 1143 post·

140 1162 222 1212 quam
238 1149 312 1199 ducit
331 1159 358 1198 te
382 1149 411 1199 in
435 1150 613 1200 ambitionem
633 1149 674 1199 tui

141 1222 242 1286 proprii
272 1222 385 1272 honoris
416 1224 457 1273 vel
484 1224 586 1289 gloriae,
618 1224 673 1273 sive

140 1290 220 1341 istius
246 1292 317 1352 vitae,
344 1293 400 1343 sive
426 1295 545 1345 alterius.
574 1294 673 1343 Anima

141 1362 215 1411 enim
239 1378 299 1429 quae
321 1379 349 1413 se
363 1364 444 1414 sentit
461 1364 489 1413 in
505 1364 551 1414 tali
574 1380 673 1414 conso-

139 1432 249 1494 latione,
272 1434 346 1484 venit
369 1435 397 1484 in
418 1437 509 1502 plures
532 1451 634 1486 errores
648 1446 674 1485 et

140 1505 220 1564 mala,
244 1513 270 1553 et
298 1505 370 1554 Deus
396 1521 443 1571 per
468 1523 548 1557 suum
572 1507 673 1570 iustum

139 1576 272 1642 iudicium
300 1578 432 1641 permittit
461 1580 569 1629 diabolo
596 1595 675 1644 posse

141 1648 333 1714 augmentandi
354 1659 381 1700 et
394 1651 558 1701 accelerandi
577 1649 674 1716 praedi-

141 1727 210 1768 ctam
234 1720 461 1781 consolationem,
488 1732 514 1771 et
542 1720 676 1786 imprimit

142 1803 204 1838 cum
220 1788 266 1839 illa
280 1790 308 1839 in
324 1791 413 1840 anima
427 1790 572 1842 falsissima
586 1801 612 1842 et
626 1807 675 1857 pe-

141 1859 337 1912 riculosissima
360 1862 529 1924 sentimenta,
558 1872 584 1913 et
610 1863 676 1912 alias

142 1932 291 1994 illusiones,
307 1950 375 2000 quas
387 1952 478 1986 amma
490 1937 594 1986 imbuta
607 1936 676 1985 dicta

144 2007 328 2058 consolatione
353 2010 436 2059 credit
455 2020 481 2059 et
500 2020 605 2075 reputat
619 2024 676 2059 esse

142 2093 218 2128 veras
232 2080 416 2131 revelationes.
432 2082 455 2132 0
469 2093 536 2148 quot
556 2096 676 2147 personae

144 2162 191 2212 per
211 2148 294 2199 istum
320 2151 431 2200 modum
458 2163 521 2201 sunt
542 2151 675 2217 deceptae!

146 2219 180 2269 Et
197 2230 305 2284 propter
322 2221 374 2270 hoc
387 2237 488 2281 caveas,
502 2223 574 2287 quod
589 2223 616 2271 in
631 2233 676 2272 tua

144 2290 265 2340 oratione
295 2293 339 2341 vel
365 2293 591 2358 contemplatione
620 2311 675 2344 non

143 2362 275 2412 sustineas
302 2363 421 2431 aliquam
447 2367 675 2431 consolationem,

145 2434 198 2485 nisi
213 2434 288 2485 illam
301 2453 362 2503 quae
381 2439 454 2489 venit
472 2455 519 2505 per
535 2439 676 2505 perfectam

145 2505 270 2557 notitiam
291 2520 317 2559 et
340 2512 504 2576 completum
526 2512 677 2563 sentimen-

144 2588 204 2628 tum
217 2587 271 2630 tuae
285 2580 428 2632 nihilitatis
451 2593 477 2632 et
498 2582 679 2648 imperfectio-

147 2649 199 2710 nis,
212 2660 237 2701 et
248 2667 308 2717 quae
322 2651 385 2702 facit
398 2669 565 2720 perseverare
579 2655 677 2704 dictam

146 2721 271 2772 notitiam
287 2732 313 2774 et
332 2730 525 2775 sentimentum
539 2726 579 2776 tui
599 2727 628 2777 iu
644 2739 678 2787 te,

146 2807 176 2841 ac
186 2792 400 2858 magnitudinem
412 2807 437 2845 et
451 2796 619 2847 altitudinem
630 2799 678 2848 Dei

148 2879 195 2928 per
210 2865 291 2914 altam
308 2868 493 2927 reverentiam,
509 2879 534 2918 et
549 2884 610 2919 cum
626 2885 680 2919 ma-

61 2959 64 2963 ·
147 2948 202 2998 gno
228 2933 360 2986 desiderio
391 2937 503 2989 honoris
531 2948 556 2988 et
586 2936 679 3005 glotiae

148 3002 215 3067 Dei;
238 3003 276 3053 sic
294 3008 367 3070 quod
381 3009 513 3059 antedicta
529 3010 679 3060 consolatio

147 3070 277 3122 fundetur
290 3084 316 3123 et
328 3078 444 3127 totaliter
459 3079 494 3128 sit
507 3079 535 3128 in
550 3079 593 3129 his
609 3095 676 3145 prae-

148 3141 237 3207 dictis,
250 3145 291 3194 vel
305 3144 451 3208 similibus,
463 3160 509 3200 aut
522 3152 679 3216 aequalibus.

149 3213 184 3264 Et
198 3214 271 3264 idem
286 3217 358 3281 quod
373 3218 475 3269 dictum
490 3231 530 3270 est
542 3221 575 3271 de
589 3221 681 3272 divina

149 3287 343 3348 consolatione,
356 3287 473 3355 intellige
485 3291 565 3341 etiam
581 3293 614 3342 de
627 3292 681 3342 fer-

148 3371 213 3410 tore
238 3367 266 3406 et
294 3359 388 3409 ardore
413 3359 594 3426 perfectiouis,
621 3377 681 3429 quae

150 3438 265 3493 possunt
286 3445 343 3480 esse
368 3430 397 3479 in
418 3431 518 3481 eisdem
540 3433 636 3483 modis.
652 3462 681 3470 —

151 3498 274 3553 Tertium
288 3502 438 3551 remedium
457 3512 496 3552 est
516 3504 589 3567 quod
601 3519 681 3552 omne

150 3571 345 3624 senti'mentum
374 3584 614 3641 quantumcunque
642 3576 683 3626 al-

151 3652 221 3705 tum,
240 3655 265 3694 et
284 3644 372 3695 omnis
387 3646 456 3696 visio
479 3657 682 3710 quantumcun-

152 3729 205 3780 que
217 3727 317 3766 secreta
329 3717 380 3768 tibi
400 3728 534 3783 appareat,
553 3733 683 3783 quaecun-

140 3801 207 3852 que
221 3787 300 3838 etiam
317 3788 361 3849 sit,
377 3789 400 3839 si
417 3789 490 3839 ducit
506 3799 639 3839 cortuum
654 3789 682 3839 in

732 364 789 414 lum
804 364 876 424 fidei,
889 367 930 416 vel
952 376 1043 416 contra
1062 368 1147 416 bonos
1166 382 1267 417 morem

732 446 757 485 et
772 436 889 487 maxime
904 438 1205 499 contrahumilitatem,
1224 441 1266 489 vel

732 516 823 556 contra
851 507 1029 573 honestatem,
1054 508 1143 574 fugias
1163 525 1222 560 eam
1241 521 1267 560 et

732 577 885 641 horrescas;
901 580 965 645 quia
980 580 1038 630 sine
1051 580 1136 629 dubio
1146 595 1179 630 ex
1194 591 1267 646 parte

731 647 831 697 diaboli
857 651 939 700 venit.
967 652 1000 700 Et
1023 650 1045 701 si
1069 660 1194 716 appareat
1216 652 1267 701 tibi

731 722 822 788 aliqua
834 723 913 784 visio,
929 725 962 775 de
972 741 1026 790 qua
1040 725 1077 775 sis
1091 735 1182 776 certus
1193 727 1267 791 quod

732 793 821 843 veniat
841 809 873 844 ex
895 807 968 861 parte
987 795 1046 858 Dei,
1066 806 1093 845 et
1111 796 1186 861 quod
1201 797 1268 847 illud

732 864 805 930 quod
817 865 922 915 inducit
930 866 1007 926 visio,
1013 878 1053 917 est
1063 867 1193 932 placitum
1202 868 1268 928 Deo,

733 935 789 984 noli
811 945 837 985 te
858 935 965 986 firmare
979 937 1008 986 in
1024 938 1094 988 dicta
1107 938 1222 988 visione.
1239 967 1268 975 -

733 1004 866 1064 Quartum
890 998 1041 1057 iemedium
1055 1018 1096 1058 est
1116 1009 1193 1074 quod
1204 1025 1270 1073 pro-

733 1087 792 1141 pter
807 1077 887 1127 altam
911 1078 1004 1141 vitam,
1021 1080 1061 1129 vel
1084 1089 1193 1145 propter
1210 1096 1271 1129 ma-

732 1161 814 1212 gnam
829 1147 1011 1211 devotionem,
1024 1159 1071 1198 aut
1080 1160 1192 1214 propter
1207 1165 1271 1215 prae·

734 1218 835 1267 clarum
867 1218 1053 1284 intellectum,
1082 1236 1130 1270 seu
1161 1232 1271 1287 propter

733 1290 852 1356 aliquam
873 1293 955 1341 aliam
972 1293 1163 1344 sufficientiam
1186 1311 1270 1361 quam

733 1361 806 1412 vides
820 1363 847 1411 in
858 1363 997 1428 aliquibus
1011 1365 1145 1431 personis,
1157 1382 1217 1416 uon
1227 1381 1270 1416 se-

734 1432 825 1499 quaris
839 1449 933 1484 eorum
950 1436 1073 1496 consilia,
1096 1437 1139 1486 vel
1163 1439 1270 1496 modos,

733 1520 765 1555 ex
780 1520 835 1571 quo
850 1507 989 1572 cognoscis
1003 1509 1072 1558 clare
1085 1518 1112 1558 et
1127 1508 1272 1559 rationabi-

733 1574 805 1635 liter,
819 1578 892 1640 quod
907 1592 1000 1627 eorum
1016 1578 1129 1628 consilia
1141 1594 1197 1630 non
1207 1590 1270 1630 sunt

734 1647 884 1696 secundum
909 1648 997 1697 Deum
1015 1659 1041 1699 et
1056 1664 1149 1699 veram
1168 1649 1271 1701 discre-

734 1716 846 1778 tionem,
877 1735 924 1784 per
946 1721 1017 1770 viam
1034 1721 1097 1770 Jesu
1117 1720 1223 1772 Christi
1247 1731 1273 1772 et

734 1787 892 1838 Sanctorum
922 1800 1106 1851 monstratam,
1133 1802 1159 1842 et
1182 1790 1272 1858 perfe-

735 1867 804 1908 ctam
819 1860 984 1926 scripturam
1004 1861 1031 1911 in
1055 1862 1137 1913 dictis
1156 1865 1271 1915 Sancto-

734 1945 795 1980 rum
820 1931 992 1982 notificatam.
1013 1934 1067 1984 Nec
1090 1946 1203 2000 propter
1222 1935 1271 1985 hoc

733 2001 831 2051 timeas
844 2003 917 2069 quod
932 1996 1087 2069 spernendo
1099 2005 1164 2056 talia
1182 2005 1272 2056 consi-

735 2073 771 2122 lia
798 2072 929 2123 dictarum
955 2090 1151 2140 personarum,
1181 2092 1271 2143 pecces

736 2158 785 2208 per
797 2144 953 2210 superbiam
970 2155 995 2194 et
1011 2146 1270 2212 praesumptionem

736 2213 824 2262 solum
840 2214 912 2279 quod
927 2213 1008 2264 facias
1022 2226 1132 2280 propter
1145 2217 1236 2266 zelum
1247 2226 1273 2266 et

736 2282 856 2333 veritatis
879 2300 1007 2335 amorem.
1022 2313 1053 2322 -
1068 2285 1209 2346 Quintum
1228 2301 1272 2336 re-

736 2355 857 2406 medium
880 2367 920 2406 est
943 2358 1016 2423 quod
1042 2355 1130 2424 fugias
1151 2368 1180 2409 et
1205 2359 1273 2408 vites

736 2426 944 2477 familiaritatem
964 2429 1071 2478 illarum
1094 2444 1272 2494 personarum

737 2516 797 2567 quae
811 2501 895 2552 dictas
908 2503 1070 2553 tentationes
1089 2503 1229 2554 seminant
1249 2514 1274 2554 et

737 2571 901 2632 diffundunt,
924 2584 949 2623 et
976 2573 1036 2623 illas
1061 2577 1194 2639 personas
1214 2589 1273 2641 quae

737 2645 845 2694 easdem
856 2645 993 2696 sustinent
1004 2656 1030 2695 et
1042 2645 1169 2709 laudant,
1184 2645 1273 2697 etnoli

738 2729 832 2764 eorum
848 2716 929 2765 verba
951 2717 993 2765 vel
1011 2715 1092 2765 etiam
1113 2715 1274 2767 collocutio-

739 2800 787 2834 nes
811 2785 912 2845 audire,
938 2801 1026 2852 neque
1054 2801 1150 2835 eorum
1180 2787 1273 2836 modos

738 2854 805 2904 velis
819 2854 919 2915 videre,
942 2857 1006 2922 quia
1027 2854 1077 2905 tibi
1102 2855 1273 2907 demonstra-

739 2927 809 2976 bunt
828 2941 958 2992 magnum
978 2927 1087 2992 signum
1101 2927 1273 2992 perfectionis

739 2999 768 3048 in
794 2999 918 3064 pluribus
941 3000 1030 3049 verbis
1053 3010 1080 3050 et
1102 3001 1205 3062 modis,
1230 3014 1274 3066 per

739 3085 800 3136 quae
815 3070 838 3120 si
852 3070 894 3120 vis
908 3071 1038 3137 accipere,
1052 3081 1078 3121 et
1087 3087 1135 3122 eos
1145 3082 1272 3139 tanquam

739 3142 869 3193 divinales
890 3144 977 3210 sequi,
998 3144 1092 3194 venies
1107 3143 1138 3194 in
1159 3145 1273 3211 pericula

740 3222 766 3264 et
778 3213 925 3279 praecipitia
939 3229 1061 3264 errorum
1077 3223 1103 3265 et
1116 3213 1273 3273 inhonesto·

741 3300 801 3334 rum
815 3300 922 3334 morum
935 3286 1103 3336 eorumdem.

774 3355 787 3404 3
806 3355 927 3404 Uuuscm
953 3372 1068 3407 usurum
1084 3372 1190 3408 coum
1208 3373 1272 3407 rm-

741 3443 870 3478 rnrmuas
882 3445 897 3476 a
913 3445 999 3477 Patara
1014 3444 1198 3481 antonum-
1215 3430 1273 3480 Post

742 3497 800 3548 haec
812 3498 873 3547 vide
888 3498 1005 3548 remedia
1016 3514 1077 3565 quae
1093 3499 1177 3549 debes
1191 3508 1273 3549 atten-

741 3568 804 3619 dere
815 3569 883 3618 circa
891 3569 994 3634 aliquas
1007 3583 1147 3634 personas,
1158 3584 1220 3637 quae
1231 3574 1274 3636 pe'r

741 3652 817 3688 suam
831 3640 915 3689 vitam
935 3648 960 3688 et
972 3639 1126 3688 doctrinam
1142 3639 1273 3691 seminant

740 3713 823 3764 dictas
848 3713 1018 3764 tentationes.
1042 3712 1171 3763 Primum
1189 3727 1273 3765 reme-

737 3782 813 3833 dium
828 3795 867 3834 est
880 3785 953 3850 quod
970 3799 1024 3833 non
1036 3783 1139 3834 habeas
1151 3797 1273 3850 magnam

145 3848 309 3923 'opinionem
333 3870 426 3910 contra
450 3861 568 3924 aliquem
583 3860 683 3910 articu-
737 3857 945 3908 aestimationem
960 3855 1107 3920 visionum,
1124 3866 1172 3907 aut
1188 3865 1273 3906 senn-
