2632 4320
155 281 205 333 332

154 399 272 451 hiemem
284 399 419 464 pertinent
437 413 506 448 curae
520 397 602 462 hujus
615 396 685 454 vitae,

154 485 215 535 quae
237 469 327 519 tristes
348 478 412 518 sunt
431 470 504 520 velut
524 469 625 532 hiems;
652 466 685 516 ad

153 539 294 591 sabbatum
308 554 371 590 vero
393 542 499 606 crapula
518 548 543 590 et
562 538 685 597 ebrietas,

130 634 136 647 ·
154 627 216 678 quae
232 612 328 662 carnali
352 611 445 662 laetitia
464 612 624 677 luxuriaque
641 625 687 660 cor

156 684 334 748 submergunt
359 693 438 750 atque
463 685 591 745 obruunt,
613 680 686 747 quod

155 756 256 805 malum
287 754 388 805 sabbati
418 755 526 804 nomine
555 753 686 818 signatur,

154 827 220 893 quia
232 827 278 876 illo
295 827 339 877 die
349 827 435 877 ludaei
448 826 551 876 deliciis
561 825 685 885 affluunt,

154 898 219 947 dum
230 897 367 962 spirituale
379 898 520 948 sabbatum
532 897 686 962 ignorant.»

153 970 190 1021 Et
212 971 360 1021 secundum
380 972 588 1038 Hieronymum,
610 968 686 1019 omni

155 1052 275 1106 tempore
303 1058 371 1108 opus
404 1052 443 1092 est
468 1041 559 1107 vigilia
587 1039 686 1090 mentis

153 1122 213 1163 ante
235 1122 350 1163 mortem
371 1113 501 1178 corporis,
514 1122 544 1163 ut
567 1112 595 1162 in
614 1125 686 1176 prse-

153 1186 239 1241 sentia
256 1185 356 1235 summi
374 1185 476 1235 Judicis
495 1185 685 1234 consistamus.

153 1257 211 1307 Hoc
224 1255 297 1306 enim
314 1266 354 1306 est
369 1265 459 1305 nostra
471 1255 616 1305 beatitudo.
632 1255 685 1305 Ubi

153 1320 230 1377 Beda
245 1343 253 1376 .·
271 1344 284 1372 a
300 1325 353 1384 Qui
369 1336 430 1375 ante
450 1325 550 1375 Filium
565 1324 685 1375 hominis

152 1406 241 1460 stare,
266 1396 363 1462 eique,
396 1397 469 1461 juxta
493 1394 684 1461 Apocalypsim

152 1465 278 1525 Joannis,
304 1464 347 1515 die
371 1476 506 1530 noctuque
530 1464 558 1514 in
582 1466 684 1530 templo

153 1535 211 1600 ejus
224 1535 324 1586 servire
339 1536 479 1596 desiderat,
504 1551 552 1586 nec
574 1536 608 1586 ab
627 1538 685 1602 ejus

152 1608 305 1674 aspectibus
324 1609 352 1659 in
371 1610 461 1675 ignem
477 1621 607 1661 aeternum
624 1625 684 1659 ma-

153 1677 266 1728 ledictus
279 1680 374 1744 abjici3
395 1696 449 1730 non
463 1683 551 1731 solum
568 1681 601 1731 ab
622 1680 684 1731 ille-

152 1750 237 1801 cebris
258 1753 423 1803 secularibus
446 1753 579 1819 castigari,
599 1754 685 1803 sedet

152 1837 229 1872 orare
254 1833 279 1874 et
297 1824 417 1890 vigilare,
438 1835 463 1876 et
477 1827 534 1876 vhoc
550 1841 605 1875 non
619 1824 684 1892 qui-

153 1892 265 1943 busdam
280 1894 384 1954 diebus,
402 1897 448 1946 sed
468 1895 543 1946 omni
564 1906 684 1961 tempore

151 1962 238 2013 facere
254 1964 341 2016 debet.
362 1966 441 2015 Juxta
455 1966 529 2032 quod
545 1966 685 2016 Psalmista

151 2033 208 2083 ait:
225 2035 384 2085 Benedicent
404 2037 547 2087 Dominum
566 2037 593 2087 in
612 2037 684 2088 omni

151 2111 277 2171 tempore,
300 2123 404 2173 semper
423 2109 483 2160 laus
505 2110 563 2175 eJ'us
588 2110 615 2159 in
636 2123 684 2160 ore

151 2192 224 2241 meo,·
241 2180 279 2229 sic
301 2196 417 2246 namque
434 2183 581 2232 merebitur
603 2181 683 2232 habi-

149 2259 205 2299 tare
218 2251 244 2298 in
260 2251 341 2300 domo
354 2253 473 2313 Domini,
483 2262 509 2303 et
519 2254 548 2303 in
560 2254 682 2304 seculum

149 2319 232 2368 seculi
249 2320 355 2371 laudare
369 2322 446 2373 illurn
464 2340 498 2373 ε»
516 2323 573 2373 haec
595 2324 681 2374 Beda.

150 2387 205 2438 Cur
217 2400 306 2440 autem
328 2393 435 2442 monuit
454 2404 484 2443 ut
500 2393 642 2459 vigilemus
656 2404 682 2445 et

149 2461 257 2511 solliciti
285 2463 380 2524 simus,
408 2467 521 2519 declarat
547 2466 681 2532 protinus,

150 2548 213 2583 cum
228 2536 343 2587 subdit:
358 2538 479 2589 Nescitis
490 2539 559 2589 enim
574 2539 680 2604 quando

150 2609 252 2670 tempus
282 2607 331 2668 sit,
362 2608 462 2659 scilicet
486 2609 596 2674 judicii,
625 2609 680 2660 sive

148 2675 245 2724 mortis
259 2678 385 2742 propriae.

181 2744 274 2804 sQuo
299 2763 379 2798 sensu
400 2749 533 2799 Cunrsrus
554 2765 625 2801 nrxrr
650 2767 680 2802 sa

147 2828 255 2864 naseins
277 2832 340 2865 oran
371 2834 475 2869 ruorcrr.
500 2848 530 2857 -
558 2819 594 2869 Et
615 2821 681 2886 quia

146 2882 250 2934 dixerat
264 2886 398 2939 Dominus
419 2889 572 2950 adventurn,
593 2901 619 2941 et
634 2907 679 2942 re·

147 2967 231 3034 gnum
246 2971 325 3006 suurn
339 2974 421 3023 prope
432 2975 499 3021 esse,
509 2976 542 3011 ne
553 2960 678 3028 discipuli

145 3032 308 3076 aestrmarent
331 3031 403 3094 quod
421 3045 453 3080 ex
473 3031 558 3096 signis
579 3033 679 3097 praedi-

144 3094 194 3145 ctis
207 3107 297 3161 posset
310 3098 367 3148 dies
384 3110 413 3149 et
428 3100 494 3151 hora
507 3102 571 3152 sciri
587 3103 678 3154 deter-

145 3165 256 3228 minate,
272 3169 413 3235 subjungit
437 3188 444 3219 :
467 3172 509 3222 De
528 3172 571 3222 die
588 3180 676 3224 autem

145 3234 196 3286 t'lla
222 3243 249 3287 et
273 3239 355 3303 lzora,
379 3240 480 3291 scilicet
509 3243 616 3306 quando
643 3244 676 3294 ad

144 3306 275 3371 judicium
299 3310 396 3371 veniet,
418 3326 492 3361 nemo
506 3313 535 3362 in
548 3314 675 3376 Ecclesia,

145 3377 172 3428 id
190 3391 230 3431 est
250 3383 341 3432 nullus
357 3383 502 3432 hominum
521 3384 573 3435 scit
586 3385 676 3436 deter-

145 3449 266 3513 minate,
303 3467 385 3519 neque
414 3453 516 3519 Angelt'
546 3455 674 3505 coelorum

144 3524 242 3586 sciunt,
265 3526 328 3592 quia
343 3543 398 3576 non
412 3538 453 3577 est
467 3529 499 3578 de
513 3529 674 3594 pertinenti-

144 3596 195 3648 bus
209 3599 241 3648 ad
261 3599 464 3660 beatitudinem,
483 3615 571 3666 neque
588 3601 674 3652 Filius

142 3669 200 3727 scit,
229 3670 282 3720 nisi
305 3671 380 3721 solus
402 3672 496 3722 Pater.
520 3673 673 3722 Secundum

142 3740 233 3803 plures
256 3743 377 3793 doctores
401 3743 606 3809 intelligendum
633 3756 673 3796 est

142 3811 215 3874 quod
229 3812 322 3873 homo,
337 3814 378 3863 vel
392 3815 521 3880 Angelus,
540 3829 588 3865 nec
609 3815 671 3876 sibi,

142 3893 191 3930 nec
203 3881 263 3932 aliis
276 3883 326 3933 scit
343 3881 416 3933 dierri
434 3885 535 3949 judicii,
560 3885 606 3936 sed
624 3886 672 3936 Fi-

439 281 613 333 SECUNDAE
629 277 753 329 PARTIS
766 279 883 330 CAPUT
896 281 989 332 XLIV.

741 394 794 446 lius
806 395 835 446 in
849 397 925 446 Patre
939 395 988 446 scit
1002 394 1065 458 sibi,
1078 393 1205 460 quamtis
1215 392 1275 444 aliis

739 467 845 531 nesciat,
869 467 896 518 id
912 478 953 518 est
968 469 1076 518 nullum
1096 466 1164 517 scire
1187 464 1273 517 faciat.

740 539 815 590 Pater
844 548 932 589 autem
958 540 1032 590 solus
1057 537 1125 589 scire
1150 536 1270 600 dicitur,

738 609 803 674 quia
823 610 898 660 solus
918 608 981 660 facit
995 609 1096 663 Filium
1110 608 1188 659 scire.
1203 608 1271 658 Nota

738 679 849 745 quidem
870 690 910 731 est
934 681 992 730 haec
1020 681 1110 747 regula
1133 678 1272 746 loquendi,

738 762 769 801 ut
787 752 851 803 ibi:
872 754 970 804 Tentat
986 766 1034 803 vos
1048 753 1123 802 Deus
1144 757 1174 801 ut
1196 750 1273 813 sciat,

739 824 765 874 id
781 834 821 875 est
838 826 906 877 scire
919 841 968 876 vos
986 825 1076 884 faciat,
1100 829 1190 874 ulrum
1209 822 1274 874 dili-

738 900 815 964 gatis
836 913 909 963 eum,·
934 909 960 950 et
983 898 1044 948 ibi:
1061 899 1143 948 Nunc
1160 895 1274 963 cognovi

738 972 809 1037 quod
824 972 900 1022 times
917 973 1011 1033 Deum,
1039 970 1065 1020 id
1084 979 1124 1019 est
1138 984 1211 1019 nunc
1223 967 1270 1019 feci

738 1055 769 1094 ut
795 1059 976 1110 cognosceres.
1009 1044 1044 1094 Ut
1071 1041 1146 1092 enim
1176 1041 1272 1092 dicitur

739 1113 795 1165 dies
810 1117 897 1175 laetus,
912 1115 978 1181 quia
999 1115 1075 1164 laetos
1091 1112 1163 1174 facit,
1179 1121 1207 1162 et
1223 1110 1271 1162 fri-

738 1201 788 1251 gus
802 1187 919 1252 pigrum,
934 1186 999 1252 quia
1012 1185 1103 1251 pigros
1119 1183 1222 1248 reddit3
1237 1182 1272 1233 sic

737 1256 837 1307 dicitur
844 1256 930 1307 Filius
942 1256 1053 1314 nescire,
1063 1255 1104 1305 vel
1115 1254 1185 1304 scire
1196 1252 1272 1304 nobis

738 1327 838 1392 quibus
860 1327 961 1377 missus
985 1336 1034 1388 est,
1056 1341 1117 1392 quae
1140 1324 1209 1375 scire
1232 1324 1272 1376 vel

739 1397 843 1447 nescire
858 1413 908 1447 nos
922 1396 999 1458 facit;
1018 1396 1070 1446 scit
1083 1395 1177 1461 itaque
1193 1395 1220 1445 in
1234 1409 1271 1456 se,

738 1477 765 1517 et
785 1467 847 1527 sibi,
869 1483 924 1516 non
944 1466 1032 1516 nobis.
1053 1466 1133 1517 Unde
1153 1481 1201 1531 per
1222 1465 1271 1516 hoc

738 1538 811 1603 quod
825 1537 945 1587 dicitur:
963 1537 1030 1587 Nisi
1049 1537 1125 1587 solus
1142 1538 1236 1600 Pater,
1256 1551 1272 1587 a

738 1624 792 1674 quo
807 1609 868 1659 fons
879 1609 970 1659 omnis
983 1608 1145 1674 cognitionis
1156 1618 1207 1670 est,
1217 1623 1271 1659 non

737 1679 888 1729 excluditur
904 1680 925 1728 F
927 1679 1000 1738 ilius,
1015 1680 1056 1730 vel
1072 1679 1192 1744 Spiritus
1204 1679 1272 1730 Sau-

738 1759 796 1799 ctus
819 1749 867 1815 qui
889 1749 918 1800 in
937 1750 1031 1800 eodem
1049 1749 1126 1800 fonte
1139 1748 1271 1808 habitant,

732 1823 786 1873 'sed
811 1823 897 1889 magis
921 1823 1107 1882 includuntur,
1132 1822 1199 1889 quia
1219 1835 1273 1872 una

737 1905 777 1945 est
789 1895 872 1945 trium
887 1910 1062 1961 personarum
1078 1893 1187 1944 notitia.
1200 1893 1272 1943 Sicut

736 1980 800 2031 ergo
814 1965 979 2031 principium
995 1965 1091 2015 mundi
1109 1965 1199 2016 asolo
1216 1964 1270 2015 Deo

736 2037 788 2088 fuit
810 2039 1025 2104 praecognitum,
1051 2037 1117 2103 quia
1152 2037 1271 2088 mundus

736 2108 891 2160 immediate
904 2110 938 2160 ab
953 2110 1012 2175 ipso
1026 2110 1111 2160 factus
1126 2119 1167 2160 est
1173 2125 1181 2173 ;
1196 2109 1270 2159 itaet

735 2180 799 2230 finis
818 2181 911 2230 mundi
926 2180 976 2230 soli
1000 2181 1056 2231 Deo
1080 2189 1122 2230 est
1137 2179 1269 2247 cognitus,

735 2261 761 2300 et
793 2251 1028 2301 homini-Christo
1057 2251 1211 2311 revelatus,
1236 2250 1267 2300 ad

734 2338 815 2389 quem
840 2322 955 2389 pertinet
974 2322 1091 2387 judicare
1114 2321 1150 2372 de
1173 2319 1266 2372 omni·

735 2393 808 2444 bus..

764 2480 781 2532 9
796 2464 856 2514 Cua
870 2479 945 2514 notus
956 2478 1028 2513 vuar
1045 2478 1115 2513 naue
1129 2479 1195 2514 orsu
1210 2477 1268 2513 asse

732 2534 868 2585 cataras?
881 2563 911 2572 -
927 2533 1012 2583 Nobis
1031 2542 1124 2583 autem
1145 2533 1199 2585 hoc
1213 2533 1269 2584 vult

733 2622 791 2657 esse
804 2608 928 2666 celatum,
944 2605 1179 2672 quia,secundum
1196 2606 1265 2656 Hie-

732 2685 884 2745 ronymum,
903 2693 957 2727 non
977 2677 1084 2743 expedit
1105 2676 1196 2739 nobis,
1205 2675 1265 2726 'imo

733 2765 781 2800 nec
793 2750 949 2815 expediebat
962 2749 1100 2814 Apostolis
1112 2749 1182 2801 scire
1195 2748 1264 2798 diem

732 2823 864 2874 ethoram
881 2823 955 2873 illam
969 2823 1071 2887 judicii,
1087 2838 1122 2874 ne
1136 2822 1265 2890 pigriores

731 2894 827 2955 simus,
849 2895 895 2945 sed
910 2910 1016 2960 semper
1031 2893 1128 2944 incerti
1143 2895 1177 2944 de
1196 2905 1264 2945 tem·

730 2966 844 3030 poribus
858 2963 967 3025 futuris,
984 2975 1011 3015 et
1022 2965 1141 3016 adventu
1155 2965 1262 3021 Judicis,

731 3033 769 3084 sic
792 3035 914 3100 quotidie
934 3034 1057 3085 vivamus
1075 3051 1139 3085 cum
1160 3036 1262 3091 timore,

730 3117 757 3159 et
773 3124 879 3175 semper
892 3109 1038 3175 vigilemus
1052 3109 1174 3171 solliciti,
1188 3109 1261 3177 quasi

731 3179 760 3230 in
778 3179 913 3246 proximo,
928 3190 955 3230 et
968 3182 1051 3230 altera
1070 3179 1116 3231 die
1130 3178 1261 3246 judicandi

729 3249 833 3311 simus,
859 3265 888 3300 ac
915 3250 1039 3315 pendulae
1058 3249 1260 3316 exspectationis

729 3319 840 3381 incerto,
862 3335 968 3386 semper
986 3337 1049 3371 eum
1065 3323 1209 3373 credamus
1219 3319 1260 3370 fu·

728 3399 821 3440 turum
849 3406 932 3457 quem
966 3391 1125 3456 ignoramus
1156 3391 1259 3459 quando

727 3471 858 3511 venturus
877 3461 921 3511 sit.
941 3461 1022 3527 Signa
1036 3461 1152 3527 quidem
1165 3476 1258 3529 appro-

727 3533 914 3599 pinquationis
939 3534 1070 3584 adventus
1106 3535 1166 3600 ejus
1199 3533 1258 3585 scire

727 3619 872 3669 possumus
897 3614 923 3655 et
951 3605 1094 3664 debemus,
1117 3604 1166 3655 sed
1193 3603 1257 3654 diem
1304 3636 1306 3641 -

726 3675 869 3741 praecisum
883 3675 1027 3726 nescimus.
1048 3674 1101 3726 Ubi
1120 3675 1256 3744 Chrysot-
1303 3728 1306 3749 Ι

725 3754 812 3797 tomus
822 3762 830 3796 .·
841 3765 855 3794 a
869 3747 937 3799 Ecce
952 3746 1099 3798 senectutis
1113 3746 1195 3813 signa
1207 3759 1256 3810 cog
1303 3762 1306 3773 ·

725 3816 863 3867 noscimus
875 3856 881 3877 ,
916 3817 990 3868 diem
1017 3825 1108 3868 autern
1119 3830 1122 3837 ·
1132 3817 1255 3869 ultimum

725 3887 897 3954 ignoramus3
921 3887 960 3939 sic
985 3898 1012 3939 et
1034 3887 1154 3941 labentis
1179 3883 1253 3941 seculi
