2632 4320
141 316 144 325 .
189 275 236 326 DE
253 275 403 326 ORANDO
420 276 467 327 ET
484 275 743 328 EXSPECTANDO
760 272 1058 345 autumnitate
1127 285 1185 353 3¹9·

57 402 104 437 mo
119 387 201 438 debet
215 404 273 440 esse
292 389 402 456 signum
420 389 553 449 stationis,
568 400 595 440 et

57 458 110 508 bec
127 473 176 524 per
191 460 291 511 mentis
306 460 335 511 in
350 461 405 511 Deo
423 461 594 511 stabilitatio-
609 457 613 465 ’

57 545 131 590 netn,
147 546 182 580 ne
202 531 284 581 variis
298 532 508 599 cogitationibus
530 549 593 583 era·

56 612 144 668 getur,
160 605 311 655 secundum
331 605 398 656 illud
421 606 591 657 Psalmistte:

55 674 139 725 Jacta
154 676 305 742 cogitatum
316 682 387 727 tumn
399 691 479 742 super
493 678 592 728 Domi-

56 759 119 795 num
127 761 137 807 ,-
155 747 283 806 secundo,
298 746 409 813 signum
423 749 591 814 retrograda-

55 814 142 865 tionis
157 831 205 881 per
219 817 457 883 contemplationis
471 829 498 869 et
513 819 592 869 actio·

55 885 99 935 nis
117 886 333 946 alternationem,
358 888 507 938 secundum
524 889 591 939 illud

56 957 208 1009 Ezechielis
223 976 230 1009 ε
245 960 383 1010 Animalia
409 962 484 1012 ibant
502 969 528 1012 et
549 977 593 1012 re-

56 1030 246 1093 vertebantur;
260 1031 390 1084 animalia
408 1034 492 1094 enim,
506 1034 533 1084 id
550 1044 591 1084 est

59 1108 205 1152 sectatores
235 1103 393 1169 evangelicae
410 1104 591 1169 perfectionis,

55 1172 157 1222 vadunt
179 1173 212 1223 ad
242 1173 323 1224 vitam
347 1178 589 1243 contemplativam,

56 1243 83 1292 in
111 1257 176 1308 qua,
201 1243 265 1308 quia
291 1245 340 1296 diu
373 1247 512 1298 immorari
534 1265 590 1299 non

55 1317 212 1377 prevalent,
225 1329 395 1370 revertuntur
415 1322 447 1370 ad
460 1321 590 1387 activam;

55 1387 145 1447 tertio,
176 1388 284 1453 signum
315 1391 514 1443 obscurationis
544 1409 591 1459 per

56 1458 175 1525 propriae
197 1459 289 1525 gloriae
313 1463 537 1525 exinanitionem,
560 1475 591 1515 ut

56 1529 82 1579 in
101 1529 162 1580 suis
176 1530 264 1581 oculis
280 1531 350 1583 nihil
373 1549 401 1583 se
425 1550 483 1584 esse
508 1551 591 1600 repu-

57 1613 122 1667 tent,
157 1602 197 1655 sic
230 1606 405 1671 semetipsum
438 1608 591 1659 obscuravit

55 1677 210 1741 Apostolus,
222 1676 317 1727 dicens
332 1695 340 1728 z
356 1679 422 1745 Ego
436 1693 495 1729 sum
507 1681 590 1730 mini-

55 1761 113 1797 maa
140 1748 334 1811 Apostolorum
339 1766 350 1811 ,·
376 1761 402 1800 et
428 1750 554 1817 sequitur
580 1768 588 1801 t

56 1816 156 1869 Gratia
176 1818 230 1869 Dei
251 1833 309 1870 sam
331 1821 361 1871 id
382 1823 454 1886 qaod
475 1824 590 1873 samin

56 1888 118 1939 luna
132 1898 268 1954 quantum
291 1890 323 1940 ad
346 1890 526 1955 proficientes,
540 1894 590 1942 de-

56 1959 99 2009 bet
122 1974 250 2024 appatere
276 1960 386 2026 signum
408 1963 590 2014 conversionis

56 2032 84 2081 in
100 2032 275 2098 sanguinem,
289 2049 337 2098 per
351 2035 486 2086 Passionis
500 2037 589 2102 jugem

56 2103 278 2165 recordationem,
294 2107 365 2156 unde
377 2106 416 2157 eis
427 2107 494 2158 dicit
507 2109 590 2158 Chri-

55 2188 113 2227 stus
135 2177 165 2227 in
191 2177 310 2229 Threnis
325 2196 332 2230 z
347 2181 505 2232 Recordare
524 2197 590 2247 pau·

51 2249 171 2312 portatis
181 2263 256 2311 mee,
266 2256 292 2300 et
301 2251 446 2318 absynthii
459 2260 487 2304 et
493 2255 574 2319 fellis
580 2272 590 2316 ,·

54 2329 79 2369 et
109 2320 274 2384 respondere
306 2322 386 2372 debet
412 2323 495 2374 homo
523 2325 591 2376 illud

53 2393 126 2458 quod
149 2392 190 2443 ibi
213 2394 336 2460 sequitur
352 2396 510 2447 :Memoria
533 2414 591 2448 me-

53 2477 111 2513 mor
133 2477 192 2523 ero,
207 2470 233 2514 et
255 2464 371 2517 taberoet
388 2467 415 2516 in
439 2482 480 2518 me
500 2468 591 2519 arrr'ma

53 2548 120 2586 mea.
137 2535 168 2584 In
183 2534 268 2584 stellis
279 2551 342 2586 vero
356 2547 489 2602 quantum
501 2539 533 2588 ad
546 2540 591 2588 in-

52 2603 190 2669 cipientes,
199 2605 279 2655 debet
290 2620 348 2656 esse
356 2610 466 2672 signum
475 2623 553 2658 casus
564 2619 591 2659 et

53 2676 169 2742 propriae
193 2677 352 2742 dejectionis
376 2696 424 2744 per
434 2680 590 2731 defectuum

52 2747 248 2814 multiplicium
276 2750 410 2801 humilem
434 2753 592 2817 recognitio·

54 2835 126 2881 nem,
149 2821 185 2871 de
205 2837 261 2887 quo
291 2838 356 2873 casu
379 2825 476 2890 exponi
504 2835 592 2890 potest

55 2891 124 2943 illud
136 2894 344 2944 Proverbiorum
358 2911 364 2944 :
381 2897 488 2962 Septies
501 2897 530 2947 in
545 2898 591 2949 die

54 2964 133 3015 cadet
139 2964 243 3030 justus,
258 2972 284 3016 et
297 2973 436 3031 resurget.
452 2968 465 3017 J
469 2967 591 3019 ustifica-

53 3045 97 3085 tus
116 3034 193 3086 enim
218 3052 266 3102 per
293 3038 406 3103 gratiam
437 3039 486 3088 Dei
513 3040 589 3089 omni

54 3116 185 3171 tempore,
199 3108 273 3173 quod
287 3124 334 3174 per
343 3109 525 3174 septenarium
537 3125 591 3160 nu·

54 3190 162 3227 merum
185 3177 318 3238 innuitur,
341 3180 420 3229 debet
440 3181 532 3230 cadere
545 3195 592 3245 per

54 3246 193 3313 propriam
219 3248 441 3314 recognitionem,
473 3259 499 3299 et
527 3260 592 3300 tunc

53 3331 161 3383 semper
189 3328 250 3383 post
272 3321 377 3385 lapsum
404 3321 519 3387 resurgit
542 3337 591 3387 per

53 3387 153 3439 dune
163 3389 347 3440 miserationis
357 3390 588 3457 sublevationem

54 3457 163 3525 quoties
179 3459 254 3510 enim
266 3460 328 3527 quis
342 3475 390 3526 pro
406 3461 463 3512 suis
478 3462 590 3512 delecti-

54 3529 105 3581 bus
129 3530 301 3596 ingemuerit,
319 3533 399 3583 toties
412 3533 509 3584 divinae
522 3550 589 3600 pro-

54 3601 208 3667 pitiationis
241 3605 353 3669 gratiam
390 3605 443 3655 sibi
473 3606 590 3671 amplius

53 3672 215 3724 cumulabit.
232 3673 296 3723 Haec
306 3685 395 3724 autern
412 3674 491 3740 signa
504 3675 589 3725 facere

53 3744 83 3796 in
99 3745 226 3813 quolibet
240 3757 311 3798 statu
323 3764 379 3798 non
394 3758 435 3799 est
453 3763 485 3798 ex
499 3748 588 3812 nobis,

52 3819 101 3871 aad
117 3835 153 3871 ex
176 3821 397 3887 supereffluentia
423 3822 522 3873 divinae
537 3824 589 3872 bo-

55 3889 167 3955 nitatia3
183 3890 246 3943 ideo
261 3890 375 3958 Sapiens
387 3892 426 3943 sic
437 3904 496 3945 orat
509 3911 517 3945 ι
530 3893 587 3946 Mi·

650 404 742 442 serere
773 395 868 459 nostri,
901 396 977 446 Ders
1002 398 1126 460 omnium,
1153 405 1180 452 et

647 466 755 516 ostende
775 467 852 516 nobis
867 468 951 518 lacem
975 469 1179 522 miserationum

648 541 755 585 tuarum
764 551 774 597 ,·
794 548 820 586 et
838 538 954 588 subdit:
970 540 1073 591 Innova
1098 542 1178 608 signa

646 613 672 656 et
683 607 794 658 immuta
808 609 959 661 mirabilia.

678 677 694 728 6
711 680 851 729 Tunnarto
862 695 1008 731 cnmrunn
1020 697 1177 734 rimanti-

645 766 697 800 nrs.
710 778 740 787 —
752 751 877 800 Secundo
887 751 1048 801 describitur
1059 755 1176 805 turbatio

645 821 674 871 in
694 832 814 872 creatura
830 821 998 885 elementari,
1025 838 1086 872 cum
1105 825 1175 875 dici-

646 902 717 943 tur:
741 893 783 943 Et
802 892 828 942 in
855 893 936 942 terris
953 907 1086 957 pressura
1106 911 1176 961 gen-

645 963 710 1013 tium
719 977 782 1029 prae
795 962 951 1026 confusione
967 963 1072 1014 sonitus
1091 967 1177 1016 uraris

643 1043 670 1088 et
692 1037 826 1098 fluctuum.
849 1036 916 1085 Nam
941 1051 973 1084 ex
999 1036 1176 1102 impressione

644 1126 787 1176 corporum
805 1109 954 1159 coelestium
968 1109 1013 1159 fiet
1028 1113 1178 1163 commotio

644 1182 847 1232 elementorum.
868 1180 951 1231 Terra
965 1181 1038 1231 enim
1059 1198 1177 1234 commo-

644 1252 717 1302 tione
731 1250 958 1311 commovebitur,
974 1260 1001 1301 et
1015 1251 1043 1301 in
1057 1267 1115 1302 aere
1129 1269 1176 1304 ca-

644 1323 698 1388 ligo
716 1331 742 1373 et
762 1320 844 1378 venti,
868 1321 989 1370 tonitrua
1012 1332 1040 1371 et
1060 1321 1176 1388 fulgura,

644 1393 843 1445 coruscationes
862 1403 889 1443 et
904 1392 984 1443 variae
1005 1403 1177 1459 tempestates

644 1467 853 1533 generabuntur.
878 1466 907 1516 ln
928 1466 996 1515 mari
1019 1482 1128 1533 quoque
1151 1477 1177 1518 et

644 1539 788 1598 fluctibus,
827 1539 1023 1603 generabuntur
1062 1539 1176 1604 spiritus

644 1610 832 1676 procellarum,
846 1616 872 1657 et
886 1608 919 1657 ab
934 1608 1010 1657 intus
1020 1619 1047 1658 et
1058 1611 1091 1658 ab
1103 1621 1177 1662 extra

643 1679 831 1730 concutientes·
857 1693 930 1727 mare
952 1687 979 1727 et
1004 1677 1111 1738 fluctus,
1143 1696 1177 1730 ex

643 1765 763 1817 quorum
793 1747 977 1798 confractione
1004 1751 1176 1814 generabitur

643 1821 778 1871 maximus
787 1829 813 1868 et
825 1817 964 1868 horribilis
975 1832 1069 1878 sonus,
1079 1830 1107 1868 et
1120 1835 1176 1885 prae

642 1893 728 1943 nimia
741 1906 871 1957 aquarum
887 1889 953 1939 hinc
974 1889 1037 1940 inde
1050 1891 1178 1956 agitatio-

644 1981 679 2015 ne
691 1964 794 2028 absque
805 1961 911 2020 ordine,
925 1960 1001 2026 quasi
1017 1975 1099 2010 sonus
1109 1977 1176 2011 con-

643 2034 760 2087 fusionis
781 2032 926 2098 apparebit.
941 2032 976 2082 Et
998 2032 1111 2098 insuper
1133 2035 1177 2084 ad-

644 2107 695 2158 erit
726 2105 809 2155 etiam
835 2103 991 2153 incendium
1026 2103 1098 2169 ignis
1127 2105 1175 2170 qui

644 2186 792 2246 praecurret
819 2175 913 2226 netem
940 2175 1050 2238 iudicis,
1081 2176 1117 2226 ita
1146 2187 1178 2226 ut

645 2265 718 2301 mare
738 2259 764 2298 et
787 2246 879 2298 omnia
895 2246 1035 2296 credantur
1051 2249 1177 2299 consumi

648 2321 771 2380 omnino,
792 2319 900 2369 dicente
919 2318 1019 2368 Petro:
1034 2319 1176 2370 Elementa

644 2393 736 2446 calore
751 2390 897 2449 solventur,
912 2395 939 2438 et
958 2395 1033 2438 terra
1047 2395 1072 2438 et
1086 2391 1176 2440 orinia

644 2478 705 2530 quae
726 2463 753 2511 in
773 2475 805 2510 ea
832 2465 893 2509 sunt
914 2473 996 2524 opera
1017 2465 1175 2511 exurentur.

644 2537 684 2585 Ex
708 2532 809 2598 quibus
832 2530 960 2580 omnibus
985 2531 1065 2578 corda
1083 2530 1177 2579 homi-

645 2623 712 2657 num
736 2603 823 2654 nimio
844 2612 945 2652 terrore
979 2602 1175 2664 concutientur,

644 2691 671 2730 et
690 2676 818 2728 homines
850 2674 958 2724 attoniti
982 2673 1059 2739 quasi
1085 2674 1176 2739 fugere

644 2751 776 2807 volentes,
798 2757 824 2796 et
845 2754 954 2811 propter
970 2744 1096 2793 tenebras
1111 2745 1178 2794 hor-

644 2823 741 2873 rendas
755 2835 784 2870 so
798 2830 893 2868 mutuo
909 2817 999 2866 videre
1018 2831 1072 2865 non
1088 2817 1178 2866 valen-

644 2905 693 2954 tes,
715 2891 890 2943 discurrendo
920 2904 948 2938 se
972 2889 1089 2938 invicem
1114 2904 1177 2954 pre-

645 2977 729 3026 ment,
748 2976 774 3015 et
795 2961 973 3028 impingendo
987 2960 1178 3026 compriment,

644 3048 675 3089 ut
693 3038 739 3087 fiat
758 3047 891 3101 pressura
916 3032 1043 3097 gentium,
1067 3041 1093 3081 et
1118 3040 1179 3081 ruat

644 3124 717 3160 unus
729 3123 810 3172 super
823 3105 908 3155 alium
919 3120 950 3154 ex
967 3120 1098 3153 concursu
1111 3104 1179 3153 mul·

645 3191 736 3229 torum
752 3177 908 3227 timentium
921 3175 955 3224 ab
964 3174 1043 3240 aquis
1054 3174 1179 3224 absorbe·

644 3252 677 3312 ri,
690 3260 717 3300 et
729 3250 762 3299 ab
776 3249 838 3315 igne
851 3257 878 3297 et
893 3246 1099 3312 tempestatibus
1108 3259 1176 3293 con-

644 3324 725 3385 sumi,
755 3332 781 3371 et
809 3320 958 3371 secundum
989 3318 1040 3366 hoc
1067 3314 1175 3381 proprie

644 3394 744 3445 dicitur
770 3405 914 3458 pressura,
949 3388 1026 3454 quasi
1053 3400 1178 3451 premens

645 3480 746 3515 suram.
767 3461 884 3512 Maxime
900 3469 990 3510 autem
1005 3457 1087 3522 hujus
1100 3470 1178 3520 pres-

645 3550 715 3585 surae
739 3547 818 3583 causa
843 3532 894 3581 erit
919 3529 1024 3580 sonitus
1046 3526 1131 3576 maris
1152 3530 1179 3575 et

637 3606 791 3674 fluctuum,
827 3601 891 3668 quia
937 3614 1010 3649 mare
1049 3595 1178 3647 inusitato

645 3677 727 3727 modo
752 3672 907 3724 terribiliter
929 3669 1032 3727 fremet,
1057 3677 1083 3717 et
1102 3666 1184 3715 littus.

645 3747 729 3797 maris
748 3742 934 3797 vehementius
954 3739 1099 3806 agitabitur
1113 3747 1180 3787 tem-

664 3829 757 3871 estate.

644 3837 661 3887 p
675 3908 691 3956 7
705 3891 845 3940 Tunmrto
861 3899 1006 3938 cararum
1019 3895 1184 3934 rmrrorourt-v
