2632 4320
145 288 180 339 ab
444 287 621 339 smUNDAE
636 285 762 337 PARTlS
778 287 898 342 CAPUT
914 290 959 342 111.

146 407 220 457 salus
233 414 259 455 et
271 402 339 454 rita!
357 403 398 454 llli
412 402 487 454 enim
499 412 623 469 surgunt,
636 401 677 452 illi

145 479 205 530 sine
213 479 312 528 timore
321 486 348 526 et
354 475 441 527 securi
449 475 527 527 fiunt.
538 477 676 541 Rogemus

146 567 211 617 ergo
218 567 282 600 eum⁴
290 559 352 602 utet
360 560 513 615 nostangat‚
523 560 549 600 et
556 565 677 599 asomno

146 619 265 685 stuporis
275 619 469 685 etinsipientiae
478 620 678 686 excitet3atque

145 692 179 742 ad
193 707 221 741 se
240 690 387 741 videndum
408 691 485 742 nobis
506 693 599 742 oculos
613 705 678 756 ape-

145 763 205 814 riat.
230 763 321 813 Dulcis
346 763 451 815 amicus
472 774 522 825 est,
546 763 609 829 quia
636 763 679 829 pie

145 836 298 886 consolatur
318 845 343 885 et
362 846 484 900 potenter
499 836 612 900 adiuvat.
637 834 680 884 Ad

145 915 245 956 tactum
266 915 370 971 ergoet
392 905 602 956 consolationem
616 906 680 955 lesu

146 976 324 1034 miseratoris,
349 977 399 1042 qui
421 977 561 1042 prostratis
585 977 680 1027 dexte-

145 1064 203 1098 ram
219 1049 253 1098 acl
266 1047 427 1100 beneficium
447 1049 540 1100 auxilii
556 1048 678 1115 porrigit,

145 1129 174 1170 et
185 1120 299 1184 jacentes
319 1119 406 1185 erigit,
422 1120 548 1185 discipuli
564 1135 679 1184 surgen-

145 1198 186 1240 tes
211 1206 259 1240 nec
283 1191 404 1256 Moysen,
424 1206 473 1242 nec
493 1190 582 1241 Ellam
601 1189 679 1240 vide-

146 1270 225 1322 runt;
251 1261 297 1310 sed
321 1262 409 1312 solum
432 1263 523 1312 lesum
546 1260 680 1326 infigura

146 1341 291 1391 eonsueta,
319 1347 373 1398 qua
400 1332 550 1383 conversari
578 1332 681 1382 solebat

146 1405 216 1455 inter
239 1420 296 1455 eos.
319 1406 472 1456 Secundum
494 1405 680 1468 Glossam,si

147 1479 255 1543 Moyses
267 1489 294 1527 et
311 1478 383 1529 Elias
395 1479 616 1544 perseverassent,
629 1494 681 1528 vox

149 1550 234 1601 Patris
253 1550 389 1601 uideretur
404 1552 513 1612 incerta,
529 1551 572 1602 cui
591 1551 681 1616 potius

146 1621 335 1672 testimonium
357 1622 488 1685 dedissem
505 1632 532 1672 et
555 1621 614 1671 ideo
636 1637 681 1672 re-

147 1702 284 1742 cesserunt
296 1692 345 1751 illi,
364 1708 401 1742 ne
417 1692 450 1742 ad
464 1709 511 1744 eos
528 1709 580 1743 vox
597 1693 682 1743 Patris

147 1760 205 1831 fieri
221 1773 367 1828 putaretur,
384 1764 430 1814 sed
443 1775 474 1815 ut
492 1765 524 1815 ad
539 1765 628 1814 solum
642 1764 682 1813 Je-

146 1848 210 1884 sum
223 1834 353 1899 pertinere
364 1834 567 1901 intelligeretur.
576 1836 680 1900 Allego-

148 1907 213 1965 rice,
226 1909 311 1958 ablata
329 1909 411 1966 nube,
424 1909 550 1958 viderunt
568 1909 680 1973 Moysen

148 1986 176 2028 et
186 1977 271 2027 Fliam
285 1979 434 2037 evanuisse,
448 1994 478 2029 ac
487 1980 576 2028 solum
590 1978 681 2029 lesum

148 2048 324 2112 remansisse;
348 2048 413 2115 quia
436 2061 579 2114 postquam
602 2049 682 2114 Legis

148 2129 176 2171 et
203 2119 398 2184 Prophetarum
425 2120 522 2170 umbra
549 2120 681 2180 discessit,

149 2206 210 2256 quae
224 2191 301 2255 quasi
321 2191 392 2242 nube
411 2191 555 2257 Apostolos
572 2201 680 2255 texerat,

148 2261 273 2312 viderunt
288 2277 361 2325 eum,
375 2272 402 2313 et
415 2262 551 2328 Scriptura
569 2262 625 2312 illis
637 2277 682 2312 re-

148 2333 236 2383 velata
250 2332 316 2396 fuit,
332 2343 358 2383 et
374 2333 561 2400 Evangelium,
579 2333 606 2382 in
627 2349 682 2399 quo

149 2415 295 2470 utrumque
315 2406 457 2472 reperitur,
471 2407 562 2458 solum
582 2421 683 2457 mman-

149 2475 195 2528 sit.

182 2567 202 2618 p
223 2551 422 2602 Cousauamrrr
442 2566 523 2602 taran
546 2566 683 2601 assuens-

150 2635 264 2672 mroirmr
287 2639 414 2673 rurum
437 2639 470 2672 ur
492 2623 616 2673 mmsm
636 2636 683 2672 sa-

151 2704 322 2742 caauuurun.
345 2720 376 2730 ·-
399 2693 554 2742 Notandum
579 2702 682 2752 autem,

150 2765 299 2814 secundum
330 2765 480 2824 Gloriam,
510 2764 583 2829 quod
617 2763 684 2814 bene

151 2837 277 2887 convenit
292 2837 450 2902 mysterium
466 2836 591 2886 secundae
608 2850 684 2901 rege·

151 2908 306 2967 necationis,
321 2923 381 2974 quae
403 2908 504 2959 scilicet
525 2906 577 2956 erit
597 2906 625 2955 in
640 2921 684 2956 re·

151 2979 323 3038 surrectione,
337 2979 383 3030 ubi
399 2995 459 3029 caro
473 2977 683 3036 resuscitabitur,

150 3065 213 3100 curn
231 3049 360 3115 mysterio
384 3049 489 3114 primae,
511 3063 572 3115 quae
594 3058 634 3098 est
655 3047 683 3097 in

150 3118 323 3189 Baptismate,
335 3118 382 3169 ubi
396 3118 487 3168 anima
503 3117 683 3168 resuscitatur.

150 3189 182 3240 In
198 3189 359 3254 Baptismate
377 3189 452 3239 enlm
466 3187 569 3240 Christi
587 3202 683 3268 opera-

110 3278 112 3283 ’
149 3261 189 3311 tio
198 3259 344 3310 Trinitatis
355 3271 465 3311 ostensa
476 3269 532 3309 est:
545 3259 596 3309 fuit
610 3259 683 3309 enim

150 3331 190 3383 ibi
213 3332 299 3383 Filius
322 3331 485 3391 incarnatus,
508 3330 661 3397 apparuit'
655 3347 684 3380 m

151 3405 241 3469 specie
254 3404 387 3455 columbae
396 3404 512 3469 Spiritus
525 3406 648 3461 Sanctus,
658 3413 684 3451 et

150 3474 230 3527 Pater
243 3475 295 3527 fuit
308 3475 345 3525 ibi
360 3474 390 3524 in
404 3490 469 3525 voce
480 3475 637 3524 declaratus.
650 3472 684 3523 Et

150 3544 276 3597 similiter
302 3545 331 3596 in
357 3544 597 3611 transfiguratione,
623 3559 684 3609 quae

150 3625 191 3666 est
214 3625 410 3668 sacramentum
428 3615 555 3666 secundae
571 3629 683 3680 regene-

149 3688 278 3750 rationis,
303 3700 363 3741 tota
381 3689 505 3740 Trinitas
528 3687 682 3756 apparuit:

152 3759 229 3808 Pater
253 3759 282 3810 in
305 3776 381 3821 uoce,
401 3759 488 3811 Filius
510 3758 539 3808 in
562 3758 682 3818 homine,

150 3828 272 3895 Spiritus
282 3830 394 3881 Sanctus
408 3830 438 3880 in
452 3827 534 3880 nube.
544 3829 611 3879 Nam
629 3830 683 3895 glo

150 3901 223 3954 mam
242 3901 331 3964 illius,
361 3918 446 3970 quam
473 3902 553 3953 modo
580 3901 609 3954 in
629 3903 683 3954 Ba·

730 404 855 467 ptismate
877 408 1015 459 credentes
1042 406 1211 468 confitemur,
1235 407 1264 458 in

731 480 923 531 resurrectione
939 481 1069 531 ‘videntes
1097 479 1264 531 collaudabi-

732 564 802 602 mus.
824 551 880 602 Nec
904 551 1005 603 frtrsna
1017 552 1135 617 Spiritus
1151 553 1266 603 Sanctus

731 619 776 669 hic
788 621 817 671 in
829 621 916 672 lucida
929 623 1009 681 nube,
1028 622 1083 673 illic
1097 623 1127 672 in
1141 621 1267 672 columba

731 692 864 757 apparuit.
878 694 955 744 Dona
975 694 1048 745 enirn
1069 710 1119 744 sua
1141 709 1188 758 per
1202 707 1267 758 spe-

725 764 787 815 cies
811 764 943 816 declarare
970 767 1057 829 solet;
1083 765 1266 816 innocentiam

732 845 822 886 autem
845 836 874 886 in
900 836 1063 902 Baptismate
1085 838 1180 895 donat,
1204 849 1267 902 quae

733 922 780 972 per
802 923 879 958 avem
900 907 1080 974 simplicitatis
1096 907 1267 971 designatum

733 981 845 1031 daturus
857 991 898 1032 est
911 991 1000 1030 autern
1020 978 1166 1030 claritatem
1181 987 1209 1028 et
1221 992 1267 1027 re-

734 1050 872 1118 frigerium
893 1052 921 1100 in
936 1050 1139 1108 resurrectione,
1157 1058 1185 1098 et
1206 1047 1268 1097 ideo

734 1123 763 1174 in
787 1124 859 1174 nube
879 1122 1057 1189 refrigerium,
1072 1131 1098 1171 et
1120 1120 1149 1169 in
1162 1119 1268 1183 fulgore

735 1194 816 1243 nubis
829 1194 935 1244 claritas
955 1190 1154 1258 resurgentium
1168 1202 1268 1270 corpu·

734 1283 797 1317 rum
810 1265 950 1332 figuratur
961 1265 1015 1325 Qui
1029 1263 1102 1314 enirn
1119 1276 1194 1311 nunc
1206 1260 1270 1311 sim·

735 1337 797 1404 plici
823 1337 903 1387 corde
924 1334 1005 1386 fidem
1030 1348 1112 1400 quam
1139 1329 1269 1413 percipit,

735 1420 840 1473 sarran,
868 1419 933 1460 tunc
965 1409 1025 1458 luce
1047 1414 1147 1471 apertae
1174 1401 1270 1452 visio-
1281 1403 1285 1411 “

734 1484 776 1533 ais
788 1482 861 1548 quod
874 1480 1021 1531 crediderat
1032 1475 1269 1556 contemplabitur,

734 1555 846 1620 ipsaque
852 1563 941 1618 quarn
957 1547 1136 1600 lustrabitur'
1131 1562 1159 1595 ιιι
1179 1560 1272 1612 perpe·

734 1636 812 1677 tuum
827 1623 910 1689 gratia
925 1629 1087 1687 protegetur.

769 1712 801 1747 ro
813 1697 917 1745 Sarrarr
929 1706 1056 1742 narrouas
1068 1703 1187 1738 reomau
1202 1701 1270 1746 Quas

733 1771 881 1821 Arosronrs
895 1778 1022 1815 raacmr
1036 1763 1158 1812 Donruus
1172 1775 1207 1810 aa
1227 1773 1272 1810 cm

734 1850 1004 1890 raansrrouaarronrs
1023 1847 1148 1883 vrsrouau
1166 1844 1270 1880 armar.

735 1937 766 1948 -
789 1909 828 1959 Et
851 1907 1013 1958 descendens
1037 1903 1118 1952 Jerur
1144 1915 1207 1950 cum
1227 1899 1271 1951 dr·-

735 1979 847 2047 scipulis
871 1978 904 2029 de
932 1981 1032 2036 monte,
1055 1971 1192 2054 'precepit
1221 1970 1269 2032 eis,

736 2060 891 2130 praecepto
893 2043 1088 2102 instructionis,
1112 2052 1144 2092 ut
1168 2039 1270 2091 nemini

734 2122 852 2172 dicerent
867 2118 1000 2169 visionem
1019 2117 1054 2166 de
1073 2115 1160 2182 gloria
1181 2125 1271 2164 trans·

735 2189 920 2258 figurationis,
948 2199 1010 2240 ante
1037 2201 1114 2237 suam
1143 2197 1270 2235 resurre-

735 2263 853 2314 ctionem
873 2276 888 2310 a
911 2259 1058 2310 mortuis:
1084 2255 1251 2323 primo‚se

736 2338 857 2389 cundum
884 2336 1094 2401 Hieronymum,
1114 2345 1148 2380 ne
1168 2329 1270 2379 dictum

737 2424 795 2460 esse
816 2406 992 2464 incredibile,
1016 2414 1125 2470 propter
1147 2401 1186 2451 rei
1211 2414 1270 2450 ma-

714 2474 716 2479 ’
739 2480 920 2548 gnitudinem,
929 2478 1080 2539 videretur,
1092 2475 1219 2535 secundo,
1229 2487 1271 2523 se·

737 2551 854 2602 cundum
893 2549 1039 2610 Thomam,
1075 2561 1109 2595 ne
1145 2541 1273 2594 homines

736 2625 877 2676 audientes
894 2633 949 2672 tam
973 2620 1090 2688 gloriosa
1109 2619 1142 2668 de
1167 2633 1199 2668 eo
1220 2615 1271 2667 di-

737 2696 772 2756 ci,
788 2695 1029 2747 scandalizarentur
1046 2703 1137 2757 postea
1151 2687 1271 2739 videnter

737 2783 799 2817 eum
811 2763 943 2830 crucifigi3
960 2762 1048 2820 tertio,
1057 2759 1208 2811 secundum
1221 2756 1272 2809 Ro·

738 2838 862 2904 migium,
881 2851 915 2885 ne
934 2833 1086 2900 praedicatio
1100 2831 1192 2898 gloriae
1206 2830 1272 2880 Pas·

738 2908 824 2959 sionis
847 2907 966 2956 fructum
988 2903 1140 2969 impediret,
1163 2899 1229 2966 quia
1249 2899 1272 2951 is

738 2980 861 3045 majestas
884 2977 961 3028 illius
973 2975 1068 3026 fuisset
1082 2971 1249 3039 divulgata
1242 2986 1270 3022 m

739 3050 848 3117 populo,
866 3046 977 3114 plurimi
1000 3044 1153 3096 resistendo
1173 3041 1272 3124 princi·

739 3121 821 3187 pibus
845 3119 1015 3169 sacerdotum
1036 3114 1191 3166 Passionem
1215 3113 1271 3178 ejus

739 3189 959 3257 impedivissent,
991 3198 1018 3238 et
1049 3186 1089 3236 sic
1122 3183 1271 3250 redemptio

739 3260 851 3312 humani
874 3259 979 3326 generis
1002 3256 1132 3308 retardata
1158 3253 1270 3317 fuisset3

738 3341 843 3398 quarto,
864 3330 1013 3380 secundum
1035 3325 1188 3388 Hilarium,
1207 3323 1273 3391 quia

739 3413 803 3453 tunc
816 3400 949 3452 debebant
961 3414 1020 3449 esse
1030 3408 1110 3448 testes
1121 3394 1272 3446 divinitatis

728 3473 851 3531 Christi,
865 3487 927 3521 cum
948 3479 1037 3519 essent
1057 3467 1159 3532 Spiritu
1173 3467 1273 3516 Sancte>

738 3544 841 3613 repleti,
858 3553 884 3595 et
904 3543 939 3594 ad
960 3552 1042 3593 tantae
1061 3539 1174 3591 visionis
1193 3535 1272 3589 testi·

739 3613 866 3666 monium
889 3613 1087 3680 perhibendum
1112 3607 1272 3672 confortati;

739 3686 855 3769 quinto,
881 3685 1031 3735 secundum
1059 3681 1271 3743 Damascerrrrm,

738 3759 803 3825 quia
814 3756 859 3807 alii
874 3755 1002 3838 discipuli
1016 3754 1104 3806 adhuc
1124 3751 1272 3819 imperfecti

738 3829 853 3880 fuissent
876 3827 983 3887 tristati,
1005 3826 1077 3892 quod
1099 3825 1169 3874 hanc
1191 3822 1274 3876 visio-

739 3916 803 3953 nem
816 3917 874 3952 non
886 3898 1026 3958 vidissent,
1040 3906 1068 3946 et
1084 3896 1168 3947 ludas
1184 3893 1273 3963 magis
