2632 4320
288 307 336 358 DE
349 305 468 359 DIVITE
482 305 649 359 EPULONE
665 305 712 358 ET
728 305 867 358 LAZARO
884 306 1056 359 MENDICO.

104 434 183 476 rectae
197 424 261 475 fidei
277 424 356 475 nobis
372 433 412 475 est
432 422 534 474 utilitas
545 423 577 473 ad
592 422 638 473 sa'-

104 496 198 555 lutem,
223 494 280 545 haec
301 509 362 544 cum
382 493 564 544 audierimus?
582 491 638 542 lllie

103 575 144 616 est
158 564 260 615 stridor
273 565 405 625 dentium,
419 574 446 615 et
459 564 575 615 tenebroe
589 579 639 614 ex-

105 635 226 696 teriores,
248 644 275 686 et
292 636 363 701 ignis
379 628 502 701 paratu's3
523 634 569 685 hic
588 650 637 685 au-

105 716 159 756 tem
179 715 245 757 sunt
265 705 424 766 inimicitiae,
445 705 635 767 accusationes,

106 779 297 840 detractiones,
322 778 447 845 pericula,
475 776 638 828 sollicitudi-

106 864 161 910 nes,
188 849 303 909 insidiae,
327 860 353 900 et
373 850 406 900 ab
426 848 556 899 omnibus
575 847 637 898 odio

106 920 208 983 haberi,
229 921 309 973 etiam
330 922 364 973 ab
381 922 424 972 his
443 922 490 988 qui
514 921 639 972 videntur

105 991 216 1044 adulari.
242 993 407 1059 Philargium
430 992 548 1058 denique
571 990 638 1042 uni·

104 1063 173 1114 versi
192 1063 275 1114 simul
297 1063 464 1123 contristant,
485 1073 511 1113 et
532 1061 638 1128 impro-

104 1134 209 1200 perium
238 1135 365 1186 ultimum
396 1144 435 1186 est
461 1133 579 1186 avaritia.
608 1132 636 1182 Si

103 1205 174 1255 enim
191 1206 317 1272 pecunias
331 1205 466 1272 despicere
479 1221 535 1257 non
552 1202 637 1255 susti·

104 1285 156 1336 net,
182 1277 322 1344 quomodo
346 1276 485 1342 superabit
512 1291 633 1342 unquam

102 1346 363 1412 concupiscentiam,
391 1357 417 1397 et
439 1347 530 1414 gloriae
560 1346 634 1397 insa-

101 1418 183 1478 niam,
205 1429 232 1470 et
254 1419 372 1470 furorem
397 1430 423 1470 et
442 1418 530 1470 iram?
545 1438 558 1467 s
574 1419 632 1469 haec

101 1490 323 1557 Chrysostomus.

134 1559 164 1611 13
187 1561 277 1611 Truoa
298 1576 396 1611 orurrrs
416 1576 490 1611 crans
505 1576 568 1612 suos
584 1577 633 1611 rn-

101 1645 210 1682 aanres.
226 1659 256 1668 -
272 1631 417 1697 Postquam
437 1646 510 1697 ergo,
523 1641 553 1682 ut
570 1631 634 1683 dicit

102 1700 263 1768 Gregorius,
277 1702 381 1753 ardenti
396 1702 471 1752 diviti
486 1703 518 1752 de
532 1718 561 1753 se
572 1719 634 1768 spes

101 1773 214 1836 tollitur,
227 1774 283 1838 ejus
293 1774 399 1824 animus
411 1775 444 1824 ad
456 1775 632 1841 propinquos,

101 1858 169 1909 quos
188 1844 342 1911 reliquerat,
358 1845 478 1896 recurrit.
492 1845 567 1896 Unde
588 1861 632 1896 se-

101 1915 194 1981 quitur
212 1918 316 1983 :Rogo
340 1932 407 1984 ergo
433 1924 466 1981 te,
490 1923 578 1983 pater,
605 1923 634 1967 ut

100 1987 192 2039 mittas
212 2001 270 2038 eum
290 1988 317 2038 in
334 1988 438 2040 domum
458 1988 549 2056 patris
571 1989 631 2039 mei.

99 2060 195 2112 Habeo
217 2062 287 2112 enim
318 2062 430 2128 quinque
451 2061 573 2127 fratres,
604 2067 633 2112 ut

99 2137 212 2182 testetur
234 2132 299 2195 iilis,
316 2149 348 2184 ne
367 2139 392 2183 et
406 2134 460 2200 ipsi
474 2134 580 2184 ueniant
604 2133 631 2183 in

97 2204 182 2255 locum
207 2205 276 2256 hunc
297 2207 504 2258 tormentarium.
521 2208 581 2257 Non
593 2206 630 2256 di·

98 2279 135 2329 xit
155 2278 208 2330 hoc
229 2279 339 2331 caritate
354 2281 458 2341 ductus,
476 2297 558 2348 quam
569 2290 631 2332 ante

97 2358 212 2399 mortem
238 2365 293 2400 non
324 2351 437 2411 habuit,
469 2367 517 2402 nec
541 2360 631 2416 postea

97 2418 255 2486 acquisivit;
272 2422 317 2471 sed
332 2420 429 2471 timore
442 2421 541 2482 servili,
555 2437 589 2472 ne
603 2421 630 2472 in

97 2488 219 2554 ipsorum
233 2491 369 2543 consortio
386 2493 443 2557 ejus
456 2509 535 2558 poena
547 2509 631 2560 auge-

97 2572 178 2625 retur,
203 2564 268 2629 quia
288 2563 373 2615 fuerat
388 2565 427 2616 eis
444 2566 546 2617 occasio
568 2582 631 2633 pec-

97 2635 190 2700 candi,
227 2646 286 2686 tum
317 2636 420 2687 ratione
453 2636 628 2699 divitiarum,

96 2719 163 2770 quas
176 2706 216 2757 eis
231 2706 369 2758 dimiserat
382 2708 420 2758 ad
428 2708 553 2769 abusum,
572 2719 629 2761 tum

96 2776 220 2842 exemplo
233 2778 311 2828 malae
324 2777 395 2838 vitae,
408 2779 481 2844 quod
495 2779 534 2831 eis
548 2780 630 2830 dede-

97 2855 136 2897 rat
160 2847 194 2898 ad
218 2849 394 2914 sequendum.
419 2850 497 2900 Unde
520 2851 630 2916 Grego-

98 2916 179 2968 rius:
195 2936 209 2965 α
231 2919 291 2978 Qua
310 2917 338 2968 in
359 2935 387 2970 re
410 2921 559 2977 notandum
590 2932 630 2973 est

97 2989 200 3040 ardenti
221 2989 297 3040 diviti
316 3002 415 3057 quanta
431 2993 562 3058 supplicia
583 3010 630 3044 cu-

97 3062 244 3129 mulantur.
253 3063 295 3112 Ad
305 3079 411 3128 poenam
422 3079 539 3131 namque
550 3081 626 3116 suam

96 3134 119 3184 el
144 3135 265 3201 cognitio
290 3147 409 3188 servatur
436 3148 462 3188 et
486 3138 628 3190 memoria.

96 3204 230 3271 Cognovit
262 3206 337 3257 enim
367 3209 517 3268 Lazarum,
546 3225 627 3276 quem

94 3273 230 3341 despexit3
250 3287 276 3327 et
296 3276 408 3327 fratrum
430 3294 542 3328 suorum
566 3295 626 3330 nte-

95 3345 182 3407 minit,
200 3362 270 3413 quos
290 3347 407 3414 reliquit.
424 3349 461 3400 Ut
479 3349 553 3400 enirn
569 3366 629 3415 pec-

94 3425 194 3467 catores
220 3417 249 3467 in
273 3418 405 3484 supplicio
429 3420 544 3485 amplius
575 3437 628 3486 pu-

97 3485 204 3537 niantur
228 3504 235 3537 :
258 3499 284 3538 et
304 3504 397 3539 eorum
409 3490 500 3540 vident
514 3491 628 3556 gloriam

96 3571 163 3622 quos
183 3568 410 3625 contempserunt,
424 3571 449 3611 et
469 3561 502 3613 de
519 3563 628 3614 illorum

97 3642 173 3691 poena
204 3641 366 3697 torquentur
394 3648 463 3698 quos
497 3633 629 3685 inutiliter

97 3711 291 3753 amaverunt.»
311 3704 412 3754 Petenti
427 3715 515 3755 autem
539 3706 627 3770 diviti,

99 3782 127 3822 ut
141 3773 256 3825 Lazarus
271 3775 421 3826 mitteretur
433 3777 466 3827 ab
480 3779 627 3839 Abraham,

99 3846 221 3910 protinus
232 3849 408 3915 respondetur
418 3851 540 3901 :Habent
548 3851 631 3918 Moy-

100 3929 154 3977 sen,
172 3917 220 3984 qui
237 3918 329 3969 docuit
349 3921 461 3972 moralia
477 3931 503 3972 et
517 3923 628 3988 agenda,

1177 306 1225 358 133

689 427 715 472 et
734 422 894 489 Prophetas,
919 423 967 491 qui
989 423 1140 474 docuerunt
1166 438 1227 488 my-

690 492 754 543 stica
767 502 793 542 et
808 493 949 555 credenda,
966 504 992 544 et
1013 494 1064 544 ista
1085 491 1226 543 sufficiunt

689 565 721 615 ad
734 565 860 628 salutem;
877 566 938 617 ideo
947 567 1069 634 sequitur
1084 583 1091 616 ι
1106 567 1227 617 Audiam

690 635 760 687 illos.
776 635 809 686 Et
828 652 861 686 ex
879 637 931 688 hoc
946 648 1017 703 patet
1030 637 1103 705 quod
1118 636 1168 687 iste
1181 636 1225 686 di-

689 723 735 758 ves
755 717 781 758 et
805 708 898 758 fratres
920 711 978 774 ejus
1002 721 1076 760 erant
1098 710 1131 760 de
1148 717 1225 774 gente

689 779 854 839 Judaeorum,
873 779 938 846 quia
958 781 1079 831 Gentiles
1096 797 1150 830 non
1174 780 1224 830 ha-

690 847 788 899 bebant
800 848 947 899 doctrinam
958 849 1059 916 Moysis
1073 861 1098 901 et
1108 850 1225 916 Prophe·

688 928 792 982 tarum;
806 929 836 970 ut
845 920 917 970 enim
928 920 993 970 dicit
1005 921 1223 988 chrysostomus,

689 999 764 1040 vocat
791 989 836 1040 hie
866 990 986 1059 Moysen
1011 995 1037 1040 et
1061 991 1222 1057 Prophetas,

690 1059 789 1125 scripta
802 1061 916 1111 Mosaica
930 1070 955 1111 et
975 1061 1139 1127 prophetica.
1162 1061 1223 1119 Sed,

690 1139 719 1180 ut
738 1131 803 1182 dicit
824 1132 984 1198 Gregorius,
1005 1132 1052 1198 qui
1073 1133 1122 1182 Dei
1143 1132 1224 1182 verba

689 1203 852 1268 despexerat,
878 1203 935 1253 haec
955 1204 1048 1254 audire
1067 1218 1121 1252 non
1146 1217 1224 1268 posse

688 1287 752 1324 suos
766 1289 892 1340 sequaces
908 1274 1074 1337 aestimabat3
1095 1274 1167 1323 unde
1179 1289 1223 1325 se-

687 1344 781 1410 quitur
796 1348 852 1396 :At
866 1346 912 1397 ille
926 1346 1002 1397 dixit
1019 1362 1028 1397 :
1047 1346 1120 1406 Non,
1139 1350 1221 1410 pater·

686 1418 831 1481 Abraham,
852 1419 901 1470 sed
920 1420 945 1470 si
967 1420 1027 1485 quis
1049 1433 1087 1469 ex
1110 1417 1223 1468 mortuis

686 1487 749 1538 ierit
762 1489 799 1539 ad
813 1503 866 1550 eos,
879 1490 1064 1555 poenitentiam
1080 1494 1173 1554 agent.
1191 1490 1221 1537 ln

685 1574 740 1626 quo
757 1560 876 1626 implicat
892 1562 966 1628 quod
988 1571 1060 1611 extra
1084 1560 1219 1626 poeniten-

686 1631 751 1680 tiam
762 1641 846 1690 erant,
862 1642 887 1681 et
899 1647 946 1697 per
960 1645 1126 1696 consequens
1140 1629 1168 1679 in
1180 1630 1223 1681 via

685 1701 809 1753 veniendi
824 1702 857 1752 ad
872 1701 970 1752 inferni
983 1711 1125 1752 tormenta.
1138 1700 1220 1760 Quasi

685 1772 783 1823 diceret
797 1789 804 1821 :
818 1773 882 1823 Plus
896 1772 1006 1822 credent
1017 1782 1125 1821 mortuo
1138 1787 1220 1837 quam

684 1844 836 1909 Scripturae,
850 1844 916 1894 moti
927 1859 958 1893 ex
971 1844 1070 1893 nuntio
1083 1844 1120 1894 sic
1136 1844 1220 1894 mira·

684 1914 775 1965 biliter
788 1915 827 1966 eis
841 1925 993 1981 apparente.
1018 1914 1070 1964 Sed
1091 1929 1155 1964 mox
1176 1914 1220 1963 di-

683 1986 732 2037 viti
755 1987 886 2037 sententia
909 1985 995 2037 veraci
1017 1985 1219 2053 respondetur:

684 2057 717 2109 Si
732 2058 860 2126 Moysen,
877 2058 924 2123 qui
938 2057 989 2108 fuit
1009 2068 1089 2108 tantae
1111 2056 1222 2107 auctori-

683 2130 753 2191 tatis,
769 2137 795 2181 et
805 2131 965 2196 Prophetas,
978 2131 1025 2197 qui
1039 2129 1149 2181 fuerunt
1163 2139 1220 2180 tan·

683 2211 717 2252 tae
738 2201 896 2263 sanctitatis,
912 2218 963 2254 non
981 2202 1103 2262 audiunt,
1127 2201 1220 2251 auditu

683 2272 816 2334 interiori,
839 2289 921 2340 neque
940 2274 965 2324 si
979 2274 1039 2340 quis
1051 2288 1088 2325 ex
1104 2272 1216 2324 mortuis

682 2345 875 2407 resurrexerit,
891 2346 999 2396 credent
1010 2347 1045 2396 ei.
1060 2346 1119 2395 Hoc
1134 2343 1219 2410 patuit

683 2431 730 2482 per
750 2416 889 2476 effectum,
914 2416 979 2482 quia
1013 2417 1113 2466 Lazaro
1141 2413 1216 2464 fratri

683 2487 772 2538 Mariae
800 2498 826 2538 et
858 2487 969 2538 Marthae
995 2487 1158 2553 resurgenti,
1191 2495 1217 2536 et

683 2557 791 2607 Christo
822 2557 1009 2607 testimonium
1042 2555 1215 2622 perhibenti,

683 2647 738 2680 non
766 2630 952 2690 crediderunt,
974 2629 1021 2679 sed
1043 2628 1129 2694 magis
1154 2643 1217 2679 eum

682 2702 803 2753 occidere
828 2702 988 2766 voluerunt3
1018 2699 1144 2750 similiter
1167 2713 1216 2751 nec

682 2775 792 2827 Christo
803 2775 954 2841 resurgenti
972 2775 1151 2834 crediderunt,
1167 2773 1214 2823 sed

682 2848 768 2915 magis
791 2849 858 2899 falso
881 2856 1024 2899 suaserunt
1049 2847 1140 2912 ipsum
1158 2861 1213 2896 non

682 2920 868 2982 resurrexisse,
884 2929 910 2968 ct
926 2934 1022 2984 corpus
1043 2933 1058 2969 a
1073 2917 1213 2983 discipulis

681 2992 743 3042 suis
760 2991 879 3043 furatum
901 2991 994 3042 fuisse.
1010 2992 1088 3043 Unde
1102 2991 1213 3056 Grego-

680 3061 759 3112 rius:
775 3081 789 3109 n
803 3062 873 3122 Quia
895 3063 918 3112 si
938 3063 1018 3112 verba
1031 3061 1111 3128 Legis
1123 3059 1214 3126 despi-

680 3131 763 3192 ciunt,
776 3132 965 3197 Redemptoris
979 3142 1108 3198 praecepta
1120 3131 1167 3196 qui
1183 3145 1215 3180 ex

681 3203 795 3253 mortuis
818 3203 970 3263 resurrexit,
992 3211 1092 3270 quanto
1117 3199 1216 3250 diffici-

680 3274 747 3326 liora
765 3286 837 3335 sunt,
852 3285 925 3326 tanto
938 3276 994 3326 haec
1005 3273 1143 3325 difficilius
1161 3272 1216 3321 im-

681 3349 800 3415 plebunt.
825 3370 838 3398 rr
859 3350 915 3401 Ubi
935 3359 961 3401 et
976 3350 1215 3417 chrysostomus:

682 3441 695 3468 n
710 3423 857 3474 Considera
870 3423 943 3489 quod
966 3421 1081 3489 quisque
1094 3427 1217 3467 mortuus

681 3509 773 3545 servus
796 3505 852 3559 est;
867 3507 1033 3560 quaecunque
1047 3504 1109 3542 vero
1123 3487 1216 3538 dicunt

680 3566 834 3631 Scripturae,
852 3565 917 3615 dicit
930 3563 1072 3613 Dominus.
1092 3559 1178 3621 Unde,
1192 3567 1218 3609 et

681 3636 703 3686 si
727 3647 848 3701 resurgat
865 3645 997 3692 mortuus,
1019 3643 1045 3681 et
1067 3629 1089 3680 si
1107 3628 1213 3680 coelitus

680 3707 851 3758 descenderet
866 3705 994 3769 Angelus,
1009 3700 1138 3755 omnibus
1157 3715 1218 3754 ma-

681 3780 722 3845 gis
734 3788 798 3829 sunt
812 3777 899 3842 dignae
915 3775 967 3825 fide
979 3774 1136 3840 Scripturae3
1154 3787 1217 3824 nam

681 3853 844 3918 Angelorum
866 3849 1013 3913 Dominus,
1040 3848 1164 3899 vivorum
1190 3854 1216 3898 et

681 3934 851 3974 mortuorum
865 3923 960 3982 ludex,
984 3937 1029 3973 eas
1047 3920 1185 3973 instituit:
1200 3937 1214 3966 ιι
