2632 4320
107 287 159 354 340

102 543 287 603 delectatione,
310 543 389 592 tertio
406 543 494 608 perdit
518 558 634 592 consen-

101 632 134 667 su
144 634 152 680 ς
175 616 294 681 primum
314 615 359 665 vix
374 625 461 680 potest
483 615 578 678 caveri,
591 631 634 666 se-

102 687 222 737 cundum
251 687 347 753 magis,
374 686 484 737 tertium
507 686 633 736 maxime.

99 757 160 807 Alio
175 757 256 806 modo
278 757 448 822 exponendo,
473 765 571 806 vocat:
586 755 632 806 fu-

97 845 165 893 rem,
192 831 288 880 mortis
318 830 406 891 diem,
426 829 491 895 quia
513 829 631 890 occulte,

99 901 170 952 sicut
195 901 256 966 iur3
286 903 415 962 domum,
448 916 562 968 corpus,
590 904 631 968 ja-

100 990 192 1035 nuam,
206 991 237 1025 os
253 985 278 1026 et
296 990 389 1038 aures3
403 974 541 1033 fenestras,
563 990 632 1024 ocu-

98 1048 148 1099 los.
166 1048 200 1098 Et
216 1058 256 1098 est
269 1063 365 1098 sensus
380 1064 387 1097 t
400 1047 531 1108 Quoniam
542 1048 567 1097 si
576 1047 632 1098 sci-

99 1127 143 1170 ret
166 1121 386 1186 paterfamiliae,
415 1135 467 1185 qua
495 1120 562 1172 hora
580 1121 633 1186 sur

99 1191 210 1254 veniret,
227 1191 254 1240 id
275 1199 315 1240 est
334 1205 408 1238 mors
429 1204 489 1255 quae
503 1189 547 1240 fur
562 1190 632 1240 dici-

100 1270 153 1321 tur,
168 1270 194 1310 et
208 1260 304 1310 merito
320 1261 383 1309 :vel
401 1270 508 1325 propter
530 1261 633 1326 impro-

99 1333 190 1383 visum
215 1333 369 1392 adventum,
391 1342 417 1382 et
431 1333 565 1383 occultum
586 1334 631 1384 in-

100 1403 223 1463 troitum,
238 1405 280 1454 vel
299 1415 407 1469 propter
421 1405 591 1470 scrutinium,
607 1417 632 1457 et

100 1472 287 1538 spoliationem
312 1489 402 1523 rerum
432 1475 564 1536 omnium,
587 1477 631 1527 vi-

100 1545 203 1612 gilaret
213 1546 301 1612 utique
313 1561 346 1596 ne
361 1556 509 1597 moreretur
522 1548 551 1598 in
566 1565 630 1614 pec-

99 1625 157 1669 cato
172 1625 198 1666 et
212 1616 297 1681 culpa,
308 1617 371 1682 quia
381 1632 453 1667 mors
459 1625 631 1683 peecatorum

96 1686 215 1752 pessima
230 1696 285 1750 est3
300 1693 326 1737 et
339 1702 390 1738 non
411 1688 512 1740 sineret
520 1692 632 1757 perfodi

99 1755 204 1806 domum
224 1770 308 1818 suam,
326 1757 352 1806 id
374 1765 414 1806 est
429 1773 490 1808 cum
506 1759 631 1811 violentia

98 1827 216 1877 animam
242 1843 257 1878 a
287 1843 397 1894 corpore
431 1831 554 1893 extrahi,
584 1834 629 1883 sed

98 1908 193 1963 sponte
206 1899 286 1949 exire.
300 1900 377 1950 Unde
399 1901 630 1967 Chrysostomus:

98 1988 112 2016 «
142 1971 275 2030 Quoniam
301 1972 399 2023 animae
425 1973 582 2038 peccatrices
603 1975 630 2026 in

98 2056 210 2105 corpore
230 2041 307 2106 quasi
324 2041 352 2090 in
368 2043 477 2108 proprio
491 2044 630 2096 domicilio

98 2111 270 2172 delectantur,
286 2112 395 2162 veniens
413 2129 475 2163 cum
499 2116 631 2168 sententia

98 2181 158 2242 Dei,
178 2182 296 2246 Angelus
319 2183 415 2232 mortis
427 2183 542 2250 perfodit
569 2202 631 2236 cor-

99 2268 160 2319 pus,
177 2263 204 2303 et
218 2254 336 2303 animam
355 2255 486 2306 violenter
497 2258 586 2310 avellit
596 2261 630 2310 ab

99 2339 141 2374 eo.
155 2323 260 2374 Animae
281 2335 371 2375 autem
390 2326 476 2391 justae,
499 2345 559 2395 quae
574 2347 629 2381 non

98 2394 264 2445 delectantur
287 2394 316 2444 in
335 2410 455 2461 corpore,
482 2399 528 2448 sed
551 2402 629 2466 quasi

98 2463 127 2514 in
141 2464 236 2515 exsilio
250 2464 287 2515 ibi
304 2476 376 2528 sunt,
385 2467 510 2519 veniente
525 2480 631 2521 senten-

98 2536 145 2598 tia,
160 2552 215 2586 non
230 2537 420 2602 perfodiuntur
434 2540 564 2607 nolentes,
582 2543 629 2593 sed

97 2617 228 2658 vocantur
265 2609 419 2674 gaudentes.
449 2629 463 2658 »
495 2611 572 2663 Unde
604 2622 630 2664 et

98 2676 252 2743 Gregorius
272 2695 281 2728 .·
301 2696 315 2725 «
328 2680 467 2731 Nesciente
481 2683 631 2746 patresami-

97 2746 147 2798 lias
182 2746 225 2797 fur
255 2748 368 2798 domum
402 2750 530 2815 perfodit,
555 2753 628 2819 quia,

97 2816 189 2867 duma
203 2819 245 2866 sui
260 2819 381 2869 custodia
394 2820 505 2885 spiritus
518 2823 629 2885 dormit,

97 2885 242 2953 improvisa
257 2904 331 2939 mors
346 2891 457 2941 veniens
471 2894 557 2945 carnis
576 2912 628 2946 no-

98 2965 159 3007 strae
173 2957 356 3008 habitaculum
372 2961 508 3028 irrumpit,
525 2974 628 3017 ereum

97 3042 180 3095 quem
209 3029 351 3080 dominum
371 3031 469 3084 domus
490 3035 640 3087 dormien-,

97 3110 154 3151 tem
180 3099 329 3162 invenerit,
356 3114 447 3166 necat,
474 3107 538 3173 quia
562 3109 628 3159 dum

96 3180 211 3223 ventura
241 3171 339 3223 damna
372 3175 484 3240 spiritus
515 3179 630 3230 minime

96 3245 234 3313 praevidet,
245 3245 317 3296 hunc
332 3263 406 3298 mors
418 3250 450 3299 ad
465 3252 629 3318 supplicium

98 3316 263 3367 nescientem
284 3317 374 3369 trahit.
395 3319 459 3370 Furi
480 3332 569 3373 autem
584 3340 629 3375 re-

98 3387 212 3447 sisteret,
228 3386 251 3437 si
265 3387 395 3454 vigilaret,
408 3390 473 3457 quia
484 3392 628 3445 adventum

97 3461 202 3512 luditis
225 3461 272 3528 qui
296 3463 400 3514 occulte
423 3463 527 3516 animas
549 3468 627 3534 rapit,

96 3546 257 3597 praecavens,
266 3532 289 3583 ei
300 3533 453 3599 poenitendo
467 3550 628 3604 occurreret,

97 3617 131 3652 ne
140 3602 315 3669 impoenitens
327 3604 433 3670 periret.
442 3625 455 3654 n
465 3607 498 3657 Et
512 3607 608 3661 iterum
621 3627 628 3660 t

96 3673 221 3725 «Horam
229 3691 292 3726 vero
303 3675 427 3726 ultimam
438 3677 573 3730 Dominus
584 3696 630 3731 no·

94 3752 147 3796 ster
163 3746 263 3797 idcirco
273 3747 353 3797 nobis
367 3747 453 3798 voluit
469 3764 527 3800 esse
541 3751 630 3818 incog-

95 3815 190 3878 nitam,
205 3827 235 3868 ut
251 3818 337 3884 possit
360 3834 466 3884 semper
495 3836 553 3873 esse
580 3837 628 3873 su-

93 3897 201 3953 specta,
231 3898 262 3942 ut
286 3890 352 3941 dum
379 3889 453 3941 illam
483 3892 628 3958 previdere

382 285 555 337 SECUNDAE
572 286 696 337 PARTlS
713 286 831 338 CAPUT
846 288 937 339 XLVI.

105 402 203 452 domus
217 400 330 451 fossorio
346 400 455 460 diaboli,
466 400 513 466 qui
527 417 534 451 ε
547 400 635 466 primo

104 472 221 538 percutit
233 471 416 537 suggestione,
434 471 552 521 secundo
568 470 636 520 fodit

690 401 802 452 minime
832 418 987 468 possumus,
1008 402 1041 452 ad
1063 403 1139 453 illam
1162 404 1220 454 s'ine

687 473 888 525 intermissione
912 490 1091 541 praeparemur
1109 492 1116 526 ε
1133 496 1147 524 n
1163 476 1220 527 haec

688 544 849 610 Gregorius.
886 546 990 596 Deinde
1023 547 1160 598 concludit
1188 563 1219 598 er

686 615 831 681 praedictis,
846 625 872 665 et
885 617 1012 667 admonet
1024 632 1074 668 nos
1088 626 1121 667 ut
1134 616 1218 683 parati

686 684 781 749 simus,
792 686 856 752 quia
871 687 893 736 si
905 697 979 737 tanta
995 687 1140 737 adhibetur
1153 688 1219 739 dili-

686 755 776 820 gentia
787 771 834 821 pro
846 757 966 806 custodia
978 756 1015 807 rei
1030 772 1128 822 parvae,
1144 758 1219 808 m'ul-

685 834 713 875 to
729 827 815 891 magis
830 826 951 876 adhiberi
966 827 1044 878 debet
1057 844 1107 892 pro
1123 840 1218 879 custo-

685 895 729 946 dia
741 897 848 948 animae.
862 898 939 948 Unde
951 898 1016 948 dicit
1031 915 1038 948 ε
1050 899 1116 949 Ideo
1128 906 1155 949 et
1171 915 1218 952 ros

684 971 769 1016 estote
787 968 892 1032 parati,
912 967 971 1018 sine
993 969 1098 1019 macula
1119 970 1216 1029 cordis,

685 1036 740 1086 oris
758 1046 784 1086 et
810 1038 908 1102 operis,
927 1039 990 1103 quia
1012 1053 1064 1104 qua
1081 1039 1150 1090 hora
1167 1055 1216 1092 non

681 1109 794 1172 putatis,
807 1108 834 1157 id
848 1118 888 1158 est
902 1109 1044 1174 insperate,
1063 1109 1156 1160 Filius
1168 1111 1216 1162 lto-

684 1180 764 1230 minis
788 1188 916 1232 venturus
944 1187 992 1244 est,
1017 1182 1050 1232 ad
1086 1182 1216 1247 judicium

685 1252 851 1317 particulare,
870 1253 898 1303 in
920 1264 1015 1316 morte,
1036 1255 1078 1304 vel
1101 1257 1135 1305 ad
1149 1256 1216 1321 judi-

685 1323 758 1374 cium
772 1327 902 1391 generale,
924 1326 953 1376 in
969 1327 1065 1377 mundi
1081 1327 1146 1378 fine.
1162 1329 1215 1395 lgi-

684 1408 729 1449 tur
738 1399 802 1464 quia
816 1400 952 1450 nescimus
966 1400 1049 1461 diem,
1062 1401 1104 1451 vel
1121 1401 1215 1452 horam

684 1469 758 1519 illam
775 1485 866 1531 unam,
878 1471 987 1535 quando
998 1472 1101 1522 occulte
1119 1481 1148 1522 et
1158 1471 1215 1523 fur-

683 1540 733 1591 tim
750 1551 878 1592 venturus
900 1542 935 1592 sit
954 1542 1097 1606 Dominus,
1119 1544 1215 1610 vigile-

684 1627 745 1663 mus
755 1628 810 1662 non
823 1628 877 1663 una
891 1612 943 1670 die,
959 1614 1001 1663 vel
1011 1630 1066 1664 una
1080 1614 1158 1675 hora,
1171 1615 1214 1666 sed

683 1698 789 1748 semper
814 1683 942 1733 omnibus
966 1685 1063 1736 diebus
1082 1695 1108 1735 et
1133 1685 1214 1744 horis,

683 1755 760 1819 quasi
785 1769 890 1820 semper
909 1754 944 1804 sit
961 1764 1108 1817 venturus,
1131 1773 1166 1808 ne
1189 1756 1215 1805 in

683 1824 728 1875 illa
750 1825 793 1876 die
807 1834 833 1875 et
847 1825 913 1876 hora
935 1826 1104 1877 dormientes
1121 1837 1148 1878 et
1169 1828 1216 1877 irn-

682 1896 767 1961 parati
789 1895 966 1946 inveniamur.
997 1897 1021 1947 0
1049 1913 1134 1964 quam
1154 1896 1215 1948 felix

682 1967 729 2029 qui
756 1966 903 2017 novissima
928 1967 1067 2032 providet,
1096 1968 1144 2035 qui
1164 1968 1213 2018 sibi

682 2039 826 2103 apeccatis
839 2047 920 2099 cavet,
943 2039 991 2105 qui
1012 2039 1138 2105 seipsum
1161 2055 1213 2090 non

684 2112 805 2177 negligit,
826 2112 874 2178 qui
899 2128 928 2163 se
940 2113 1015 2162 omni
1036 2122 1161 2181 tempore
1183 2115 1214 2165 ad

684 2192 798 2232 mortem
824 2192 953 2248 praeparat
976 2193 1003 2233 et
1025 2184 1168 2250 disponit,
1187 2193 1217 2234 ut

683 2253 901 2320 quandocunque
916 2269 990 2303 mors
1013 2255 1127 2316 venerit,
1139 2270 1216 2320 para-

684 2332 741 2373 tum
774 2339 837 2374 eum
863 2324 991 2385 inveniat,
1018 2325 1216 2392 gaudenterque

683 2393 772 2459 ipsum
796 2394 915 2460 recipiat,
929 2394 1007 2460 quasi
1022 2395 1070 2461 qui
1090 2397 1217 2448 liberato·

682 2466 720 2518 ris
745 2467 787 2517 sui
810 2469 956 2519 adventum
970 2468 1155 2521 desideratum
1177 2486 1217 2522 ex-

683 2548 792 2605 spectet,
807 2539 900 2591 dicens
912 2554 975 2590 cum
989 2542 1123 2608 Apostolo
1137 2559 1144 2593 :
1161 2543 1216 2593 Cu·

679 2611 727 2675 pio
742 2610 863 2674 dissolvi,
875 2617 901 2662 et
909 2625 968 2662 esse
980 2626 1039 2663 eum
1050 2612 1183 2665 Christo!

714 2699 729 2732 2
746 2683 868 2743 ersuau
885 2701 936 2735 nno
950 2701 1115 2744 Quocunque
1126 2702 1217 2737 novis·

683 2767 759 2803 sinus
783 2755 856 2804 ures?
881 2783 911 2792 -
936 2755 1042 2806 Deinde
1058 2756 1218 2823 generaliter

682 2823 822 2891 subjungit
838 2842 845 2875 :
861 2826 941 2887 Quod
954 2832 1042 2877 autem
1059 2828 1137 2879 vobis
1147 2827 1214 2890 dico,

682 2895 803 2945 omnibus
824 2896 925 2947 scilicet
939 2897 1121 2962 presentibus
1136 2908 1164 2949 et
1173 2897 1217 2948 fu·

682 2965 760 3026 turis,
770 2976 824 3016 tarn
836 2966 983 3017 rectoribus
995 2968 1124 3020 Ecclesiae
1136 2983 1216 3035 quam

683 3037 807 3099 subditis,
824 3038 906 3090 dico:
926 3040 1057 3106 Vigilate,
1072 3056 1121 3107 per
1141 3040 1216 3092 solli-

682 3109 839 3171 citudinem,
855 3127 937 3178 quam
957 3111 1009 3162 sibi
1031 3113 1153 3178 quilibet
1165 3113 1216 3164 im-

683 3181 799 3247 pendere
827 3183 915 3244 debet,
941 3191 971 3233 ut
989 3197 1140 3249 commune
1156 3199 1215 3235 om·

681 3251 760 3301 nium
800 3261 963 3318 praeceptum
998 3253 1145 3306 novissimi
1172 3268 1216 3321 per

682 3321 786 3388 primos
802 3322 921 3373 audiant.
939 3322 992 3374 Ubi
1007 3325 1130 3377 ostendit
1144 3324 1215 3393 quod

683 3407 737 3442 non
768 3392 928 3459 loquebatur
956 3404 1064 3445 tantum
1092 3396 1214 3462 discipu-

681 3462 730 3524 lis,
765 3464 812 3513 sed
842 3480 890 3530 pro
923 3465 1054 3517 omnibus
1091 3467 1216 3519 fidelibus

682 3536 860 3600 presentibus
890 3546 917 3588 et
943 3535 1053 3589 futuris.
1088 3536 1216 3601 Quamvis

682 3605 755 3655 enim
771 3606 828 3658 dies
845 3608 889 3659 ille
903 3624 958 3659 non
975 3622 1073 3661 omnes
1088 3611 1215 3661 inventu·

682 3692 728 3728 rus
744 3677 779 3728 sit
788 3678 817 3729 in
828 3681 877 3730 hac
889 3680 954 3742 vita,
965 3691 1058 3733 tamen
1074 3683 1109 3735 ad
1121 3694 1214 3734 ornnes

682 3751 883 3819 quodammodo
920 3755 1046 3820 pertinet,
1074 3754 1215 3816 videlicet,

682 3824 746 3891 quia
754 3834 819 3876 tunc
834 3826 983 3892 unicuique
996 3827 1056 3879 dies
1065 3827 1108 3880 illi
1121 3827 1214 3883 veniet,

682 3911 744 3948 cum
762 3899 867 3950 venerit
884 3899 910 3952 ei
933 3898 1001 3965 dies,
1018 3910 1050 3953 ut
1063 3900 1130 3953 talis
1155 3899 1214 3953 hinc
