2632 4320
324 277 371 326 DE
386 276 538 327 zncHAEO
555 274 602 324 ET
618 272 701 325 EJUS
719 271 901 323 CONVIVIO.

50 396 113 446 haec
130 393 219 445 Beda.
234 392 368 457 Conspice
385 392 469 458 igitur
486 389 584 441 Domi-

50 481 119 516 num
132 475 160 515 et
174 463 322 530 discipulos
339 479 401 513 cum
422 462 478 512 illis
498 475 587 527 pecca·

50 538 160 588 toribus
178 537 360 597 comedentes,
376 550 405 585 ac
419 532 587 584 familiariter

52 618 81 660 et
99 607 249 658 domestice
272 615 469 664 conversantes,
489 614 519 654 ut
541 617 587 654 eos

51 680 86 730 ad
101 693 131 729 se
146 679 308 729 attraherent
319 687 345 727 et
356 678 389 727 de
404 675 588 742 peccatoribus

51 748 277 814 justosfacerent.

84 821 350 882 6QannnDou1uus
371 837 405 870 no
427 835 520 869 nouus
544 830 589 868 su·

52 907 225 942 mrcaroaurr
247 890 469 942 urvansssarl-
480 888 589 955 thuia

51 964 139 1015 Judaei
149 964 365 1024 murmurabant,
376 965 450 1029 quod
461 964 494 1013 ad
503 960 590 1012 homi·

53 1051 117 1086 nem
133 1047 301 1101 peccatorem
315 1034 475 1094 divertisset,
487 1043 513 1084 et
526 1047 589 1083 cum

52 1121 87 1156 eo
98 1115 228 1166 maneret,
244 1116 275 1156 ut
293 1105 415 1171 ipsorum
429 1103 589 1154 aestimatio·

54 1193 119 1228 nem
134 1187 162 1228 et
174 1192 301 1228 murmur
311 1179 460 1243 redarguat,
475 1187 502 1227 et
514 1190 590 1225 oom-

53 1259 153 1316 pescat,
164 1264 248 1315 quem
261 1248 333 1299 intus
347 1257 493 1307 curaverat,
507 1247 589 1297 etiam

47 1335 69 1371 a
81 1319 166 1384 culpa·
173 1329 298 1370 sanatum
311 1319 467 1382 annuntiat,
477 1317 589 1368 dicens:

55 1393 129 1455 Quia
145 1393 224 1444 hodie
238 1393 314 1443 salus
329 1393 391 1443 haic
404 1392 494 1442 domui
507 1391 590 1457 sacta

49 1470 105 1527 est,
119 1473 146 1514 et
160 1463 237 1513 omni
252 1463 420 1529 aegritudine,
432 1462 507 1512 omni
522 1476 592 1510 mor·

51 1536 102 1596 bo,
118 1535 196 1585 omni
216 1535 345 1585 vitiorum
369 1533 528 1599 contagione
544 1532 590 1582 fu-

53 1616 124 1673 gata,
140 1615 237 1658 sanata
251 1616 301 1664 est,
317 1615 344 1655 et
365 1615 420 1654 tota
439 1603 592 1654 interlucet

52 1675 175 1727 exterius
194 1674 365 1736 sanctificata,
387 1675 450 1742 quia
464 1690 512 1740 per
533 1674 591 1724 Do-

54 1746 125 1798 mini
149 1745 302 1813 ingressum
330 1746 397 1797 facta
422 1755 462 1796 est
480 1745 591 1795 Zachaeo

53 1818 144 1881 salus,
166 1828 194 1868 et
211 1818 259 1884 qui
283 1817 370 1869 fuerat
392 1827 522 1884 peccator,
545 1830 592 1882 per

54 1887 172 1940 Domini
185 1889 400 1954 redemptionem
411 1898 452 1939 est
463 1885 592 1954 justifica·

53 1974 100 2015 tus
112 1964 440 2026 maalutemconsecutus,
450 1963 524 2030 quia,
536 1977 593 2013 sus·

53 2045 131 2101 cepto
156 2034 271 2095 medico,
292 2035 382 2085 salvus
403 2034 488 2084 lactus
502 2043 542 2084 est
558 2033 591 2083 ab

54 2108 296 2161 anteactorum
309 2108 414 2159 morbo.
429 2107 483 2159 Ubi
502 2107 592 2158 Theo·

52 2179 173 2246 philaas
193 2197 208 2226 a
227 2181 320 2245 Ipsum
339 2179 480 2230 Zachaeum
503 2178 592 2244 signet

56 2259 213 2301 macutum
229 2249 314 2300 fuisse
333 2250 457 2310 salutern,
475 2264 523 2316 per
539 2250 592 2299 do-

57 2335 147 2382 mum,
168 2319 348 2370 habitatorem
371 2319 531 2385 designans3
547 2334 592 2369 se-

58 2391 155 2458 quitur-
168 2391 244 2442 enim
259 2391 325 2442 :Eo
340 2391 411 2457 quod
432 2397 458 2440 et
478 2392 535 2456 ipse
556 2391 592 2441 sit

48 2462 132 2526 filim
151 2463 281 2525 Ahalae,
306 2478 361 2512 non
384 2462 459 2512 enim
473 2470 593 2512 vocasset

58 2533 175 2585 Abrahae
195 2532 293 2592 filium,
310 2532 485 2583 inanimatam
510 2530 593 2582 fabri-

59 2617 115 2654 cam
135 2620 143 2654 t
163 2623 177 2652 n
198 2604 256 2653 haec
287 2603 459 2667 Theophilus,
482 2602 541 2662 Vel,
562 2617 592 2654 eo

60 2674 168 2749 quode}
185 2674 252 2738 ipse,
269 2673 316 2740 qui
331 2674 414 2738 hujus
429 2673 527 2723 domus
540 2672 594 2722 ha-

59 2745 155 2798 bitator
168 2756 218 2806 est,
233 2746 286 2811 jam
301 2762 355 2796 non
372 2745 531 2811 publicanus
547 2745 592 2808 sit,

62 2821 106 2872 sed
119 2821 202 2888 filius
222 2821 341 2872 Abrahae
369 2820 464 2881 factus,
491 2821 593 2871 scilicet

64 2909 116 2944 non
136 2905 225 2954 natus,
249 2894 276 2944 id
300 2904 340 2944 est
361 2910 416 2943 non
443 2894 593 2944 secundum

64 2979 178 3030 uranu,
197 2967 245 3016 sed
261 2966 411 3015 secundum
433 2965 524 3026 fidem,
539 2982 593 3016 non

67 3049 168 3100 mere,
190 3037 238 3087 sed
260 3034 312 3086 fide
332 3046 359 3086 et
375 3051 488 3101 operum
502 3036 595 3086 imita-

68 3104 143 3157 done
165 3107 284 3157 Abrahae
304 3121 422 3171 namque
446 3104 496 3155 filii
520 3116 594 3166 sunt,

70 3177 220 3245 qtdcunqoe
240 3177 380 3228 Abraham
397 3175 553 3237 imitantur,
568 3187 595 3228 et

71 3259 146 3311 opera
172 3248 289 3298 Abrahae
325 3246 434 3298 iaciunt.
466 3247 598 3298 Zachaeus

73 3315 163 3383 wippa
178 3317 249 3369 sicut
269 3328 296 3368 et
320 3316 468 3378 Abraham,
493 3317 522 3368 in
543 3317 596 3369 fide

74 3387 162 3452 stetin
178 3399 206 3440 et
224 3389 364 3440 Abraham
377 3389 489 3455 quidem
502 3391 595 3455 Ange-

75 3452 117 3519 los,
134 3459 264 3512 Zenon
280 3475 343 3510 vero
357 3461 523 3526 Angelorum
538 3461 596 3511 Do-

77 3526 169 3580 minum
202 3529 322 3596 hospitio
356 3531 483 3597 suscepit.
518 3531 597 3581 Unde

78 3594 142 3651 Beda
154 3619 162 3652 :
176 3602 292 3652 «Filius
306 3601 420 3652 Abrahae
432 3602 531 3652 dicitur
545 3603 596 3652 Za-

78 3665 169 3737 cbaeus,
195 3688 250 3723 non
278 3673 342 3740 quia
368 3674 401 3723 de
426 3675 482 3739 eius
513 3675 597 3740 stirpe

79 3750 219 3816 §tumtum
237 3745 284 3795 sed
301 3744 365 3810 quia
385 3745 443 3809 eius
461 3756 501 3795 est
516 3744 596 3796 fidem

81 3811 195 3878 tulatus,
207 3826 239 3867 ut
252 3815 321 3866 sicut
337 3817 475 3867 Abraham
489 3827 596 3877 terram,

80 3886 249 3949 amatorem
260 3888 427 3954 domumque
437 3889 550 3955 patriam
562 3891 597 3939 ob

1125 266 1171 320 181

640 414 717 465 spem
742 397 839 449 suntrae
864 395 1032 456 hereditatis,
1057 394 1176 445 Domino

639 470 756 536 jubente,
778 468 911 532 deseruit;
937 469 1016 517 itaet
1039 465 1085 516 ille
1102 466 1176 533 quod
1250 466 1253 471 '

640 540 797 590 thesaurum
809 539 836 588 in
849 538 923 589 coelis
935 538 1093 604 acquireret,
1105 537 1178 586 bona

640 625 690 661 sua
713 609 875 676 pauperibus
903 609 1062 674 partiendo,
1090 606 1177 657 relin-

641 683 710 750 quit.
731 683 765 734 Et
790 681 901 748 pulchre
923 681 1016 732 dicit:
1037 680 1076 731 El
1100 679 1176 744 ipse,·

641 765 672 806 ut
689 772 744 806 non
760 752 849 807 solu'm
865 769 911 805 eos
934 754 983 820 qui
1005 753 1068 819 iusti
1091 767 1178 819 perse·

641 838 743 893 verant,
765 829 810 879 sed
832 838 858 878 et
872 842 918 877 eos
932 826 980 893 qui
995 826 1028 876 ab
1042 823 1176 892 injustitia

643 901 814 967 resipiscunt,
833 901 866 950 ad
887 899 957 949 filios
984 897 1176 965 promissionis

643 971 776 1036 pertinere
798 970 963 1020 declararet:
981 987 996 1016 n
1013 967 1070 1017 haec
1089 967 1176 1017 Beda.

644 1041 678 1091 Et
690 1041 778 1090 reddit
791 1055 898 1090 causam
914 1054 996 1105 quare
1012 1038 1044 1089 ad
1063 1037 1176 1086 domurn

644 1111 779 1177 publicani
795 1111 912 1171 divertit,
926 1109 1054 1175 quiahoc
1073 1107 1136 1158 fecit
1146 1117 1177 1157 ut

644 1181 764 1231 medicus
791 1192 922 1247 aegrotum
951 1187 1067 1238 curaret,
1094 1187 1120 1227 et
1148 1187 1179 1227 ut

643 1252 716 1302 Deus
736 1261 900 1317 peccatorem
923 1248 1086 1315 justificaret,
1109 1256 1135 1298 et
1148 1257 1180 1297 ut

644 1334 735 1389 pastor
745 1336 823 1374 ovem
836 1323 968 1389 perditam
981 1330 1137 1386 reportaret,
1151 1328 1178 1369 et

643 1403 674 1445 ut
685 1394 806 1444 Salvator
822 1394 894 1459 quod
910 1409 957 1458 per
971 1393 1077 1457 culpam
1092 1389 1180 1458 perie-

644 1477 693 1530 rat,
714 1467 835 1517 salvaret.
861 1466 932 1526 Quia
951 1466 984 1515 ad
1005 1466 1056 1515 hoc
1068 1464 1116 1514 Dei
1131 1462 1180 1513 Fi-

643 1537 697 1586 lius
719 1538 790 1587 venit
803 1537 837 1586 de
851 1537 917 1586 coelo
931 1536 958 1585 in
974 1535 1118 1598 mundum,
1133 1549 1181 1600 per

644 1607 734 1659 carnis
746 1608 962 1673 assumptionem
984 1606 1069 1657 factus
1086 1607 1180 1666 homo,

644 1689 671 1729 et
687 1679 777 1728 Filius
799 1678 921 1740 hominis,
944 1678 971 1727 id
991 1687 1032 1728 est
1048 1675 1179 1742 Virginis,

644 1764 766 1818 quaerere
791 1765 838 1815 per
858 1749 1015 1809 doctrinam,
1030 1756 1056 1800 et
1074 1749 1179 1799 salvum

639 1821 737 1887 facere
761 1820 947 1888 pergratiam,
968 1821 1038 1886 quod
1055 1820 1181 1887 perierat

644 1907 693 1959 per
712 1892 828 1956 culpam,
852 1891 951 1942 scilicet
970 1906 1048 1942 ovem
1064 1888 1180 1940 centesi-

645 1980 728 2025 mam,
749 1964 904 2014 drachmam
927 1963 1069 2025 decimam,
1089 1961 1178 2012 filiurn

645 2036 789 2102 iuniorem.
805 2034 923 2085 Perierat
945 2035 1019 2085 enirn
1041 2034 1069 2084 in
1084 2031 1179 2084 homi-

645 2125 680 2159 ne
695 2125 702 2159 :
719 2106 872 2158 innocentia
894 2117 1006 2167 naturae,
1027 2106 1178 2157 similitudo

645 2179 744 2245 gratiae,
758 2180 867 2245 adoptio
879 2179 981 2245 gloriae.
995 2179 1106 2244 Propter
1120 2174 1180 2244 pri·
1198 2236 1205 2251 ·

645 2266 721 2300 mum
738 2260 908 2315 comparatur
921 2250 964 2301 ovi
979 2249 1101 2315 perditae3
1121 2263 1182 2314 pro·

645 2329 704 2387 pter
726 2321 884 2380 secundum,
903 2321 1040 2370 drachmae
1053 2319 1181 2386 perditae,

646 2403 757 2460 propter
771 2393 890 2453 tertium,
905 2392 961 2442 filio
979 2391 1101 2457 prodigo.
1117 2390 1183 2441 Tria

645 2474 735 2514 autem
761 2464 886 2529 praedicta
905 2463 979 2512 venit
1005 2462 1081 2511 Jcsus
1105 2475 1183 2526 repa—

645 2550 718 2596 rare3
744 2535 817 2584 uncle
836 2534 874 2583 ait
892 2543 918 2583 et
936 2532 1024 2583 alibi:
1041 2532 1183 2583 Nonvent'

646 2619 744 2658 vocare
765 2606 864 2671 iustos,
892 2605 939 2655 sed
958 2609 1116 2670 peccatores
1144 2603 1182 2653 ad

642 2679 837 2746 poent'tentiam.
863 2677 915 2728 Ubi
938 2678 1180 2741 Chrysostomus:

647 2769 663 2797 c
683 2748 768 2809 Quasi
790 2749 911 2799 diceret:
930 2747 1002 2807 Quid
1023 2763 1066 2796 me
1089 2745 1183 2797 crimi-

646 2820 750 2871 namini
765 2820 788 2871 si
805 2819 920 2870 rectifico
933 2817 1099 2884 peccatores?
1113 2819 1182 2868 Tam

647 2895 717 2945 enim
735 2893 827 2959 procul
842 2903 882 2943 est
896 2907 911 2942 a
925 2907 969 2942 me
979 2890 1073 2941 odium
1089 2905 1183 2956 pecca-

647 2976 747 3022 torum,
770 2963 844 3028 quod
864 2978 957 3013 eorum
972 2977 1051 3011 causa
1064 2962 1183 3012 advene·

647 3036 709 3085 rim.
724 3036 793 3084 Nam
808 3034 928 3084 medicus
942 3033 1004 3084 veni
1020 3032 1182 3096 nonjude13

647 3107 683 3155 ob
710 3105 762 3154 hoc
785 3105 898 3155 conviva
923 3104 959 3155 fio
985 3102 1183 3169 languentium,

648 3176 790 3243 patiorque
803 3175 925 3236 fetorem,
950 3185 982 3226 ut
1002 3184 1126 3241 praestem
1144 3186 1186 3220 re.-

650 3248 779 3299 medium.
800 3267 814 3296 n
838 3248 891 3299 Ubi
916 3257 946 3298 et*
964 3248 1041 3298 Beda
1059 3263 1068 3296 .·
1089 3264 1103 3291 «
1118 3242 1185 3293 Pius

648 3335 713 3372 sane
733 3321 868 3385 Magister,
888 3320 935 3386 qui
951 3314 1183 3368 murmurantibus

649 3390 736 3442 turbis
751 3405 803 3441 sua·
815 3390 944 3456 mysteria
958 3405 1013 3438 non
1024 3385 1184 3450 dedignatur

649 3476 792 3528 exponere,
805 3461 881 3521 adeo,
894 3459 995 3510 scilicet
1004 3464 1184 3522 peccatorum,

650 3535 834 3602 poenitentiam
850 3550 903 3584 non
918 3548 975 3582 esse
994 3527 1183 3594 respuendam,

650 3617 680 3656 ut
696 3607 753 3672 ipse
767 3605 815 3655 Dei
831 3604 918 3653 Filius
932 3603 967 3652 ob
985 3601 1054 3650 hanc
1068 3597 1186 3647 maxime

651 3676 822 3743 quaerendam
836 3674 871 3725 sit
884 3672 1031 3723 destinatus
1044 3669 1076 3719 ad
1086 3678 1185 3732 terras;

651 3749 699 3815 qui
720 3759 750 3799 ut
770 3747 878 3814 pietatis
899 3760 954 3795 suae
971 3743 1051 3793 nobis
1072 3741 1186 3807 dispen-

651 3820 780 3870 sationem
795 3818 918 3875 inculcet,
934 3813 1083 3879 saepissime
1097 3828 1126 3862 se
1136 3812 1186 3861 Fi-

652 3890 719 3940 lium
729 3887 849 3938 hominis
857 3886 979 3952 appellat,
991 3882 1185 3934 commendans
