2632 4320
414 281 462 333 DE
482 277 641 331 DENARIO
660 278 808 332 DlURNO.

52 402 135 454 multi
159 400 244 452 hodie
269 409 374 450 tantum
397 396 522 458 rerbarii,
537 410 591 446 non

53 473 172 539 operarii
183 481 257 534 sunt,
273 471 321 538 qui
336 471 435 534 dicunt,
446 475 472 521 et
486 483 537 520 non
545 467 592 534 fa-

52 547 136 598 ciunt.
148 545 253 606 Tertio,
267 543 332 610 quia
345 542 469 593 denarius
484 550 524 591 est
537 539 592 591 vita

52 627 155 670 aeterna
177 617 308 683 operariis
325 615 434 667 Domini
448 613 590 681 promissa.

53 690 169 753 Quarto,
187 687 252 754 quia
275 687 353 738 vinea
376 685 518 752 allegorice
541 693 590 744 est,

53 759 207 812 secundum
245 758 424 824 (tt-egaram,
456 755 589 817 Ecclesia;

53 829 203 893 moraliter,
225 828 325 888 anima,
339 828 495 879 secundum
514 826 592 877 Basi-

54 901 136 963 liam,·
159 899 262 965 justitia
280 899 421 966 generalis,
442 897 590 948 secundum

54 971 290 1038 chrysostomum
311 969 425 1030 Quinto,
440 967 504 1035 quia
518 967 591 1018 horae

53 1052 119 1096 sunt
130 1052 225 1094 aetates
240 1042 347 1103 mundi,
370 1042 412 1092 vel
432 1050 523 1092 aetates
537 1040 590 1091 ho-

54 1114 149 1166 minis.
172 1115 263 1173 Sexto,
287 1113 351 1179 quia
376 1121 533 1178 procurator
546 1111 590 1162 vi-

53 1202 111 1239 nete
131 1197 174 1238 est
198 1185 326 1236 Christus
351 1186 496 1236 secundum
517 1186 590 1252 quod

54 1258 139 1311 homo
146 1274 155 1323 ;
176 1257 208 1308 in
228 1266 361 1324 quantum
388 1266 477 1307 autem
499 1256 589 1318 Deus,

53 1342 94 1384 est
113 1329 309 1398 paterfamilias
328 1345 390 1381 cum
415 1329 511 1380 Patre:
526 1328 590 1396 quia

55 1418 143 1453 unum
159 1417 223 1451 cum
237 1401 324 1451 Patre.

85 1474 99 1526 3
118 1475 208 1526 Pauca
229 1489 353 1524 aoaassro
374 1487 590 1523 rnrnrsraurrrns

54 1559 87 1596 ar
96 1559 252 1595 coavanrro
264 1558 371 1594 nananu
386 1558 488 1593 nrunru.
502 1571 534 1580 —
547 1542 591 1593 Di·

54 1614 89 1666 cit
105 1629 174 1682 ergo
189 1631 197 1664 ι
212 1612 307 1665 Simile
322 1620 364 1665 est
374 1627 487 1679 regnum
508 1613 590 1666 coelo-

54 1701 121 1749 rton,
148 1684 176 1735 id
203 1694 244 1735 est
264 1699 381 1750 praesens
403 1683 521 1736 Ecclesia
547 1684 590 1735 vel

55 1756 190 1821 iustorum
218 1753 282 1815 rita,
308 1754 408 1806 homini
428 1755 590 1821 patrifami-

56 1825 116 1892 lias,
130 1826 160 1877 id
176 1835 219 1877 est
229 1826 286 1876 Deo
306 1826 439 1878 universae
454 1836 589 1889 creaturae,

57 1909 80 1950 et
90 1899 121 1950 fit
144 1898 192 1950 hic
216 1897 381 1963 comparatio
398 1908 520 1949 nontam
535 1914 592 1966 per·

56 1984 128 2022 tona
153 1970 188 2021 ad
210 1984 363 2036 personam,
380 1985 462 2036 quam
490 1970 591 2038 negotii

57 2042 84 2093 td
98 2042 252 2109 negotium.
268 2042 302 2093 Et
314 2050 354 2093 est
370 2057 465 2094 sensus
481 2059 488 2093 :
505 2058 590 2110 nego-

57 2113 121 2166 tium
139 2115 216 2183 quod
231 2114 263 2164 tit
282 2113 311 2164 in
327 2114 442 2167 Ecclesia
455 2115 589 2182 prasenti,

57 2183 169 2236 similari
204 2193 293 2251 potest
318 2185 426 2252 negotio
455 2187 529 2253 quod
557 2186 591 2237 ab

59 2254 169 2307 homine
203 2254 394 2321 patrefamilias
428 2259 592 2325 quandoque

59 2322 94 2387 fit,
111 2325 159 2393 qui
174 2325 248 2376 exiit
268 2340 316 2392 per
336 2326 378 2377 sui
394 2327 592 2379 manifestatio-

62 2407 127 2459 nem,
141 2406 170 2449 et
185 2410 244 2447 suae
266 2395 394 2447 bonitatis
407 2398 590 2465 diffusionem,

63 2472 88 2514 ttt
114 2467 190 2518 enim
213 2465 279 2516 dicit
305 2467 465 2534 Gregorius
483 2472 591 2538 quando

64 2549 113 2586 non
144 2537 329 2601 cognoscitur,
356 2539 383 2589 in
414 2551 514 2592 secreto
538 2552 590 2608 est;

66 2605 168 2671 quando
186 2619 251 2655 vero
261 2610 441 2674 cognoscitur,
455 2612 488 2661 de
500 2616 593 2665 occul-

66 2687 89 2729 to
111 2676 234 2745 procedit
257 2678 289 2729 ad
320 2681 454 2744 notitiam,
474 2699 506 2735 eo
529 2701 592 2754 ergo

67 2745 228 2816 frequentius
243 2748 316 2810 exiit,
333 2767 388 2818 quo
406 2755 524 2820 amplius
539 2773 591 2808 no-

68 2818 147 2871 titiam
174 2819 259 2870 dedit.
292 2821 376 2874 Exiit
410 2841 473 2893 ergo
504 2828 591 2893 primo

9 2910 11 2941 :
68 2904 144 2955 mane,
157 2891 185 2942 id
199 2899 241 2940 est
254 2889 283 2940 in
296 2893 382 2957 prima
400 2896 493 2948 mundi
506 2907 590 2960 aetate,

9 3012 11 3021 ,
69 2959 161 3013 scilicet
181 2962 215 3013 ab
248 2961 333 3014 Adam
363 2981 449 3032 usque
468 2969 501 3018 ad
524 2970 590 3032 Noe,

9 3040 13 3101 ζ
68 3031 207 3084 tantuma
231 3035 379 3099 operarios,
399 3036 426 3087 id
450 3047 490 3088 est
506 3040 592 3103 justos

9 3156 12 3167 ,
69 3099 88 3151 ti
110 3103 265 3166 servientes,
295 3121 394 3157 nomen
421 3123 502 3159 suum
531 3111 592 3163 aliis

9 3172 13 3193 '
67 3172 276 3237 manifestantes,
297 3176 324 3227 tn
346 3178 449 3229 vineam
464 3193 549 3243 suam,
564 3182 591 3235 id

9 3298 11 3305 ,
66 3242 146 3294 estin
162 3244 311 3297 Ecclesiam
327 3247 496 3311 militantem,
515 3252 592 3318 cujus

66 3314 183 3379 palmites
207 3328 273 3368 sunt
297 3319 360 3384 justi
375 3337 389 3370 a
407 3321 497 3387 primo
524 3327 592 3378 Abel

65 3398 146 3454 uque
165 3388 199 3439 ad
227 3389 358 3442 ultimum
386 3394 510 3447 electum.
532 3398 590 3460 Vel,

64 3462 207 3513 secundum
221 3461 453 3532 Chrysostomum,
468 3470 594 3522 conduce-

64 3533 243 3597 reoperarios
254 3532 281 3583 in
295 3535 398 3587 uinum
413 3551 497 3603 ruam,
514 3539 542 3590 id
553 3551 593 3591 est

64 3601 198 3668 acquirere
207 3613 277 3655 recte
289 3605 409 3658 viventes
423 3608 452 3659 in
465 3611 593 3676 operibus

62 3669 189 3736 justitiae:
204 3683 231 3726 et
244 3675 282 3726 sic
294 3676 393 3742 justitia
410 3689 450 3731 est
462 3681 546 3743 vinea,
568 3693 593 3735 et

62 3742 185 3809 palmites
201 3745 325 3800 virtutes.
350 3751 415 3815 Vel,
443 3755 592 3806 secundum

59 3816 205 3884 Basitimn,
229 3822 404 3887 pertineam
429 3825 519 3878 anima
537 3827 594 3880 sive

57 3888 228 3945 saeuientis
245 3891 421 3959 significatur,
439 3895 467 3950 in
482 3912 537 3965 qua
553 3899 593 3952 la-

1125 297 1175 350 1⁰9

646 396 799 447 borandum
815 406 864 462 est,
879 409 909 450 ut
926 407 1100 466 amputemus
1114 401 1175 465 pal-

644 468 725 518 mites
762 468 928 522 luxuriantes
964 471 1077 522 carnalis
1109 486 1175 523 con·

644 534 832 604 cupiscentiae3
868 541 1040 607 projiciamus
1072 542 1175 608 lapides

644 611 788 678 superbia,
817 623 843 662 et
875 614 1051 681 exstirpemus
1082 616 1174 682 spinas

643 682 767 735 avaritiae.
784 684 833 734 Per
846 683 953 736 vineam
969 687 1049 738 etiam
1071 688 1175 740 intelli·

644 769 706 821 gere
741 769 886 822 possumus
923 757 1125 823 poenitentiam,
1147 761 1175 811 in

644 841 697 892 qua
725 841 773 892 per
806 827 924 879 diversas
950 828 1032 880 horas
1060 832 1175 895 operarii

644 896 838 958 conducuntur,
858 898 923 949 dum
943 898 990 949 alii
1005 899 1034 950 in
1051 901 1175 966 pueritia,

643 966 689 1016 alii
710 966 739 1017 in
758 969 905 1032 iuventute,
923 969 968 1020 alii
988 968 1016 1019 in
1040 985 1176 1028 senectute

644 1050 846 1094 convertuntur.
870 1042 942 1108 Ergo
956 1043 1173 1114 paterfamilias,

644 1126 692 1177 per
704 1112 929 1179 dominationem;
947 1115 1024 1178 exiit,
1054 1131 1100 1182 per
1121 1135 1175 1172 ma·

644 1180 843 1234 nifestationem
851 1201 859 1249 ;
874 1185 1028 1250 conducere,
1047 1202 1094 1253 per
1107 1191 1177 1241 mul-

644 1253 764 1318 tiplicem
790 1253 996 1322 invitationem3
1018 1260 1174 1324 operarios,

644 1340 701 1375 non
720 1334 825 1376 tantum
840 1326 981 1389 locutores,
995 1328 1060 1395 quia
1080 1330 1176 1382 melior

643 1404 684 1445 est
709 1395 862 1462 praedicatio
890 1397 960 1460 facti,
983 1414 1064 1465 quam
1090 1401 1175 1463 verbi,

644 1469 671 1519 in
698 1468 802 1521 vineam
830 1484 925 1535 suam,
956 1488 1003 1538 per
1039 1473 1175 1527 bonorum

644 1538 803 1591 meritorum
835 1541 1099 1609 multiplicationem.
1131 1545 1177 1598 Sic

643 1612 730 1663 Adam
749 1611 838 1678 primo
852 1613 957 1680 positus
983 1625 1024 1667 est
1046 1617 1075 1666 in
1097 1632 1176 1684 para-

643 1682 711 1742 diso,
731 1682 779 1732 sed
793 1682 857 1750 quia
871 1699 927 1735 non
948 1685 1042 1746 coluit,
1056 1697 1098 1738 est
1120 1690 1177 1755 eje·

643 1762 724 1815 ctus;
755 1752 794 1804 sic
828 1754 944 1819 populus
974 1756 1115 1820 Judaicus,
1147 1759 1175 1810 in

644 1823 752 1890 speciali
775 1823 849 1874 cultu
872 1823 965 1876 divino
990 1827 1110 1892 positus,
1136 1839 1177 1880 est

643 1897 750 1959 eiectus,
765 1896 803 1947 sic
817 1905 843 1948 et
856 1911 907 1948 nos
921 1897 1003 1963 positi
1028 1914 1133 1962 sumus,
1150 1912 1177 1953 et

644 1969 667 2018 si
696 1967 909 2034 neglexerimus,
939 1969 1066 2022 similiter
1091 1972 1177 2038 proji-

643 2040 753 2092 ciemur.
781 2040 870 2093 Ruina
893 2043 1097 2109 praecedentium
1125 2046 1176 2096 ad-

644 2112 760 2164 monitio
791 2113 869 2166 debet
900 2129 958 2165 esse
994 2117 1176 2181 sequentium.

646 2185 821 2238 conventione
836 2192 924 2237 autem
936 2184 1018 2251 facta
1034 2202 1093 2239 eum
1110 2200 1177 2256 ope-

644 2257 729 2308 rariis
745 2271 782 2308 ex
796 2257 908 2309 aenaria
923 2257 1037 2320 diurn05
1051 2260 1103 2310 ista
1116 2275 1178 2311 con·

643 2327 735 2378 ventio
766 2326 828 2380 vitre
861 2338 967 2380 aeternae
1002 2345 1051 2394 pro
1086 2331 1178 2383 labore

646 2397 792 2464 promissio
823 2409 878 2461 est,
904 2414 964 2466 quae
989 2398 1100 2466 quidem
1122 2401 1178 2453 vita

646 2479 745 2520 aeterna
771 2469 872 2521 dicitur
897 2470 1024 2522 denarius
1042 2487 1052 2521 .·
1070 2472 1176 2535 Primo,

645 2540 749 2591 ratione
777 2540 906 2600 nominis,
930 2540 1054 2591 denarius
1072 2541 1178 2594 enima

644 2612 737 2661 decem
753 2609 868 2674 dicitur,
899 2625 932 2661 ex
957 2625 989 2660 eo
1013 2612 1087 2676 quod
1110 2612 1177 2663 olim

645 2686 736 2734 decem
763 2698 891 2733 nummos
919 2683 1026 2734 usuales
1056 2684 1160 2736 valebat
1167 2697 1175 2746 ;

645 2757 674 2807 in
702 2772 757 2823 quo
789 2754 957 2822 significatur
982 2757 1100 2822 pretium
1125 2774 1174 2826 pro

644 2843 697 2879 usu
720 2835 747 2878 et
771 2827 940 2878 observantia
965 2828 1089 2893 Decalogi
1116 2844 1176 2895 pro·

645 2899 777 2961 missum;
792 2907 819 2950 et
840 2897 900 2949 ideo
914 2897 960 2949 illa
976 2899 1032 2950 vita
1050 2900 1178 2954 denarius

644 2970 752 3031 dicitur,
767 2969 832 3036 quia
848 2984 897 3036 pro
910 2969 1033 3037 Decalogi
1049 2971 1179 3025 observa·

645 3041 720 3091 tione
738 3041 825 3091 datur.
844 3041 975 3105 Secundo,
990 3042 1094 3093 ratione
1105 3042 1178 3110 figu-

645 3128 698 3173 rae,
725 3111 789 3179 quia
819 3111 848 3163 in
879 3112 989 3165 denario
1018 3123 1059 3165 est
1093 3114 1179 3182 figura

647 3182 780 3251 sphaerica
802 3193 829 3234 et
856 3186 981 3247 rotunda,
998 3186 1045 3235 ubi
1064 3202 1120 3237 non
1139 3196 1181 3237 est

646 3255 769 3307 invenire
791 3255 956 3323 principium
982 3267 1008 3308 et
1030 3257 1124 3321 finem;
1150 3256 1179 3306 in

645 3345 700 3398 quo
720 3328 887 3397 significatur
907 3331 969 3383 vitre
987 3333 1136 3390 aternius,
1152 3338 1178 3380 et

646 3402 725 3469 plena
738 3401 894 3453 aetemitatis
916 3403 1061 3468 possessio.
1076 3399 1177 3460 Tertio,

645 3472 749 3523 ratione
769 3472 906 3539 imaginis,
927 3473 956 3524 in
974 3472 1083 3523 denario
1103 3469 1178 3520 enim

648 3543 739 3609 imago
766 3542 838 3609 regis
867 3554 908 3595 est
930 3543 1043 3609 scripta3
1067 3542 1094 3591 in
1122 3554 1177 3606 quo

646 3615 743 3665 animae
756 3614 789 3664 ad
801 3614 888 3665 Deum
907 3624 1016 3665 notator
1027 3611 1178 3663 conformi-

646 3696 687 3737 tas
697 3686 786 3753 plena,
798 3683 887 3751 imago
901 3684 975 3734 enim
984 3683 1032 3734 Dei
1044 3683 1073 3733 in
1083 3684 1178 3736 Beatos

646 3755 814 3823 imprimitur
830 3769 878 3820 per
899 3753 1121 3805 assimilationem
1144 3755 1177 3805 ad

646 3828 743 3889 Deum,
762 3836 789 3878 et
801 3825 1065 3878 transformationem
1086 3827 1115 3878 in
1135 3827 1179 3894 ip-

646 3915 718 3953 sum.
733 3899 844 3963 Quarto,
856 3896 960 3950 ratione
972 3898 1112 3966 scripturae
1119 3915 1127 3965 ς
1149 3898 1178 3952 in
