2632 4320
196 248 243 298 DE
259 245 459 297 EFFUSIONE
473 242 661 295 UNGUENTI
678 242 796 293 SUPER
813 244 932 296 CAPUT
947 246 1037 297 JESU.
1122 249 1172 315 195

54 364 108 413 hoc
133 362 234 413 obtulit
262 362 295 411 ad
317 359 512 426 sepeliendum.
533 357 589 408 Nec

55 433 159 485 mirum
174 432 199 483 si
215 447 260 482 me
275 440 416 496 unguento
432 428 588 495 perfuderit,

53 515 81 557 et
95 503 167 555 mihi
192 503 294 553 bonum
309 502 420 553 odorem
445 501 507 551 fidei
532 515 588 551 suae

51 573 169 634 dederit,
185 589 247 624 sum
261 589 311 639 ego
323 588 372 638 pro
384 588 414 623 ea
430 587 493 621 mox
510 570 588 622 fusu-

53 660 101 697 rus
115 644 170 695 sim
183 644 345 710 sanguinem
361 658 464 703 meum,
478 651 504 692 et
515 641 590 692 datu-

53 733 102 769 ms
119 716 243 768 animam
261 732 359 768 meam.
383 715 513 766 Patientia
525 729 589 780 ergo

52 789 165 841 Domini
189 789 280 855 arguit
299 788 397 838 ludam
421 786 548 844 avaritiae,
562 796 589 837 et

53 879 111 913 non
128 877 277 927 pauperum
295 875 377 911 cansa
396 859 497 909 dixisse
517 859 590 925 quod

53 933 135 996 dixit3
149 932 196 983 sed
220 931 386 997 obsequium
402 930 493 981 Mariae
512 945 590 980 com-

53 1001 209 1062 mendavit,
244 1003 391 1052 ostendens
418 1001 492 1066 qnod
521 1010 591 1051 esset

54 1073 215 1132 moriturus,
232 1081 259 1123 et
280 1074 314 1123 sd
332 1073 516 1138 sepeliendum
534 1088 591 1123 aro-

58 1144 178 1195 mutibus
191 1144 344 1208 ungendus.

88 1215 279 1282 9Pnoruarrs
302 1214 401 1265 Douuu
425 1229 460 1263 nn
482 1229 592 1265 sutura

54 1303 155 1339 oroma
174 1287 281 1337 Mania.
303 1314 333 1324 -
355 1288 433 1338 Tunc
460 1287 531 1337 dixit
553 1285 592 1337 eis

52 1360 142 1418 iesus.
157 1373 226 1423 opus
248 1357 301 1408 hoc
324 1358 592 1408 commemorandum

55 1429 83 1479 in
101 1428 210 1479 dulcem
234 1429 389 1479 memoriam
411 1429 483 1495 ajat,
505 1428 531 1478 id
553 1438 593 1479 est

52 1502 88 1553 ad
115 1501 224 1551 laudem
246 1501 303 1565 ejus
329 1501 508 1560 recitandum,
529 1510 592 1551 tan-

53 1588 138 1640 quam
153 1571 254 1623 iactum
265 1572 426 1633 virtuosum,
448 1573 593 1638 ubicmque

49 1646 82 1697 itt
110 1650 167 1697 toto
193 1644 291 1694 mando
306 1644 488 1709 praedicatum
502 1643 594 1709 suerit

54 1717 105 1768 troc
118 1715 315 1781 Evangeiium,
331 1715 358 1764 id
371 1726 413 1766 est
425 1716 477 1767 hoc
492 1715 593 1766 factum

55 1786 182 1839 mulieris
191 1786 328 1852 pertinens
343 1787 375 1837 ad
391 1787 493 1837 Christi
507 1787 594 1839 Evan-

55 1858 178 1925 gelium;
211 1857 335 1907 nondum
366 1857 440 1907 enim
468 1858 594 1923 Evange-

55 1931 94 1981 lia
116 1940 196 1981 erant
226 1929 334 1994 scripta.
359 1930 441 1989 Quasi
471 1931 593 1980 diceret:

56 2003 112 2054 Vos
130 2001 294 2068 insipienter
313 2017 372 2052 eam
389 2001 595 2067 reprehenditis,

58 2088 107 2138 pro
120 2087 154 2123 eo
163 2071 244 2131 facto,
254 2087 304 2136 pro
318 2088 374 2137 quo
389 2072 448 2138 ipsa
463 2072 596 2123 laudanda

59 2152 99 2195 est
115 2143 148 2193 in
169 2141 296 2193 universo
313 2145 426 2203 mundo,
450 2144 596 2210 ubicunqne

56 2212 239 2278 predicatum
260 2211 352 2277 suerit
383 2214 433 2265 hoe
462 2214 596 2280 Evange-

60 2284 133 2348 liunt,
155 2283 183 2333 id
206 2292 247 2334 est
269 2283 427 2350 ubicunque
442 2285 598 2335 dilatabitur

59 2353 181 2407 Ecclesia
200 2369 247 2419 per
260 2356 405 2417 mundum,
419 2356 483 2422 quia
497 2371 599 2406 memo-

61 2428 126 2479 riale
139 2427 339 2492 sempiternum
354 2429 475 2489 habebit,
498 2444 530 2479 ex
546 2429 598 2479 hoc

61 2497 133 2563 quod
151 2495 223 2549 milti
240 2495 314 2547 iecit.
336 2498 390 2549 Ubi
410 2497 486 2548 idern
506 2499 598 2549 Theo-

59 2570 152 2635 philus
170 2585 180 2618 .·
198 2587 213 2617 a
226 2570 369 2635 Prophetat
390 2582 481 2621 autem
501 2570 599 2620 Domi-

64 2655 112 2691 nus
125 2650 324 2706 consequenter
344 2642 412 2691 duas
434 2640 598 2706 prophetias,

65 2711 164 2765 seilicet
189 2730 196 2762 ε
228 2715 303 2778 quod
335 2714 512 2779 Evangelium
542 2713 600 2779 ejus

66 2784 254 2849 prmdicabitur
274 2785 302 2834 in
331 2786 457 2837 universo
488 2786 599 2847 mundo,

68 2864 91 2907 et
113 2857 189 2923 quod
219 2871 289 2922 opus
323 2857 447 2908 mulieris
475 2858 601 2909 laudabi-

68 2937 108 2979 tur
123 2944 132 2979 t
147 2948 164 2979 n
178 2929 238 2981 htec
251 2930 423 2996 Theophilus.
437 2931 470 2983 Et
481 2932 534 2983 boc
545 2931 601 2980 Do-

68 3000 131 3051 mini
160 3001 266 3051 dictum
291 3001 345 3067 iam
371 3011 443 3067 patet
467 3002 601 3067 adimple-

10 3104 12 3133 ;
68 3080 131 3125 mm.
169 3073 224 3124 Ubi
261 3074 337 3124 Beda
367 3093 376 3125 ε
406 3093 420 3121 s
446 3075 602 3125 Notandum

68 3156 174 3207 autem,
194 3146 259 3212 quia
289 3147 358 3198 sicut
379 3147 464 3202 Maria
488 3147 601 3215 gloriam

69 3217 160 3283 adepta
189 3228 239 3281 est,
269 3228 326 3268 toto
346 3220 412 3269 orbe
438 3233 603 3285 quocunque

71 3285 184 3339 Fcclesia
198 3299 291 3339 sancta
303 3288 402 3339 diffusa
411 3299 460 3350 est,
473 3290 506 3339 de
520 3289 603 3339 obse-

72 3357 133 3423 quio
155 3358 231 3425 quod
255 3358 374 3409 Domino
397 3359 440 3425 pia
460 3359 605 3409 devotione

72 3428 207 3493 exhibuit3
230 3429 268 3479 ita
293 3446 307 3481 e
330 3429 473 3490 contrario,
498 3431 543 3480 ille
557 3430 604 3495 qui

71 3501 202 3569 obsequio
224 3504 282 3568 eius
307 3503 447 3554 detrahere
465 3503 606 3554 temeraria

71 3570 162 3639 lingua
186 3588 241 3623 non
270 3573 377 3634 timuit,
407 3573 524 3639 perfidiae
542 3583 606 3626 nota

71 3642 149 3711 longe
174 3645 282 3711 lateque
305 3644 470 3709 infamatus,
499 3655 526 3695 et
549 3646 605 3695 Deo

69 3714 152 3767 simul
174 3725 257 3782 atque
272 3716 433 3767 hominibus
452 3717 551 3767 merito
572 3716 607 3766 f·

71 3796 128 3839 ctus
150 3796 193 3837 est
210 3801 320 3850 exosum
338 3787 385 3837 sed
406 3787 540 3838 Dominus
555 3788 606 3837 bo-

69 3874 136 3913 num
153 3860 233 3911 laude
257 3860 340 3926 digna
359 3875 544 3924 remunerans,
560 3859 606 3911 fu-

640 367 713 408 tutas
744 358 823 424 impii
852 360 1030 411 contumelias
1063 362 1175 413 tacendo

641 429 788 495 praeteriit:
802 448 815 475 s
830 430 888 480 haec
902 431 988 481 Beda.

676 516 707 551 10
730 501 897 560 Quaunoous
924 518 1010 552 orsas
1034 518 1103 553 noas
1123 519 1174 554 nou

640 587 709 623 suut
729 587 909 621 coususauna.
934 600 965 611 --
987 573 1177 625 Nihilominus

642 653 732 693 tamen
751 652 779 693 et
798 642 881 692 ludas
899 641 1054 708 indignatus
1070 659 1176 695 reman-

642 717 687 776 sit,
708 725 734 767 et
752 715 815 766 inde
835 714 999 780 proditionis
1021 731 1129 767 causam
1150 728 1177 767 et

642 789 810 840 occasionem
825 787 985 852 assumpsit;
1009 788 1073 838 hinc
1091 789 1176 840 habe-

643 874 704 909 mus
715 867 913 926 argumentum,
930 857 1004 923 quod
1024 859 1111 923 majus
1123 860 1174 911 bo-

643 948 710 983 num
733 933 896 998 quandoque
919 929 1102 981 omittendum
1125 943 1176 992 est,

641 1021 691 1072 pro
705 1004 803 1055 minori
826 1005 898 1054 bono
919 1003 993 1069 quod
1012 1003 1110 1053 iterum
1132 1019 1179 1054 re-

642 1077 764 1144 cuperari
784 1093 838 1127 non
854 1077 961 1143 poterit.
985 1077 1018 1126 Et
1039 1075 1180 1143 praefertur

644 1150 804 1200 hicbonum
828 1149 901 1216 quod
920 1147 1026 1199 videtur
1046 1148 1142 1199 minus
1153 1149 1179 1198 ei

644 1220 719 1286 quod
732 1218 840 1270 videtur
855 1220 951 1283 majus,
971 1218 1000 1268 in
1020 1232 1116 1284 genere
1136 1218 1179 1268 di-

643 1308 684 1353 co,
697 1308 752 1343 non
766 1292 853 1358 quoad
868 1291 1014 1349 caritatem.
1027 1291 1080 1342 Ubi
1093 1290 1179 1341 scien·

644 1364 712 1414 dum
727 1364 800 1429 quod
821 1363 906 1413 multa
920 1363 989 1413 bona
1004 1377 1085 1428 opera
1102 1373 1176 1423 sunt,
1265 1384 1268 1389 ·

644 1436 800 1502 dequibus
827 1434 850 1485 si
879 1444 1014 1500 peteretur
1033 1434 1180 1485 consilinm

645 1516 790 1572 antequam
810 1504 885 1565 liant,
901 1521 956 1554 non
974 1506 1179 1555 consuleremus

645 1577 718 1642 quod
744 1575 854 1635 fierent,
878 1575 942 1639 quia
973 1575 1041 1625 forte
1072 1584 1183 1640 possent

645 1646 703 1697 fieri
718 1645 846 1706 melium
859 1654 1002 1711 postquam
1023 1655 1113 1695 tamen
1126 1645 1179 1709 jam

646 1715 781 1782 incipiunt
794 1714 862 1773 fieri,
877 1730 931 1764 non
948 1724 1012 1764 sunt
1029 1715 1181 1780 prohiben-

645 1789 688 1838 da.
711 1787 754 1847 Et,
780 1787 929 1837 secundum
943 1786 1177 1854 chrysostom,

645 1857 713 1909 forte
749 1856 826 1906 lesus
858 1864 1004 1921 antequam
1030 1854 1179 1905 effunderet

647 1938 830 1995 unguentum,
850 1928 974 1994 elegisset
1001 1928 1092 1994 potius
1113 1927 1182 1977 illud

648 2000 704 2050 dari
729 1999 906 2065 pauperibus3
937 2015 1009 2049 nnnc
1033 2015 1095 2049 vero
1117 1997 1198 2064 qttia'

648 2073 702 2138 jam
715 2070 815 2122 iactum
832 2080 896 2130 erat,
916 2070 1053 2136 exprimit,
1066 2070 1159 2120 diceus
1173 2087 1181 2119 :

648 2145 736 2197 Sinite
752 2143 836 2195 illam.
854 2145 935 2206 Item,
955 2144 1118 2209 quandoque
1141 2141 1182 2193 fa-

649 2216 777 2266 ciendum
799 2225 840 2265 est
859 2214 928 2265 illud
943 2215 1017 2280 quod
1034 2223 1074 2264 est
1087 2212 1183 2263 minus

650 2285 845 2348 necessarium
882 2294 909 2334 et
946 2292 1033 2350 potest
1061 2282 1183 2349 praeponi

649 2359 737 2424 magis
750 2357 910 2416 necessari0,
930 2357 953 2407 si
973 2366 1093 2406 remanet
1107 2357 1183 2407 locus

650 2427 780 2494 implendi
798 2427 871 2492 quod
888 2436 928 2476 est
947 2426 1033 2491 magis
1055 2439 1181 2475 necessa-
1244 2454 1246 2458 -

649 2504 737 2564 rium,
759 2500 908 2567 praesertim
929 2500 952 2549 si
980 2500 1089 2548 tollatur
1109 2499 1184 2548 locus

650 2573 762 2625 faciendi
782 2573 809 2622 id
823 2573 897 2638 quod
915 2581 956 2621 est
976 2571 1067 2620 minus
1091 2584 1184 2620 ueces-

650 2647 762 2707 sarium,
783 2654 809 2694 et
829 2643 971 2693 immineat
998 2656 1075 2691 casus
1111 2641 1186 2706 qnod

651 2718 719 2768 illud
735 2715 828 2765 minus
847 2711 1030 2764 necessarium
1048 2726 1103 2761 non
1119 2725 1184 2776 pos-

651 2798 692 2839 set
710 2788 776 2839 alias
805 2784 968 2850 recuperari,
991 2793 1017 2832 et
1038 2782 1098 2832 ideo
1115 2780 1185 2832 forte

652 2859 786 2910 Dominus
796 2856 920 2923 permisit
934 2855 973 2906 sic
986 2853 1056 2904 lieri.
1070 2853 1148 2903 Unde
1159 2862 1190 2915 et¹

654 2929 722 2979 dixit
742 2928 815 2994 quod
842 2941 982 2992 pauperes,
1014 2939 1071 2973 non
1095 2932 1186 2974 autem

654 3003 763 3067 ipsum,
784 3015 890 3064 semper
908 2998 1046 3048 haberent.
1074 2996 1104 3046 ln
1134 2995 1186 3045 hoc

653 3082 744 3124 autem
764 3071 838 3135 quod
855 3070 938 3121 dicit:
952 3071 1093 3134 Pauperes
1116 3081 1186 3120 sem-

652 3160 702 3211 per
722 3142 826 3194 habetis
849 3142 992 3203 vobiscum,
1013 3139 1091 3189 datur
1105 3137 1187 3188 intel·

655 3215 701 3282 ligi
725 3213 903 3271 familiaritas,
918 3227 1001 3277 quam
1022 3209 1118 3259 divites
1143 3207 1187 3256 de·

656 3289 720 3338 bent
748 3286 847 3337 habere
883 3285 916 3334 ad
948 3295 1092 3349 pauperem
1121 3276 1185 3342 quia

656 3372 785 3425 pauperes
808 3356 927 3407 maxime
953 3353 1014 3404 iacti
1038 3358 1102 3400 sunt
1120 3362 1185 3413 pro-

657 3441 715 3496 pter
732 3428 838 3478 divites.

693 3517 720 3551 11
750 3500 796 3549 Pra
837 3508 1024 3547 cousrnamrro
1055 3501 1186 3539 aucroars

655 3586 740 3622 susan
756 3583 900 3618 rumorem.
915 3562 1036 3613 -Circa
1051 3559 1110 3617 ista,
1126 3558 1187 3607 An-

657 3644 757 3695 selmus
769 3641 801 3691 ad
823 3653 944 3690 sororem
963 3649 1040 3684 suam
1055 3631 1185 3690 scribens,

657 3717 696 3767 sic
707 3714 773 3764 dicit
788 3730 821 3763 :a
839 3710 940 3769 Gaude,
957 3721 1058 3772 quaeso,
1070 3701 1188 3753 huicin-

658 3797 755 3837 teresse
789 3779 933 3843 convivio,
957 3785 983 3827 et
1015 3775 1187 3841 singulorum

657 3857 794 3921 distingue
811 3850 918 3903 officia:
934 3846 1038 3898 Martha
1054 3844 1177 3897 ministra
