2632 4320
152 280 203 332 360

149 398 193 458 tis',
217 397 298 447 etiarn
326 396 392 446 alios
412 397 515 446 trahere
540 396 679 446 vobiscum

149 469 271 535 satagite3
300 468 328 518 in
348 469 392 518 via
413 469 460 519 Dei
477 470 575 519 habere
593 468 680 518 socios

148 540 307 602 desiderate;
326 550 352 590 et
366 539 387 589 si
403 540 434 589 ad
450 541 537 590 Deum
558 537 678 597 tenditis,

148 623 238 663 curate
260 628 293 662 ne
321 613 353 662 ad
383 629 445 663 eum
470 612 519 662 soli
557 611 677 661 veniatis.

150 684 218 734 Hinc
228 683 300 733 enim
315 683 442 749 scriptum
458 692 514 734 est:
528 683 580 744 Qui
594 683 678 745 audit,

149 753 244 803 dicat:
266 754 336 815 Veni,
357 764 387 804 ut
409 754 457 820 qui
478 752 508 802 in
534 753 612 802 corde
636 768 680 802 vo·

149 838 207 872 cem
243 825 352 889 superni
384 824 484 873 amoris
513 821 679 888 susceperit,

149 891 219 942 foras
238 894 317 944 etiam
330 895 460 959 proximis
478 909 569 943 vocem
581 892 680 942 exhor-

150 963 259 1014 tationis
295 965 385 1014 reddat
412 981 419 1014 :
444 984 457 1011 a
480 964 537 1013 haec
573 964 680 1029 Grego-

150 1033 217 1084 rius.

183 1120 199 1171 9
230 1105 322 1154 Suavis
347 1109 514 1153 'narnruurro
545 1120 622 1154 narn.
649 1132 680 1141 —

150 1178 266 1240 Accepto
301 1182 388 1226 autem
418 1190 518 1241 regno,
547 1175 680 1226 Dominus

150 1262 288 1297 servorum
316 1247 424 1296 illorum
462 1247 577 1308 rediens,
595 1248 682 1314 jussit

149 1333 242 1369 servos
256 1321 350 1375 vocari
361 1321 393 1369 ad
406 1335 442 1379 se,
457 1325 485 1369 ut
497 1320 577 1370 sciret
591 1335 678 1386 quan-

148 1398 203 1442 tum
230 1394 339 1458 quisque
369 1393 521 1458 negotiatus
544 1400 621 1442 esset.
648 1393 680 1442 Et

148 1478 209 1512 cum
225 1464 329 1527 primus
344 1465 454 1512 veniens
469 1479 530 1512 cum
546 1479 609 1513 mna
631 1479 679 1513 sua

146 1532 211 1581 alias
225 1533 347 1598 quinque
363 1534 506 1598 acquisitas
528 1534 677 1594 obtulisset,

145 1606 335 1670 congratulans
347 1607 370 1655 ei
389 1606 522 1656 Dominus
536 1607 603 1656 dixit
617 1607 674 1672 pri-

95 1687 97 1693 ’
147 1692 192 1726 mo
208 1694 214 1727 ε
233 1678 301 1728 Eris
312 1685 470 1743 potestatem
482 1679 581 1729 habens
596 1694 677 1744 super

146 1746 234 1797 decern
252 1748 375 1798 civitates
382 1767 391 1812 ;
405 1747 481 1798 alteri
494 1765 556 1798 vero
572 1764 579 1797 e
596 1750 635 1799 Et
649 1756 677 1798 tu

146 1824 202 1867 erto
221 1820 428 1884 superquinque
449 1820 579 1881 civitates,
596 1820 624 1868 id
637 1830 676 1870 est

145 1889 273 1953 gaudebis
296 1890 396 1939 scilicet
415 1899 444 1939 tu
459 1899 571 1956 uterque
584 1891 616 1940 de
634 1890 676 1940 fe-

145 1957 243 2008 licitate
265 1960 389 2008 omnium
408 1960 455 2026 qui
471 1975 517 2025 per
531 1970 604 2010 tuam
624 1961 675 2009 do-

144 2029 257 2080 ctrinam
282 2033 323 2082 vel
351 2032 413 2082 vitae
442 2039 495 2082 tuae
522 2034 675 2098 exemplum

146 2102 264 2151 conversi
281 2113 343 2152 sunt
354 2104 386 2152 ad
398 2105 508 2154 bonum.
527 2105 617 2155 Servis
632 2121 675 2155 au-

144 2181 198 2222 tem
227 2174 304 2223 bonis
331 2190 408 2224 mnas
438 2191 499 2224 cum
533 2175 607 2224 lucro
631 2192 675 2226 re-

144 2243 323 2307 portantibus,
359 2245 434 2309 piger
466 2260 557 2295 servus
583 2262 674 2297 mnam

143 2327 219 2361 suam
229 2314 293 2368 ,sine
315 2315 388 2363 lucro
413 2315 522 2376 obtulit,
541 2332 622 2382 quam
646 2317 672 2366 in

143 2381 251 2432 sudario
269 2384 377 2448 ligatam
390 2385 565 2451 habuit,quia
583 2387 675 2437 molli-

143 2463 182 2504 ter
208 2457 240 2504 et'
253 2456 363 2505 delicate
384 2456 498 2505 vivendo
525 2457 673 2507 doctrinam

141 2527 315 2577 commissam
353 2544 407 2578 non
432 2530 617 2591 enumeravit,
646 2546 675 2581 ac

142 2596 254 2661 gratiam
279 2598 330 2647 sibi
350 2598 448 2658 datam,
473 2598 501 2647 in
530 2599 579 2649 ltac
597 2615 676 2650 carne

141 2667 279 2717 laboribus
294 2678 319 2718 et
329 2667 532 2733 fatigationibus
549 2671 674 2720 traditam

139 2741 306 2802 torpescens,
340 2749 365 2787 et
389 2749 510 2804 percepta
533 2740 603 2790 dona
625 2743 675 2791 sub

143 2807 198 2858 otio
225 2808 340 2872 torporis
368 2820 394 2859 et
421 2810 532 2875 ignaviae
560 2813 676 2862 abscon-

107 2916 109 2919 .
143 2877 194 2940 dit;
206 2888 231 2927 et
249 2879 286 2928 sic
305 2879 392 2943 ipsam
406 2895 496 2929 mnam
513 2881 571 2930 sine
585 2883 676 2947 operi-

144 2949 195 2999 bus
223 2960 351 3015 tanquam
374 2960 506 3002 mortuam
535 2965 561 3002 et
584 2955 676 3019 sepul-

143 3029 197 3071 tam
222 3021 250 3070 in
277 3022 384 3071 sudario
402 3024 504 3074 habuit.
522 3025 675 3091 Sarranum,

145 3091 218 3141 enim
242 3103 282 3141 est
299 3108 404 3156 pannus
419 3095 446 3143 in
459 3111 514 3160 quo
526 3095 672 3147 involvun-

145 3175 190 3215 tur
209 3181 319 3231 corpora
350 3177 533 3232 mortuorum
561 3180 586 3219 et
616 3171 676 3222 ideo

144 3252 210 3287 mna
224 3237 250 3287 in
265 3237 372 3287 sudario
387 3238 501 3303 reposita
524 3241 612 3306 signat
624 3243 675 3292 do-

146 3323 212 3357 num
227 3308 274 3358 Dei
289 3308 397 3358 abonis
417 3310 544 3373 operibus
556 3312 674 3362 otiosum

145 3387 273 3443 tanquam
296 3390 444 3428 mortuum.
470 3378 525 3429 Illis
551 3395 615 3446 ergo
627 3381 674 3447 qui

143 3450 177 3500 de
191 3452 269 3501 donis
278 3452 336 3502 suis
347 3454 413 3502 bene
425 3454 559 3516 operando
569 3456 674 3505 lucrum

143 3520 270 3586 lecerunt,
299 3524 494 3574 commendatis
520 3540 535 3574 a
556 3526 674 3577 Domino

102 3641 104 3645 Α
143 3601 170 3642 et
181 3597 364 3658 remuneratis,
375 3597 480 3662 pigrum
492 3596 578 3663 quiin
596 3599 673 3650 bonis

143 3668 269 3730 operibus
289 3671 419 3736 torpendo
439 3687 531 3721 mnam
545 3686 622 3721 suam
643 3672 672 3722 in

142 3737 250 3788 sudario
275 3741 374 3806 ligavit,
397 3743 520 3807 reprobat
537 3741 672 3801 Dominus

143 3814 168 3856 et
200 3809 322 3875 damna13
349 3813 422 3863 vario
453 3825 542 3864 tamen
579 3815 671 3879 modo,

141 3882 286 3932 secundum
311 3885 485 3950 quantitatem
512 3885 600 3936 meriti
628 3888 670 3937 vel

418 279 592 331 SECUNDAE
615 279 739 329 PARTlS
762 279 878 331 CAPUT
899 282 989 332 XLIX.

734 389 914 462 delictiquia
926 398 1023 464 gradus
1034 407 1099 448 sunt
1115 406 1141 447 et
1157 396 1187 447 in
1202 412 1262 463 gau·

733 466 785 516 diis
799 478 826 517 et
840 467 868 517 in
883 468 1032 519 tormentis.

767 554 797 587 ro
813 539 1006 597 Unusoutsoua
1022 556 1165 589 rnuauruu
1183 554 1260 589 acce·

732 624 784 669 rrr,
812 625 890 660 curus
911 627 995 660 unsar
1024 627 1146 660 napuras
1171 626 1264 660 narro-

732 694 794 729 nrir.
808 708 839 717 -
854 680 913 740 Iste,
938 680 1013 731 homo
1035 695 1155 746 peregre
1179 680 1263 747 perse-

733 757 799 814 ctus,
824 752 924 802 scilicet
948 753 1073 803 Christus
1103 753 1136 803 ad
1162 754 1263 803 Patrem

733 824 889 887 ascendens,
914 825 1061 874 secundum
1081 826 1214 884 Marcum,
1228 838 1264 874 re·

733 893 817 958 liquit,
845 895 1025 959 corporaliter,
1051 894 1158 944 domum
1180 909 1262 955 suam,

733 962 761 1011 id
776 973 816 1012 est
827 965 979 1024 Ecclesiam,
993 980 1074 1030 quam
1090 975 1183 1015 tamen
1200 980 1264 1014 nun·

733 1050 814 1100 quam
827 1036 925 1086 divinae
934 1037 1061 1103 potentiae
1071 1037 1201 1102 praesidio
1217 1039 1264 1088 de·

732 1105 828 1168 stituit,
857 1113 884 1157 et
908 1107 981 1157 dedit
999 1108 1085 1158 servis
1105 1114 1264 1174 potestatem

733 1176 858 1242 cujusque
880 1179 978 1244 operis,
1000 1179 1064 1244 quia
1086 1179 1154 1229 dans
1178 1177 1264 1228 fideli-

734 1247 784 1296 bus
808 1257 866 1297 octo
891 1251 998 1308 talenta,
1021 1250 1170 1299 secundum
1198 1251 1265 1299 Mat-

733 1319 843 1383 thaeum,
859 1330 884 1370 et
901 1321 993 1371 decern
1008 1324 1094 1385 mnas',
1115 1323 1264 1383 secundum

732 1392 841 1453 Lucam,
857 1392 952 1442 tribuit
967 1393 1005 1444 eis
1024 1393 1179 1443 facultatem
1197 1393 1263 1444 insi-

732 1463 818 1512 stendi
851 1464 979 1528 operibus
1005 1464 1101 1523 bonis,
1127 1465 1264 1515 dimittens

732 1547 777 1582 eos
791 1547 868 1598 agere
879 1535 1026 1584 secundum
1042 1534 1194 1585 libertatem
1211 1551 1264 1586 suae

730 1604 889 1666 voluntatis,
903 1611 930 1654 et
940 1604 1067 1670 janitori,
1086 1605 1134 1670 qui
1147 1606 1222 1656 ducit
1237 1606 1263 1655 in

730 1674 841 1723 domum
864 1675 931 1734 coeli,
953 1675 1087 1740 pracepit
1110 1681 1141 1725 ut
1160 1675 1261 1742 vigilet,

729 1742 753 1793 ei
771 1745 872 1794 scilicet
887 1745 934 1810 qui
958 1746 1093 1810 praedicat,
1113 1755 1139 1796 et
1156 1756 1259 1811 praeest,

729 1813 771 1863 cui
787 1814 886 1864 dicitur
904 1816 961 1865 :Si
979 1831 1030 1865 non
1051 1818 1262 1879 annuntiaverit,

729 1884 823 1952 iniquo
846 1886 1017 1952 iniquitatem
1038 1903 1126 1951 suam,
1149 1887 1263 1953 sangui-

729 1970 787 2006 nem
812 1958 869 2020 ejus
888 1959 920 2006 de
947 1973 1027 2008 ntanu
1047 1965 1094 2008 tua
1118 1960 1262 2025 requiram.

730 2027 807 2078 Unde
820 2028 917 2078 Beda:
934 2046 946 2073 a
962 2028 1074 2078 Janitori
1091 2038 1184 2079 autem
1200 2045 1263 2094 pra-

729 2099 797 2163 cepit
818 2109 848 2149 ut
869 2100 999 2164 vigilaret,
1015 2099 1079 2165 quia
1099 2099 1191 2149 ordini
1221 2114 1261 2165 pa·

729 2179 831 2220 storum
863 2172 1014 2220 commissae
1048 2171 1100 2220 sibi
1138 2171 1261 2222 Ecclesia

728 2241 801 2306 jubet
815 2256 904 2290 curam
921 2241 1089 2307 impendere3
1104 2258 1160 2291 non
1176 2243 1260 2292 solum

728 2322 816 2362 autem
835 2324 948 2362 rectores
964 2313 1096 2374 Ecclesiae,
1109 2314 1156 2362 sed
1168 2328 1260 2363 omnes

728 2384 838 2449 vigilare
869 2385 1050 2450 praecipimur,
1080 2385 1176 2450 januas
1203 2401 1259 2436 cor-

728 2455 803 2504 diu'm
820 2456 1009 2515 custodientes,
1033 2472 1067 2505 ne
1087 2457 1197 2522 antiqui
1214 2457 1259 2507 ho-

729 2526 778 2576 stis
795 2528 864 2575 mala
888 2527 1024 2592 suggestio
1042 2527 1133 2591 intret,
1150 2543 1199 2578 nec
1215 2543 1259 2576 nos

729 2597 861 2646 Dominus
884 2598 1049 2648 dormientes
1078 2598 1201 2650 inveniat
1222 2617 1228 2649 :
1246 2618 1257 2645 n

729 2667 787 2717 litec
808 2668 893 2717 Beda.
913 2669 1017 2718 Janitor
1032 2669 1115 2719 etiam
1130 2682 1170 2722 est
1185 2671 1255 2732 ratio,

729 2757 790 2806 quae
811 2742 889 2791 debet
907 2758 965 2792 esse
987 2743 1052 2809 vigil
1079 2744 1113 2793 ad
1132 2745 1256 2796 clauden-

729 2815 794 2862 dum
809 2813 908 2862 ostium
925 2829 1073 2864 consensus
1096 2815 1216 2880 diabolo,
1234 2824 1256 2864 ct

729 2884 762 2933 ad
791 2883 965 2948 aperiendum
1000 2885 1123 2949 Christo,
1148 2887 1196 2953 qui
1227 2886 1255 2936 ad

729 2954 829 3004 ostium
858 2956 953 3019 pulsat,
976 2958 1085 3023 quando
1107 2958 1139 3008 ad
1162 2959 1256 3009 bonum

730 3024 831 3075 invitat.
858 3027 1033 3092 Negotiemur
1055 3044 1118 3095 ergo
1148 3028 1257 3080 fideliter

729 3098 762 3148 de
783 3098 863 3148 bonis
881 3109 991 3163 naturae,
1007 3101 1109 3165 gratiae,
1133 3114 1160 3154 et
1176 3104 1256 3154 fortu-

730 3186 771 3221 nae
795 3171 874 3221 nobis
890 3172 967 3231 datis,
992 3173 1112 3239 quiade
1132 3172 1256 3224 omnibus

730 3241 860 3291 rationem
880 3242 1032 3292 reddemus.
1052 3243 1202 3309 Fugiamus
1216 3243 1255 3310 pi-

729 3312 846 3377 gritiam,
863 3313 927 3377 quia
949 3313 1025 3378 piger
1043 3313 1134 3363 locum
1153 3315 1255 3365 diabolo

729 3395 866 3451 praeparat,
882 3395 907 3436 et
921 3386 1023 3435 otiosus
1042 3386 1120 3451 quasi
1136 3387 1257 3452 pulvinar

729 3467 768 3506 est
779 3457 888 3518 diaboli,
904 3457 932 3506 in
948 3472 1010 3523 quo¹
1020 3459 1179 3523 requiescat.
1195 3461 1254 3510 Om-

728 3527 809 3578 nibus
820 3544 929 3595 quoque
944 3529 1032 3579 modis
1046 3529 1150 3594 quibus
1163 3546 1256 3596 possu-

727 3615 798 3658 tnuS,
819 3600 999 3664 nosmetipsos
1018 3601 1198 3662 emendando,
1218 3602 1256 3652 vel

725 3669 793 3719 alios
808 3671 966 3734 adjuvando,
978 3671 1109 3720 talentum
1131 3672 1257 3722 Domini·

725 3756 786 3790 cum
815 3756 931 3806 erogare,
954 3751 979 3790 et
1004 3741 1142 3806 erogando
1169 3743 1258 3794 multi·

725 3812 823 3878 plicare
845 3812 1008 3871 studeamus,
1030 3823 1126 3877 utpote
1149 3814 1256 3881 dequo

725 3885 754 3934 in
770 3883 890 3934 districto
906 3883 1005 3948 judicio
1020 3885 1155 3936 rationem
1168 3886 1257 3936 reddi·
