2632 4320
274 311 321 361 DE
335 309 455 362 DlVlTE
468 305 636 363 EPULONE
651 305 701 361 ET
715 303 858 359 LazARQ
876 300 1046 355 MENDICO.

100 429 333 490 circumeuntem:
345 436 371 477 et
390 427 483 492 januas
497 441 529 475 ex
546 422 634 490 januis

102 508 340 557 transmutantem,
361 508 387 547 et
408 511 514 561 semper
532 496 565 545 ad
587 511 634 545 ex—

101 569 160 626 itus⁴
177 578 308 628 stantem,
324 576 351 618 et
368 583 467 616 manus
488 566 634 616 extenden-

103 651 165 699 tem,
177 639 281 711 despici
293 640 335 689 vel
348 637 475 688 honorari
490 636 569 686 ineis
583 651 635 686 cer-

101 709 206 760 tissime
224 709 351 760 sciamus.
371 709 430 773 lpse
451 706 524 759 enirn
546 706 611 761 dicit
625 722 639 758 :2

101 781 226 844 Quandiu
236 780 347 846 fecistis
361 780 405 830 ani
425 793 462 829 ex
475 779 518 829 liis
526 777 634 843 fratri-

101 857 146 906 bus
159 856 227 905 meis
239 854 365 916 minimis,
377 853 442 902 mihi
448 852 566 918 fecistis.
580 852 633 903 Un-

101 927 132 977 de
150 925 307 992 Gregorius
326 942 335 975 .-
358 941 372 971 a
394 924 500 973 Fratres
522 922 585 982 mei,
608 933 634 973 et

101 997 224 1064 requiem
247 995 349 1055 Lazari,
368 1003 395 1045 et
415 1009 521 1060 poenam
541 993 633 1045 divitis

100 1077 302 1134 cognoscentes,
318 1067 428 1116 solerter
445 1065 525 1130 agite,
540 1065 633 1130 culpa-

100 1155 158 1190 rum
179 1150 330 1190 vestrarum
352 1137 540 1187 intercessores
554 1152 631 1202 quae-

99 1211 156 1272 rite,
171 1222 253 1278 atque
272 1211 413 1261 advocatos
427 1209 504 1260 vobis
516 1209 545 1265 iu
559 1209 633 1263 dieta

98 1283 190 1347 judicii
221 1297 352 1349 pauperes
383 1291 530 1348 procurate.
562 1279 631 1330 Cum

99 1355 235 1421 quoslibet
259 1354 287 1404 in
311 1354 363 1405 hoc
387 1353 490 1403 mundo
515 1352 631 1416 abjectos

97 1425 228 1494 aspicitis,
242 1425 349 1479 etiamsi
368 1440 422 1495 qua
435 1422 632 1489 reprehensibi-

97 1497 130 1548 lia
156 1513 254 1551 eorum
279 1513 338 1549 esse
361 1497 521 1555 videantur,
549 1494 631 1547 nolite

98 1569 245 1634 despicere.
264 1569 336 1631 Quia
351 1568 464 1622 fortasse
481 1581 552 1633 quos
568 1582 630 1620 rno-

96 1657 155 1696 rum
176 1643 323 1697 infirmitas
343 1643 474 1703 vulnerat,
496 1641 630 1696 medicina

96 1715 264 1780 paupertatis
282 1723 366 1767 curat.
385 1708 509 1775 Quorum
529 1711 554 1765 si
576 1729 630 1783 qua

97 1795 158 1837 sunt
174 1783 243 1835 talia
259 1800 320 1851 quae
334 1785 449 1836 debeant
462 1784 519 1848 jure
536 1799 629 1850 repte-

89 1853 190 1927 yhendi,
206 1868 304 1923 panem
324 1854 422 1922 pariter
436 1853 505 1906 detis
527 1862 553 1907 et
565 1868 628 1907 vet-

99 1924 161 1977 bum
177 1942 184 1976 :
201 1941 301 1993 panem
315 1925 477 1986 refectionis,
492 1941 555 1979 curn
575 1940 630 1978 ver-

98 1995 130 2047 bo
154 1996 352 2063 correptionis3
382 2007 408 2049 et
434 1997 488 2049 duo
512 2012 528 2046 a
552 1996 629 2051 vobis

95 2066 225 2121 alimenta
240 2069 371 2135 percipiat
383 2069 431 2138 qui
445 2084 536 2124 unum
554 2083 630 2134 qun-

99 2137 185 2201 rebat3
208 2140 274 2192 dum
289 2140 409 2194 exterius
425 2140 495 2204 cibo,
515 2139 629 2193 interius

98 2207 210 2262 satiatur
224 2210 345 2276 eloquio.
366 2212 467 2278 Pauper
485 2226 547 2279 ergo
568 2226 628 2265 cuni

96 2280 319 2345 reprehensibilis
330 2282 458 2346 cernitur,
470 2282 577 2335 morteri
588 2283 630 2334 de·

96 2349 148 2412 bet,
170 2361 200 2403 et
216 2353 319 2422 despici
340 2369 396 2407 non
414 2355 511 2417 debet;‚
526 2355 550 2407 si
566 2369 629 2407 veto

95 2422 316 2500 reprehensionis
328 2424 399 2477 nihil
415 2425 506 2490 habet,
517 2440 629 2479 venera-

96 2505 119 2540 rr
129 2507 313 2560 summopere.
330 2513 343 2543 n
358 2494 394 2548 Et
407 2494 505 2547 iterum
520 2512 527 2545 ε
544 2513 558 2543 a
573 2496 629 2547 Ne-

96 2578 168 2618 cesse
194 2577 244 2629 est,
266 2579 297 2619 ut
319 2585 382 2622 cum
403 2579 506 2622 nauatae
529 2579 628 2623 nostrae

95 2651 239 2718 consortes
247 2642 379 2697 exteriora
391 2659 447 2695 non
462 2643 629 2696 haberecon-

95 2709 235 2786 sptcilnus,
250 2728 333 2779 quam
350 2716 435 2765 multa
449 2713 538 2767 desint
551 2713 629 2767 nobis

96 2780 224 2835 interiora
238 2783 309 2837 bona
320 2800 474 2853 pensemus.
490 2784 628 2845 Quatenus

96 2862 155 2903 sese
168 2866 252 2917 super
273 2853 368 2922 inopes
388 2854 518 2921 cogitatio·
537 2865 629 2909 nostra

96 2935 148 2975 non
167 2923 264 2987 elevet,
277 2941 338 2978 cum
356 2927 466 2980 solerter
482 2926 565 2987 videt,
579 2927 626 2996 qui

1174 297 1221 351 135

689 437 739 471 nos
761 429 836 470 tanto
851 418 972 478 uberius,
990 425 1092 482 quanto
1107 413 1222 465 interius

688 495 841 560 indigentes
860 508 964 543 sumus.
980 491 1118 557 Negantur
1131 488 1222 539 electis

688 566 716 616 in
738 566 787 616 hac
808 564 861 615 vita
886 564 956 613 bona
978 571 1091 620 terrena,
1114 558 1178 625 quia
1196 569 1221 609 et

689 639 768 707 aegris
787 638 888 706 quibus
903 651 964 702 spes
985 634 1093 687 vivendi
1108 642 1148 683 est
1170 648 1220 682 ne-

688 725 825 778 quaquam
838 724 854 759 a
869 707 974 757 medico
989 714 1082 756 cuncta
1096 718 1155 769 quae
1170 717 1220 768 ap-

687 793 781 849 petunt
801 780 998 842 conceduntur,
1019 776 1116 825 dantur
1129 783 1219 824 autem

688 855 810 923 reprobis
827 855 898 904 bona
920 865 980 918 quae
1002 859 1141 916 appetunt,
1157 847 1220 914 quia

688 940 713 983 et
732 926 878 993 desperatis
894 924 974 990 aegris
989 937 1068 972 omne
1083 921 1155 987 quod
1170 921 1216 970 de-

687 999 805 1049 siderant
828 1013 884 1047 non
908 1004 1029 1060 negatur.
1054 1011 1067 1039 a
1090 990 1168 1041 Unde
1193 1000 1219 1040 et

687 1069 846 1120 Ambrosius
860 1086 869 1118 .-
885 1064 1065 1116 «Continuus
1081 1075 1219 1112 successus

686 1143 877 1209 temporalium
892 1151 999 1191 aeternae
1023 1134 1219 1202 reprobationis

687 1229 728 1269 est
748 1216 879 1270 iodicium
899 1231 906 1264 :
927 1233 939 1261 n
960 1212 1038 1263 Unde
1055 1207 1136 1259 etiam
1158 1208 1218 1257 Au-

686 1289 837 1355 gustinus:
856 1305 869 1334 a
888 1286 932 1335 Tu
949 1281 1096 1334 consolatio
1115 1277 1218 1344 sempi-
1292 1334 1296 1341 ι

686 1372 770 1420 terna,
785 1374 845 1426 quae
862 1357 928 1408 solis
943 1355 998 1406 illis
1011 1364 1037 1404 te
1054 1350 1151 1402 tribuis
1170 1348 1217 1416 qui

686 1430 900 1485 consolationem
929 1428 1011 1494 banus
1042 1421 1136 1475 mturdi
1169 1434 1217 1487 pro

685 1502 870 1555 consolatione
882 1511 932 1553 tua
945 1503 1129 1564 contemnunt.
1148 1490 1217 1547 Nam

685 1575 733 1641 qui
759 1573 803 1628 hie
825 1571 1015 1631 consolantur,
1041 1564 1147 1634 indigni
1172 1573 1218 1619 tata

684 1644 873 1700 consentinae
883 1641 1027 1698 habentur,
1044 1637 1093 1689 sed
1103 1635 1151 1708 qui
1171 1632 1217 1691 nic

684 1716 872 1777 calicianum
886 1723 912 1764 te
926 1711 1100 1765 consolantur
1105 1723 1113 1770 ;
1128 1717 1155 1756 et
1167 1705 1214 1777 qui

684 1787 843 1854 participant
863 1783 1039 1852 passionibus
1058 1777 1216 1847 participant

683 1856 924 1913 consolationibus.
940 1855 1025 1911 Nemo
1040 1850 1113 1902 enim
1129 1856 1216 1914 potest

684 1931 711 1983 in
738 1942 859 1998 utroque.
878 1928 969 1983 seculo
993 1920 1144 1981 consolari,
1166 1934 1215 1977 nec

684 2011 772 2067 potest
785 2000 848 2068 quis
863 1998 908 2054 liic
921 2007 947 2050 et
960 1996 990 2050 in
1004 1995 1095 2049 buturo
1114 1991 1214 2059 gaudee

684 2089 723 2137 re3
739 2073 786 2129 sed
807 2083 1014 2127 unnninecesse
1033 2076 1074 2119 est
1095 2063 1213 2130 perdere.

683 2147 731 2214 qui
752 2149 862 2201 alteram
880 2145 939 2199 vult
954 2140 1091 2209 possidere
1106 2155 1114 2188 :
1129 2156 1142 2185 n
1158 2135 1216 2193 hate

683 2223 865 2291 August-iaus.
882 2221 947 2275 H&
968 2216 1051 2284 igitur
1067 2210 1214 2280 praemissa,

683 2292 972 2351 bene.considerata,at
980 2287 1111 2341 divitibus
1119 2294 1216 2349 enpan-

683 2367 792 2432 peribus
806 2367 882 2421 ualde
896 2374 962 2419 sunt
972 2359 1136 2421 necessaria;
1151 2354 1216 2423 quia

682 2449 709 2492 et
724 2440 779 2491 illis
797 2441 862 2495 dant
877 2439 1016 2495 timorem,
1032 2445 1058 2487 et
1073 2432 1136 2485 istis.
1146 2445 1215 2486 cunr

683 2510 853 2565 solationem.
864 2505 1036 2561 Audiantlaic
1050 2503 1146 2552 divites
1161 2515 1216 2565 prx-
1298 2555 1300 2559 v

683 2596 731 2634 nas
746 2597 817 2640 suas,
836 2589 862 2633 et
882 2592 1012 2644 pauperes
1032 2573 1128 2640 gaudia
1149 2584 1213 2632 sua,

682 2663 713 2705 ut
727 2652 770 2706 illi,
790 2661 939 2706 terreantur
957 2658 985 2703 et
1007 2645 1052 2703 isti
1077 2642 1215 2699 mulcean-

681 2733 734 2777 tur.
749 2724 809 2784 sea,
827 2721 1006 2787 usurparem
1024 2718 1081 2773 haec
1098 2711 1214 2769 attendi-

682 2810 756 2854 mus,
768 2804 794 2846 et
814 2791 975 2849 annutiant
988 2803 1085 2845 eorum
1097 2800 1159 2842 cum
1167 2798 1215 2840 aa·

681 2865 741 2919 nitu
755 2864 870 2920 uenata
883 2861 1073 2929 permittunus.
1264 2859 1265 2862 ’

586 3106 723 3162 ORATIO

130 3230 328 3284 nemineum
339 3231 456 3293 Christe,
472 3247 539 3284 cum
548 3231 600 3284 aim
618 3230 733 3281 omnino
747 3245 849 3297 pauper
869 3230 1025 3289 tironibus,
1040 3230 1139 3295 plenus
1154 3240 1217 3291 pec-

104 3312 234 3363 catorum,
248 3302 393 3366 ulceribus,
409 3301 548 3355 mendicus
560 3311 621 3355 ante
635 3302 744 3368 januam
758 3312 811 3354 tuae
829 3301 1020 3352 misericordiae
1038 3299 1151 3365 positus,
1167 3311 1217 3347 cu-

100 3373 178 3438 piens
191 3373 308 3427 autumn
319 3374 352 3427 de
366 3373 445 3427 micis
458 3374 652 3439 exemplorum,
668 3388 731 3439 quae
744 3373 845 3425 carlum
857 3373 890 3424 de
905 3387 999 3424 mensa
1012 3370 1127 3420 divitum
1144 3365 1217 3416 filio·

102 3461 163 3498 mm
182 3455 303 3506 tuorum,
321 3446 369 3513 qui
389 3447 539 3498 induuntur
554 3461 674 3512 purpura
697 3446 864 3512 passionum,
884 3455 910 3496 et
933 3446 1077 3510 epulantur
1098 3437 1219 3506 quotidie

104 3518 245 3583 splendide
252 3517 360 3571 ferculis
371 3519 516 3581 virtutum3
528 3517 637 3568 veniant
652 3534 732 3569 canes
745 3519 871 3569 ductores
883 3517 933 3577 tui,
948 3525 979 3566 ut
992 3515 1096 3580 lingant
1106 3511 1218 3562 vulnera

101 3600 271 3653 peccatorum
285 3605 417 3650 meseum,
434 3598 465 3641 ut
484 3588 604 3640 moriens
625 3589 738 3649 mundo,
759 3590 884 3656 deportet·
904 3589 938 3638 ab
952 3586 1063 3652 Angelis
1077 3582 1106 3631 in
1125 3580 1217 3633 sinum

105 3664 340 3731 coeraemphtionis
357 3664 517 3716 caelestium.
533 3662 648 3717 Audiam
667 3665 780 3729 Moysen
803 3672 829 3714 et
853 3661 1008 3726 Prophetas,
1023 3654 1182 3708 declinando
1202 3669 1217 3704 a

102 3737 182 3798 malo,
199 3747 226 3789 et
242 3737 364 3791 iaciendo
381 3739 494 3797 bonurn,
510 3747 541 3789 nt
560 3755 593 3790 ex
613 3737 733 3791 mortuis
744 3737 879 3803 operibus.
888 3747 1038 3800 resurgens,
1054 3745 1160 3796 sperem
1173 3728 1215 3782 si·

100 3817 156 3861 tam
171 3811 271 3863 habere
283 3821 426 3865 eranam..
435 3813 533 3865 Amen.
