2632 4320
254 303 302 353 DE
316 302 485 354 SERMONE
502 303 548 353 ET
564 303 751 355 ORATIONE
766 303 894 354 DOMINI
911 303 946 354 IN
964 301 1078 353 COENA.

106 416 207 482 gelium
229 416 414 467 ministratum
439 426 490 479 est,
511 426 537 466 et
560 425 639 467 ante·

104 501 189 553 quam
212 486 383 550 scriberetur;
402 495 428 537 et
445 487 540 553 utique
559 486 637 552 quis-

104 556 168 622 quis
182 556 211 606 in
227 555 368 607 Christum
383 557 474 617 credit,
487 557 634 624 Evangelio

104 627 189 678 credit
208 643 215 677 ε
237 647 251 676 τ
273 628 331 680 haec
349 630 528 695 Augustinus.
550 629 658 694 Rogat.

104 707 196 749 autem
212 714 219 748 t
238 699 275 749 Ut
288 714 377 750 omnes
396 716 475 751 unum
496 701 559 764 siut,
575 700 638 750 uni-

103 777 157 819 tate
169 767 231 818 fidei
243 779 269 820 et
284 770 492 832 caritatis,0sicut
504 777 530 822 et
543 777 572 821 tu
585 772 638 821 Pa·

104 844 147 888 ter
158 839 184 889 iu
199 852 247 900 me,
261 845 287 890 et
296 854 348 906 ego
363 840 389 891 iu
404 847 429 891 te
441 855 520 892 unum
534 855 633 904 sumus,

104 909 133 960 in
148 910 252 961 unitate
267 922 370 962 naturae
388 921 414 962 et
427 913 593 974 substantiae,
608 919 637 964 ut

104 988 131 1033 et
145 982 198 1048 ipsi
216 983 243 1034 iu
263 984 339 1036 nobis
362 999 440 1035 unum
458 986 521 1048 sint,
536 984 588 1037 fide
611 996 637 1037 et

104 1053 226 1117 caritate3
251 1055 302 1120 vel,
329 1056 477 1107 secundum
500 1058 636 1123 Augusti-

104 1140 183 1189 uum,
209 1137 297 1192 potest
324 1127 416 1178 referri
442 1129 474 1179 ad
504 1129 635 1180 unitatem

104 1195 216 1257 amoris,
237 1196 276 1247 sic
296 1214 303 1247 ε
325 1199 404 1249 Sicut
420 1205 448 1248 tu
465 1199 550 1249 Pater
565 1213 594 1249 es
609 1198 635 1248 in

104 1280 154 1329 me,
170 1273 196 1318 et
215 1282 267 1334 ego
286 1269 313 1319 in
334 1275 366 1332 te,
388 1284 435 1335 per
449 1283 583 1331 amorem;
599 1268 636 1319 ita

102 1346 130 1390 et
140 1340 194 1406 ipsi
207 1341 262 1392 sint
274 1357 353 1392 unum
366 1343 393 1392 iu
406 1342 489 1404 nobis,
503 1356 551 1406 per
564 1356 636 1390 arno-

104 1428 171 1474 rem,
192 1415 256 1480 qula
274 1415 373 1466 caritas
391 1415 453 1465 facit
467 1430 554 1465 unum
576 1429 635 1465 esse

102 1499 167 1535 cum
192 1486 257 1537 Deo.
284 1487 367 1547 Quasi
396 1486 495 1536 diceret
522 1503 529 1536 ι
557 1485 634 1537 Sicut

104 1555 180 1607 Pater
199 1557 288 1623 diligit
304 1557 416 1618 Filium,
431 1566 457 1608 et
472 1572 487 1607 ε
506 1572 634 1608 converso

100 1623 187 1676 Filius
212 1627 329 1690 Patrem;
354 1627 390 1678 ita
411 1627 463 1693 ipsi
486 1626 634 1693 diligebant

101 1694 204 1746 Filium
227 1707 253 1747 et
275 1699 389 1749 Patrem.
407 1700 522 1748 Fructus
542 1707 631 1748 autem

99 1765 212 1817 unitatis
226 1777 276 1832 est,
292 1774 321 1819 ut
336 1768 458 1832 mundun,
473 1777 546 1819 totus
561 1783 631 1834 prae-

99 1838 234 1890 dicatione
260 1855 354 1890 eorum
383 1855 542 1901 conversus,
572 1854 633 1891 cre-

100 1911 158 1973 dat,
174 1921 200 1962 et
220 1911 370 1979 cognoscat,
393 1915 503 1979 quintu
524 1928 565 1965 me
578 1913 631 1964 mi-

100 1980 172 2044 sisti,
191 1991 218 2032 et
237 1983 310 2048 quod
330 1983 451 2034 doctrina
470 1998 551 2049 quam
570 1983 631 2034 dedi

99 2053 141 2104 eis
154 2054 192 2104 sit
205 2069 221 2104 a
234 2064 272 2118 te;
289 2055 328 2106 sic
341 2056 413 2106 enim
434 2071 529 2107 omnes
546 2071 632 2107 unum

101 2135 190 2176 erunt.
205 2126 273 2176 Nam
294 2142 340 2192 ρετ
360 2127 429 2177 nihil
447 2128 520 2178 aliud
541 2127 633 2177 mani-

99 2195 211 2247 festatur
224 2196 320 2248 veritas
336 2198 484 2263 Evangelii,
498 2199 569 2250 sicut
585 2213 632 2264 per

99 2268 238 2318 caritatem
258 2267 389 2320 fidelium.
407 2271 484 2320 Unde
499 2271 633 2338 Chrysor-

100 2343 187 2388 tomur
206 2354 214 2388 r
236 2356 250 2385 «
272 2339 347 2389 Nihil
373 2340 447 2390 enim
473 2341 632 2392 scandalizat

99 2425 205 2472 omnes,
220 2420 250 2461 ut
263 2412 298 2462 ab
313 2412 428 2463 invicem
444 2412 542 2476 dividi;
558 2413 631 2480 quod

97 2491 189 2531 autem
212 2483 349 2534 credentes
372 2482 438 2534 fiant
458 2499 553 2544 unum,
580 2484 631 2535 hoe

98 2551 214 2603 aedificat
232 2554 265 2603 ad
283 2553 373 2605 fidem.
392 2574 406 2602 n
425 2555 464 2606 Et
477 2569 528 2620 ego
545 2555 630 2607 clari-

97 2629 179 2675 tatem
195 2638 274 2689 quam
292 2625 391 2677 dedisti
413 2626 477 2677 milu'
491 2627 554 2677 dedi
575 2628 614 2678 eis
620 2644 630 2690 ;

97 2695 163 2761 quia
188 2706 346 2762 potestatem
369 2698 560 2749 miraculorum
585 2715 631 2765 per

96 2782 180 2833 quam
194 2769 325 2820 declarata
346 2780 386 2821 est
409 2772 535 2822 divinitas
549 2772 629 2824 Chri·

96 2838 142 2901 sti,
157 2837 232 2889 dedit
244 2840 390 2905 Apostolis.
401 2841 478 2892 Unde
489 2842 629 2909 Chrysus-

96 2917 208 2962 tomus:
225 2931 238 2958 «
254 2913 413 2964 claritatem
428 2915 492 2965 dicit
506 2916 629 2981 gloriam,

97 2996 160 3047 quae
180 2991 222 3032 est
238 2998 284 3048 per
306 2983 383 3050 signa
403 2993 429 3035 et
452 2986 585 3050 dogmata,
603 2996 630 3039 et

96 3061 128 3102 ut
148 3053 291 3104 unanimes
315 3054 379 3105 sint.
396 3051 493 3106 Sub'dit
515 3056 628 3123 itaque:

102 3124 139 3174 Ut
160 3126 215 3176 sint
231 3141 317 3189 uuum,
340 3128 409 3180 sieut
431 3134 457 3179 el
479 3143 528 3180 nos
551 3145 629 3180 uuum

97 3209 199 3261 sumus,
216 3197 244 3247 id
259 3208 299 3249 est
312 3208 343 3249 ut
359 3200 415 3250 sint
436 3201 465 3251 in
488 3215 548 3251 vera
563 3201 629 3252 uni-

96 3278 150 3320 tate
164 3271 299 3334 EcclesIae,
319 3273 421 3339 absque
441 3273 626 3326 schismate.»

97 3339 176 3391 Unde
189 3339 261 3391 idem
278 3342 489 3410 chrysostomus
507 3362 516 3395 .·
534 3363 548 3390 n
565 3346 628 3396 Haec

95 3413 168 3463 enim
191 3413 284 3480 gloria,
308 3422 337 3466 ut
358 3417 413 3467 siut
433 3432 520 3482 unum,
546 3419 627 3470 etiam

95 3482 182 3549 signis
203 3485 288 3550 major
314 3496 362 3538 est.
387 3488 442 3553 Ego
469 3488 496 3538 in
519 3489 558 3540 eis
581 3504 628 3555 per

95 3552 211 3618 gratiam
235 3565 261 3606 et
281 3572 327 3622 per
349 3558 464 3609 caritatis
484 3558 626 3625 Spiritum,

94 3634 122 3677 et
142 3635 172 3676 tu
197 3627 224 3678 in
244 3645 287 3680 me
308 3646 354 3696 per
373 3630 503 3681 unitatem
524 3641 626 3682 naturae

94 3706 121 3747 et
144 3698 316 3765 substantiae,
341 3711 367 3752 et
389 3717 436 3769 per
459 3717 627 3769 consequens

94 3766 176 3818 etiam
190 3777 219 3820 tu
235 3770 263 3821 in
278 3771 316 3822 eis
334 3787 381 3838 per
396 3772 521 3823 eumdem
536 3772 626 3838 Spiri-

95 3846 165 3890 tum.
184 3859 198 3888 n
219 3842 282 3903 Vel,
305 3843 454 3894 secundum
476 3844 625 3909 Hilarium,

94 3924 146 3976 ego
165 3912 194 3964 in
210 3912 259 3979 eis,
274 3914 375 3967 scilicet
388 3930 448 3967 snm
465 3932 514 3981 per
533 3917 625 3968 unita-

1172 315 1225 370 4²9

693 425 747 466 tem
770 425 870 467 naturae
891 415 1028 475 humanae,
1045 429 1127 482 quam
1147 429 1225 466 eam*-

692 487 754 536 dem
781 487 868 536 habeo
893 502 956 537 curn
979 485 1063 552 ipsis,
1091 495 1117 536 et
1142 487 1224 537 etiam

692 557 756 624 quia
775 559 810 608 do
824 557 891 624 ipsis
910 559 1016 624 Corpus
1035 573 1126 609 meum
1140 557 1168 608 in
1188 558 1225 609 ci-

692 629 758 680 bum
777 630 1014 691 sacramentalem,
1037 638 1062 679 et
1078 639 1107 680 tu
1131 628 1160 679 in
1178 644 1223 680 me

691 714 739 766 per
760 701 892 751 unitatem
914 699 1047 760 essentia,
1070 705 1098 750 ut
1112 699 1150 750 sic
1167 699 1231 757 sint,

691 772 882 835 consummati,
919 771 946 821 id
979 779 1019 821 est
1056 769 1163 836 perfecti
1192 770 1220 821 in

691 860 784 909 unum,
810 845 873 912 quia
900 860 947 911 per
968 843 1098 894 unionem
1122 842 1221 894 huma-

690 916 783 968 nitatis
802 916 906 1038 {hristi
927 917 959 967 ad
982 916 1069 965 Deum
1092 914 1160 965 facta
1180 923 1221 966 est

689 987 755 1037 unio
779 997 807 1037 to
821 1002 863 1037 rus
882 997 1015 1037 creaturae.
1042 986 1078 1036 Ut
1097 985 1163 1048 siut,
1181 985 1221 1035 in·

689 1057 759 1123 quit,
778 1059 952 1109 consummati
964 1057 991 1107 iu
1010 1071 1087 1106 unum
1106 1055 1134 1105 in
1147 1070 1220 1121 prae·

688 1131 769 1193 senti,
788 1132 817 1182 in
833 1131 935 1182 unitate
954 1129 1071 1181 caritatis
1086 1138 1113 1180 et
1127 1129 1220 1195 gratiae

689 1217 736 1268 per
755 1201 852 1266 fidem,
876 1203 944 1254 etin
958 1201 1049 1252 futuro
1069 1200 1098 1250 in
1115 1199 1218 1251 unitate

687 1273 790 1339 gloriae,
807 1284 832 1326 et
843 1273 982 1324 fruitionis
994 1271 1092 1323 divinae
1101 1287 1148 1336 per
1161 1287 1220 1338 spe-

688 1343 767 1394 ciem.
779 1345 821 1394 Ad
832 1343 884 1394 hoc
899 1344 971 1394 enim
985 1351 1040 1394 tota
1055 1341 1141 1392 tendit
1154 1356 1217 1392 ora·

687 1413 736 1474 tio,
755 1413 784 1464 in
805 1429 858 1480 qua
873 1413 974 1480 pluries
988 1412 1102 1463 inculcat
1116 1411 1217 1462 orando

688 1490 716 1534 ut
730 1485 784 1535 siut
802 1500 891 1535 uuum.
905 1485 949 1535 Sic
964 1499 1058 1535 omnes
1075 1498 1152 1534 orare
1166 1484 1217 1534 de·

687 1555 750 1605 bent
771 1570 820 1620 pro
838 1554 939 1604 unitate
961 1554 1051 1620 gratiae
1073 1554 1102 1604 in
1122 1553 1174 1614 via,
1191 1563 1219 1605 et
1259 1594 1260 1599 ¹

686 1641 735 1692 pro
754 1627 988 1679 consummatione
1008 1627 1099 1693 gloriae
1121 1627 1149 1676 in
1166 1641 1216 1694 pa·

685 1696 736 1747 tria
755 1713 762 1748 a
783 1706 814 1749 ut
833 1696 878 1747 hic
891 1697 1006 1746 habeant
1022 1697 1153 1748 unitatem
1169 1712 1216 1748 ca-

685 1766 772 1818 ritatis
790 1776 817 1818 et
836 1767 928 1834 gratioe
952 1765 1108 1832 perfidem,
1128 1777 1154 1817 et
1177 1766 1215 1819 ibi

684 1838 817 1888 unitatem
840 1838 979 1888 fruitionis
1003 1846 1030 1888 et
1056 1837 1148 1904 gloriae
1169 1853 1216 1904 per

684 1911 811 1976 speciem.
825 1911 856 1961 In
877 1911 979 1963 unione
993 1909 1111 1961 caritatis
1122 1911 1215 1963 consi·
1279 1940 1282 1955 τ
1302 1949 1308 1956 ,

684 1985 731 2036 stit
748 1985 874 2051 perfectio
889 1985 1049 2037 Christianae
1066 1985 1215 2052 religionis,

684 2055 747 2122 quia
756 2072 804 2123 per
818 2056 870 2107 hoc
880 2055 1003 2106 membra
1018 2055 1142 2106 Ecclesiae
1154 2072 1217 2107 con·

682 2126 833 2192 junguntur
847 2127 879 2176 ad
892 2126 1016 2187 invicem,
1032 2133 1058 2176 et
1072 2125 1153 2190 capiti
1168 2127 1214 2177 ho·

684 2196 753 2247 mini
767 2197 887 2262 Christo,
902 2207 928 2248 et
941 2197 1055 2248 ulterius
1069 2195 1122 2263 ipsi
1133 2197 1189 2248 Deo
1205 2216 1212 2248 :

685 2267 738 2328 Qui
757 2269 831 2319 enim
856 2269 977 2320 adhaeret
997 2268 1121 2331 Domino,
1146 2282 1214 2320 unus

683 2339 797 2406 spiritus
810 2346 865 2404 est,·
885 2349 911 2390 et
930 2338 969 2390 sic
983 2355 1030 2406 per
1044 2354 1215 2406 consequens

682 2410 803 2476 primum
814 2405 988 2476 principium,
999 2410 1073 2477 quod
1082 2419 1121 2461 est
1130 2411 1213 2472 Deus,

683 2481 854 2546 conjungitur
877 2480 993 2540 homini,
1010 2480 1058 2546 qui
1078 2489 1118 2530 est
1138 2495 1210 2546 quo-

682 2549 826 2599 dammodo
836 2549 927 2599 omnis
936 2559 1065 2600 creatura.
1080 2549 1158 2598 Finis
1169 2564 1214 2600 au·

682 2633 737 2674 tem
749 2622 862 2673 unitatis
878 2629 927 2683 est,
940 2629 970 2674 ut
980 2628 1133 2688 cognoscat,
1150 2632 1215 2674 tunc

682 2710 728 2761 ρετ
752 2693 880 2760 speciem,
903 2694 1026 2758 mundus,
1048 2709 1080 2744 ex
1102 2693 1214 2744 inimico

680 2764 785 2815 amicus
806 2762 931 2828 effectus,
953 2764 980 2813 id
1002 2773 1043 2813 est
1066 2763 1212 2823 credentes,

681 2836 744 2902 quia
765 2841 793 2886 lu
809 2849 849 2886 me
861 2835 968 2898 misisti,
984 2844 1010 2886 et
1025 2833 1142 2885 dilexisti
1156 2850 1215 2894 eos,

681 2907 751 2957 sicut
766 2916 792 2957 et
806 2921 851 2957 me
870 2905 997 2957 dilexisti.
1018 2905 1096 2957 Unde
1112 2908 1212 2972 Augu·

680 2978 787 3029 atinus.-
802 2995 816 3024 n
830 2978 860 3028 ln
874 2976 943 3027 Filio
955 2977 1056 3044 quippe
1071 2977 1147 3029 Pater
1161 2991 1214 3028 nos

681 3050 785 3117 diligit;
801 3050 865 3117 quia
879 3050 907 3101 in
925 3066 956 3101 eo
973 3067 1022 3102 nos
1033 3050 1121 3116 elegit.
1141 3052 1211 3103 Cum

681 3121 764 3188 igitur
773 3137 867 3172 eorum
881 3137 942 3188 quae
956 3121 1018 3173 fecit
1034 3122 1103 3172 nihil
1116 3121 1214 3182 oderit,

681 3196 743 3262 quis
753 3195 833 3262 digne
846 3196 933 3261 possit
942 3197 1017 3264 loqui
1031 3205 1162 3262 quantum
1175 3195 1212 3245 di·

680 3266 744 3334 ligat
754 3266 875 3318 membra
885 3267 1021 3334 Unigeniti
1033 3266 1085 3330 sui,
1093 3275 1119 3315 et
1130 3280 1212 3331 quan·

680 3351 708 3392 to
720 3341 837 3408 amplius
852 3341 942 3407 ipsum
955 3341 1138 3406 Unigenitum.
1154 3360 1167 3388 o

717 3430 748 3480 17
768 3415 850 3464 Ρττττ
867 3427 986 3469 nsuroua
998 3425 1211 3462 conruucrronnu

681 3499 846 3535 unuanonuu
857 3498 891 3532 an
906 3496 999 3531 entur.
1011 3508 1041 3519 -
1055 3479 1157 3531 Deinde
1169 3496 1213 3548 pe·

680 3556 713 3608 tit
734 3555 951 3622 conjunctionem
972 3553 1156 3604 membrorum
1178 3553 1211 3605 ad

680 3637 768 3693 caput,
782 3627 874 3678 dicens
892 3641 900 3675 ε
916 3625 1011 3687 Pater,
1025 3639 1092 3690 quos
1112 3624 1211 3679 dedisti

679 3701 752 3760 miti,
768 3715 814 3766 per
827 3713 917 3749 veram
938 3696 1018 3748 fidem
1033 3697 1062 3748 in
1081 3707 1126 3749 tua
1141 3712 1211 3763 prae-

679 3772 859 3824 destinatione
874 3771 907 3822 ab
923 3780 1032 3834 aeterno,
1045 3770 1113 3833 uolo,
1129 3770 1211 3822 idest

680 3863 728 3897 oro
753 3854 778 3897 et
802 3845 934 3904 desidero,
957 3850 985 3894 ut
1008 3843 1052 3894 ubi
1072 3858 1124 3910 ego
1142 3858 1212 3908 sum,

678 3917 732 3969 cito
756 3916 881 3978 futurus,
903 3921 929 3966 et
953 3915 995 3966 illi
1017 3915 1071 3966 sint
1096 3929 1213 3979 mecum,
