2632 4320
274 275 321 325 DE
336 274 557 325 mucronum
574 272 866 333 CONSOLATIONE,
880 277 958 328 ETC.

58 394 109 460 qui
123 392 219 442 uritur
229 404 310 457 super
318 391 426 456 faciem
439 391 525 441 mnis
547 397 600 440 ter·

57 477 112 524 re,
127 462 155 512 id
169 462 269 527 estqui
289 461 482 511 delectabiliter
502 470 529 511 et
546 476 594 527 per

55 546 181 584 amorem
204 532 348 598 quiescunt
372 532 401 581 in
423 531 547 596 terrenis,
568 541 594 582 et

60 603 220 669 huiusmodi
230 603 370 653 illecebris
385 604 506 653 Peccator
519 601 593 652 enim

59 674 155 740 primo
176 673 279 738 capitur
304 674 400 738 laqueo
427 673 521 737 culpe,
546 672 593 722 sed

56 749 169 799 undem
180 747 299 812 capietur
312 749 409 813 laqueo
423 761 523 811 poenae.
530 747 594 797 Sau-

55 819 97 870 cti
109 818 225 885 quidem
236 828 375 868 transeunt
391 833 471 883 super
484 827 592 877 terram,

56 903 191 957 tunquam
204 890 325 955 hospites
338 900 364 939 et
378 888 513 954 peregrini
523 903 535 950 3
546 888 593 938 sed

56 961 231 1011 malisedent
251 971 276 1011 et
299 961 443 1026 quiescunt
464 959 493 1009 in
513 969 591 1017 terra,

55 1042 188 1098 tanquam
211 1031 283 1081 eires
306 1042 332 1081 et
350 1029 504 1081 domestici..
515 1030 593 1081 Unde

62 1101 229 1167 Theophilus
251 1119 262 1152 .·
282 1121 295 1148 ι
316 1101 411 1166 Capiet
434 1101 510 1151 enim
534 1100 592 1149 dies

58 1173 108 1222 ilia
130 1172 253 1222 sedentes
282 1172 312 1221 in
336 1171 485 1236 superficie,
516 1170 592 1237 quasi

58 1242 299 1308 impraemeditatos
324 1253 351 1293 et
373 1243 479 1294 inertes.
504 1242 593 1302 Quot-

55 1326 131 1382 quot
140 1330 204 1365 rero
221 1326 285 1365 sunt
297 1318 409 1366 solertes
426 1327 452 1366 et
465 1315 547 1381 agiles
560 1314 593 1364 ad

58 1388 180 1447 bonum,
192 1402 247 1436 non
260 1387 383 1436 sedentes
396 1397 423 1437 et
436 1387 551 1437 otiantes
564 1385 593 1434 in

58 1456 182 1519 terrenis,
203 1457 249 1507 sed
264 1468 407 1522 surgentes
422 1457 456 1506 ab
471 1456 523 1517 eis,
542 1455 594 1506 sibi

54 1526 183 1577 dicentes
208 1543 214 1576 :
240 1531 334 1592 Surge,
361 1528 440 1592 vade,
464 1526 594 1593 quoniam

58 1614 114 1649 m
124 1609 167 1650 est
177 1599 223 1649 bic
234 1600 285 1650 tibi
298 1601 415 1665 requies,
427 1600 526 1650 talibus
539 1615 595 1651 non

60 1682 103 1723 ott
117 1671 165 1723 illa
179 1672 237 1722 dies
261 1683 291 1722 ut
314 1674 425 1738 laqueus
448 1683 477 1723 et
495 1672 595 1723 discri-

57 1757 132 1803 men,
159 1743 207 1792 sed
226 1753 260 1792 ut
275 1742 333 1793 dies
350 1743 471 1794 festivus.
486 1763 500 1792 n
515 1743 594 1794 Unde

53 1822 85 1864 et
98 1812 198 1863 Beda:
214 1831 228 1859 u
242 1813 268 1863 0
281 1813 389 1863 stultam
406 1814 595 1879 presumptio·

56 1901 122 1937 nem
133 1886 224 1936 cordis
236 1887 360 1947 humani,
379 1903 439 1953 quoe
461 1889 593 1937 lamenta-

56 1959 143 2009 bilem
155 1957 240 2008 finem
260 1959 427 2023 cupiditatis,
446 1959 592 2018 ebrietatis,

53 2039 86 2081 ot
97 2029 226 2095 mpulae,
242 2044 290 2079 nec
314 2029 373 2094 ipso
396 2030 482 2094 judice
502 2041 593 2080 conte»

56 2109 156 2164 state,
170 2100 323 2165 praevideat,
341 2102 388 2150 sed
405 2101 523 2151 edictu·
538 2101 593 2151 Re·

56 2170 103 2237 gis
121 2171 220 2221 eterni
240 2170 270 2219 in
285 2186 359 2220 more
379 2171 448 2221 servi
466 2187 592 2237 nequam,

57 2252 204 2308 postquam
213 2242 345 2302 didicerit,
356 2242 516 2308 spernatlEt
523 2253 593 2293 certe

56 2311 82 2362 si
109 2311 173 2379 quis
201 2313 287 2361 nobis
307 2313 409 2378 peritus
431 2329 462 2363 ac
485 2314 593 2380 sapiens

57 2385 181 2435 medicus
195 2385 348 2450 ptaeciperet
367 2401 374 2434 z
394 2385 539 2445 Attendite,
553 2386 593 2435 in-

56 2455 166 2522 quiens,
179 2456 268 2515 vobis,
282 2472 315 2506 ne
329 2457 403 2522 quis,
413 2456 489 2506 verbi
508 2457 593 2522 gratia

56 2526 92 2577 de
109 2526 187 2577 illius
207 2527 297 2576 herbae
320 2542 398 2578 succo
420 2527 527 2578 avidius
543 2543 592 2579 su-

58 2608 126 2681 niat?
146 2599 260 2665 quodsi
276 2599 376 2659 iecerit,
395 2599 552 2663 repentinus
566 2599 591 2650 ei

58 2669 231 2737 mperveuiet
245 2671 378 2731 interitus,
398 2680 500 2737 quanto
516 2669 592 2736 quis-

56 2755 114 2806 que
144 2740 239 2791 studio
269 2742 462 2806 praemonentis
493 2741 591 2791 medici

58 2811 185 2863 mundata
199 2822 326 2872 servaret,
337 2829 370 2861 ne
386 2812 508 2863 videlicet
520 2815 591 2863 veti-

56 2893 119 2935 tum
131 2885 267 2950 mutando
281 2885 380 2949 periret
385 2901 393 2948 ;
406 2901 438 2935 ac
451 2901 523 2936 nunc
537 2885 592 2936 ani-

56 2969 166 3006 matum
185 2955 268 3004 simul
287 2966 475 3021 etcorporum
499 2958 591 3006 Solva·

57 3034 113 3090 tor,
137 3040 168 3075 κ
194 3025 329 3076 ὓσιιιίιιυε
356 3027 429 3091 jubet
457 3027 592 3078 ebrietatis

55 3094 174 3146 herbam
192 3106 220 3145 et
235 3097 349 3162 crapulae
362 3097 508 3158 vitandam,
525 3114 592 3148 nee-

56 3180 114 3217 non
127 3175 157 3216 et
172 3181 299 3216 mnarum
313 3168 473 3219 secularium
489 3169 592 3219 sollici-

56 3236 175 3296 nidinee,
198 3247 230 3287 ut
245 3237 399 3287 mortiferos
418 3253 513 3289 succos
533 3255 592 3290 esse

56 3308 204 3370 mundos,
214 3320 243 3358 et
254 3310 348 3374 quanti
363 3321 453 3361 tamen
468 3322 591 3362 nostrum

56 3376 102 3429 hie
119 3393 178 3429 non
198 3380 289 3428 solum
304 3381 427 3442 sauciari,
448 3382 591 3433 sedetiam

54 3448 184 3501 ommi
204 3465 260 3499 non
278 3449 394 3501 timent?
420 3453 501 3503 Nulla
514 3455 591 3504 credo

55 3521 108 3573 alia
122 3537 213 3585 ceusu,
236 3523 290 3572 nisi
318 3525 382 3591 quia
401 3524 482 3576 fidem
509 3543 591 3594 quam

57 3592 158 3645 metet
179 3594 299 3658 praebent
326 3595 417 3659 dictis,
440 3597 500 3649 Deo
521 3614 593 3664 prau-

59 3661 122 3715 bflt
135 3674 334 3716 comtemnunt.
344 3666 374 3716 Si
386 3667 461 3717 enim
469 3669 594 3720 credidis-

59 3744 145 3796 sent,
167 3735 300 3786 caedendo
332 3737 428 3804 utique
450 3739 592 3803 timerent,
610 3780 612 3785 .

60 3802 183 3855 timendo
205 3816 297 3856 'autem
321 3807 468 3860 imminens
486 3812 593 3876 pericu-

61 3872 119 3926 lum
143 3887 276 3928 merem.
289 3896 305 3926 n
318 3878 396 3930 Unde
424 3881 592 3948 Chryso-rto-

1123 275 1171 327 331

647 404 725 441 mut:
740 409 755 438 c
772 391 803 442 Si
820 392 915 442 dinero
935 391 984 442 tibi
999 409 1006 442 ι
1022 391 1137 442 Abstine
1152 402 1178 444 te

645 476 661 510 a
685 460 802 522 deliciis,
828 473 854 512 et
888 463 994 527 jejun23
1024 479 1080 513 non
1103 462 1177 526 facis,

646 531 710 598 quia
731 549 787 583 non
810 533 906 584 credis.
923 534 956 584 -Si
973 533 1113 600 egrotanti
1127 533 1177 584 tibi

646 604 767 656 mediore
796 605 896 656 dixerit
919 623 927 656 ι
953 606 1068 657 Abstine
1090 615 1118 656 te
1143 606 1177 656 ab

644 673 712 739 lnoc3
740 675 864 736 obaudis,
888 676 952 742 quia
968 675 1056 726 credis
1075 686 1103 726 te
1123 676 1178 726 sel·

647 749 764 798 vandum
776 749 798 799 si
809 749 964 800 servaveris.
976 749 1011 798 Et
1024 749 1178 815 frequenter

645 817 714 869 iliud
727 834 801 870 amas
815 821 888 886 quod
901 820 1061 870 manducare
1070 819 1177 879 vetaris,

645 898 671 938 et
686 888 775 939 uineis
795 889 957 939 desiderium
979 889 1093 948 ventris,
1112 905 1178 954 pro-

645 968 704 1023 pter
734 959 897 1010 desiderium
926 959 1061 1022 sanitatis,
1090 960 1177 1009 multo

645 1031 736 1097 mosis
751 1031 868 1095 jejunare
884 1041 1001 1096 poteras,
1018 1029 1040 1079 si
1059 1030 1178 1079 crederes

644 1100 841 1165 jucunditatem
851 1101 926 1150 illam
939 1099 1057 1150 futuram
1071 1117 1078 1149 ι
1092 1119 1106 1146 n
1120 1099 1176 1149 haec

646 1173 865 1242 Chryrostomus.
891 1175 976 1238 Major
997 1173 1099 1223 insania
1120 1187 1175 1222 non

645 1256 813 1310 potestesse,
835 1262 918 1312 quam
940 1257 1054 1296 mortem
1078 1244 1176 1295 anima

645 1333 701 1367 non
724 1316 877 1369 formidare.
895 1316 974 1377 Quia,
996 1327 1025 1366 ut
1048 1315 1175 1366 nitidem

646 1389 874 1455 chrysostome,
903 1400 1005 1455 quanto
1035 1388 1177 1455 pretiosior

645 1469 686 1509 est
699 1459 791 1511 anima
802 1474 887 1526 quam
895 1475 1001 1524 corpus,
1014 1470 1089 1510 tanto
1098 1457 1178 1508 mise-

645 1528 756 1580 rabilior
777 1529 892 1594 perditio
915 1530 1068 1580 animarum
1094 1544 1174 1595 quam

645 1617 798 1668 corporum.

678 1692 695 1741 7
711 1676 776 1726 loro
787 1691 888 1727 suum
899 1691 947 1725 usr
958 1691 1134 1726 vtotntunuu.
1146 1702 1176 1713 -

645 1746 748 1796 Deinde
762 1755 854 1797 monet
866 1760 973 1804 omnes,
994 1745 1085 1795 dicens
1100 1760 1107 1794 ε
1129 1745 1176 1794 Vi-

645 1817 733 1882 gilate
757 1815 847 1881 itaque
871 1817 942 1866 ortui
970 1822 1095 1880 tempore,
1119 1830 1174 1865 nou

643 1886 736 1952 vigilia
759 1901 864 1950 sensus,
882 1887 946 1950 quia
971 1886 1063 1935 nullus
1087 1896 1176 1950 posset

645 1957 698 2007 hoc
720 1956 861 2015 sustinere,
884 1957 931 2007 sed
959 1957 1050 2021 vigilia
1068 1956 1176 2007 intelle·

645 2039 712 2092 ctus,
734 2028 767 2078 de
788 2043 844 2094 qua
868 2027 897 2079 iu
921 2027 1037 2078 Canticis
1053 2027 1175 2077 dicitur:

644 2100 711 2164 Ego
724 2099 836 2160 dormio,
852 2104 879 2150 el
891 2113 939 2150 cor
959 2113 1043 2149 meum
1057 2098 1157 2163 vigilat
1165 2115 1175 2160 ,-

645 2181 671 2220 et
682 2169 760 2220 omni
772 2175 1021 2234 rememorantes,
1034 2184 1089 2218 non
1103 2169 1176 2234 quod

643 2242 730 2292 oratio
758 2241 794 2292 sit
817 2256 923 2306 semper
952 2241 1089 2299 continua,
1113 2240 1177 2306 quia

644 2322 749 2377 oportet
763 2327 824 2361 eam
838 2326 910 2378 saepe
924 2310 1085 2377 interrumpi
1099 2325 1176 2361 som-

643 2400 691 2445 no,
705 2394 733 2435 et
745 2385 805 2435 aliis
824 2385 1029 2435 necessitatibus
1047 2383 1175 2449 corporis,

643 2458 690 2508 sed
716 2455 882 2506 continuitas
910 2455 1072 2520 intelligitur
1101 2455 1174 2519 quod

643 2543 699 2577 non
719 2528 881 2577 interveniat
902 2528 1016 2575 mortale
1037 2534 1174 2590 peccatum

643 2598 794 2664 impediens
813 2598 898 2662 ipsius
917 2597 1041 2647 effectum
1062 2605 1088 2646 et
1107 2611 1175 2660 opus

644 2671 756 2728 bonum,
772 2678 797 2717 et
809 2669 868 2718 ideo
881 2667 1006 2718 subditur
1021 2684 1028 2716 :
1051 2668 1086 2716 Ut
1098 2666 1176 2732 digni

642 2740 793 2791 lubeamini
813 2739 933 2806 sugere,
961 2739 990 2788 id
1017 2748 1059 2789 est
1085 2752 1176 2786 cavere

642 2812 794 2873 sulubriter,
817 2813 905 2863 omnio
925 2813 977 2863 isla
1000 2825 1059 2875 quae
1076 2809 1176 2876 futura

641 2889 712 2946 sunt,
729 2889 756 2933 et
769 2889 843 2933 stare
858 2883 945 2933 securi
960 2880 1102 2945 injudicio
1115 2885 1177 2931 anie

644 2955 746 3006 Filium
758 2956 881 3016 imminit,
896 2953 1014 3005 sedentis
1027 2954 1130 3004 scilicet
1143 2952 1176 3002 ad

642 3026 827 3091 iudicandum,
850 3026 877 3075 id
898 3036 939 3077 est
958 3041 1050 3076 coram
1069 3023 1177 3076 Christo

643 3100 672 3147 in
697 3099 784 3148 forma
806 3099 927 3151 humana
950 3098 1094 3165 judicante,
1113 3095 1176 3162 quia

642 3170 683 3221 illi
697 3170 744 3236 qui
768 3179 833 3220 tune
848 3170 1020 3221 invenientur
1039 3168 1100 3218 sine
1112 3181 1175 3232 pec—

643 3254 702 3294 cato
719 3244 835 3303 mortali,
860 3254 938 3295 erunt
961 3242 1035 3295 salvi.
1053 3242 1116 3290 Haec
1136 3248 1176 3288 est

641 3327 732 3366 autern
747 3332 855 3367 summa
867 3317 1051 3374 beatitudinis,
1065 3323 1096 3363 ut
1108 3311 1175 3361 dicit

644 3388 754 3450 Gloria,
769 3387 869 3438 scilicet
880 3388 909 3437 in
921 3385 1062 3453 praesentia
1074 3380 1176 3432 iudicis

645 3473 773 3508 securum
788 3459 943 3509 consistere.
958 3455 1020 3507 Mali
1037 3464 1126 3504 autern
1137 3466 1177 3500 ca-

645 3531 710 3580 dent
729 3540 792 3581 ente
815 3546 887 3590 eum,
908 3529 945 3578 ita
963 3526 1038 3593 quod
1059 3521 1176 3588 amplius

646 3616 702 3650 non
718 3610 867 3666 resurgent,
880 3600 944 3665 quia
958 3611 1064 3664 poeuam
1077 3609 1175 3662 quam-

644 3673 713 3724 libet
723 3674 834 3724 mallent
842 3672 984 3730 sustinere,
994 3684 1076 3735 quam
1086 3670 1176 3734 ipsum

645 3743 747 3794 videre.
763 3742 816 3794 Ubi
843 3743 1015 3807 Augustinus
1039 3757 1048 3792 .·
1075 3758 1089 3786 u
1114 3739 1177 3790 Haec

646 3814 809 3880 intelligitur
819 3814 865 3863 illa
875 3813 946 3877 fuga,
961 3826 1022 3877 quae
1033 3826 1088 3860 non
1099 3811 1178 3861 debet

645 3884 702 3935 fieri
718 3884 749 3934 in
770 3884 868 3944 hieme,
889 3885 932 3934 vel
955 3883 983 3933 in
1003 3881 1122 3932 sabbato.
1137 3881 1177 3931 Ad
