2632 4320
247 294 296 344 DE
311 292 480 343 SEPMONE
495 290 542 342 ΕΤ
558 288 743 341 omino-E
761 290 888 341 DOMINI
905 292 939 341 IN
955 292 1070 343 COENA.

96 422 189 474 omn,
199 418 229 460 et
239 407 404 475 Smgtrinem
418 422 480 458 vere
498 406 526 457 in
539 407 629 457 cibum

93 481 169 532 dedit
207 489 236 529 et
270 490 375 544 potum.
406 479 492 528 ltiirus
521 478 630 527 tandem

95 552 209 604 emicuit
223 550 377 601 dilectionis
395 564 529 609 excessus,
541 563 632 614 quan·

96 626 135 674 do
147 623 176 673 in
195 621 252 672 line
274 621 391 687 diligens
411 636 476 670 suos
491 630 545 670 tam
560 618 632 669 dulci

95 692 285 745 exhortatione
303 691 461 742 confortavit
488 691 517 740 in
549 690 632 749 bono,

94 768 209 817 Petrum
234 765 384 831 specialiter
408 778 578 830 praemonens
599 762 633 812 ad

97 837 179 887 tidem
203 846 234 887 et
254 836 347 895 robur,
366 846 392 885 ct
413 835 509 885 loanni
538 833 633 883 confe-

97 922 161 958 rens
171 907 306 972 pectusad
322 906 472 956 recubitum
486 906 592 955 dulcem
607 913 634 953 et

97 990 214 1028 sacrum.
242 976 270 1026 O
289 990 371 1042 quam
395 976 463 1025 mira
491 984 555 1025 sunt
578 975 634 1025 hnc

97 1049 192 1100 omnia
211 1050 312 1115 repleta
335 1049 476 1099 dulcedius
493 1048 532 1098 illi
551 1049 633 1098 dum-

96 1130 173 1171 taxat
191 1120 297 1181 animae,
322 1134 383 1186 quae
407 1120 439 1168 ad
463 1130 517 1170 tam
533 1120 635 1169 celebre

96 1199 193 1242 vocata
220 1191 395 1254 convivium,
431 1200 509 1240 tanto
535 1189 634 1239 mentis

97 1264 183 1314 currit
204 1264 309 1324 ardore,
325 1274 356 1314 ut
372 1263 458 1329 possit
479 1263 546 1313 illud
570 1278 635 1328 pro-

97 1334 242 1400 pheticum
262 1345 368 1384 eantme
382 1351 389 1384 :
405 1334 634 1395 Quemadmodum

97 1406 237 1458 &sidant
261 1422 356 1459 cervas
378 1409 416 1458 ad
434 1409 529 1474 sontes
546 1421 634 1472 aqua-

97 1494 167 1544 ram,
180 1479 248 1530 etc!
264 1482 398 1546 Conspice
411 1496 474 1547 ergo
486 1481 634 1530 Dominum

97 1554 165 1602 dunt
184 1554 316 1620 loquitur,
334 1556 472 1620 quomodo
486 1552 633 1613 efficaciter,

99 1626 234 1675 deroteet
247 1625 437 1676 delectabiliter
450 1626 572 1691 loquens,
587 1625 635 1674 im

98 1695 196 1762 primit
211 1696 352 1761 discipulis
371 1696 429 1746 suis
445 1712 506 1762 quae
528 1707 634 1759 narrat;

99 1777 126 1816 et
146 1766 266 1832 pascaris
288 1765 317 1816 in
337 1766 491 1818 amoenitate
512 1778 635 1832 aspectus

99 1848 126 1887 et
139 1838 287 1888 verborum
310 1839 376 1903 eins.
401 1839 533 1903 Conspice
553 1838 634 1888 etiam

97 1907 257 1972 dIsprulos,
284 1909 423 1973 quomodo
447 1919 512 1958 sunt
534 1908 633 1968 moesti,

97 1980 278 2045 lacrymantes
291 1990 318 2029 et
331 1979 448 2046 suspiria
462 1981 564 2030 dantes.
578 1979 635 2030 Ple-

97 2051 125 2099 ni
150 2050 227 2100 enim
250 2062 314 2101 sunt
338 2051 456 2111 tristitia,
477 2060 509 2100 ut
531 2052 565 2101 de
582 2052 633 2101 hoc

98 2123 157 2188 ipsa
177 2123 282 2173 Veritas
307 2123 494 2174 testimonium
515 2123 575 2185 fert,
598 2125 635 2173 di-

97 2210 163 2247 cens
177 2213 184 2246 :
200 2197 272 2258 Quia
285 2198 350 2260 lraec,
364 2197 467 2247 scilicet
479 2198 513 2247 de
528 2212 634 2248 recessu

98 2282 178 2328 meo,
205 2268 308 2318 locutus
332 2284 393 2318 sum
413 2270 496 2332 vobis,
522 2270 635 2319 tristitia

99 2338 222 2404 implevit
233 2352 282 2388 cot·
293 2345 418 2401 vernum,
441 2348 468 2390 et
480 2339 579 2390 doletis
592 2354 636 2388 me

101 2408 286 2474 corporalibus
303 2408 426 2458 subtrahi
448 2410 542 2460 oculis.
565 2410 636 2460 Inter

100 2481 171 2530 alios
191 2489 281 2530 autem
300 2481 426 2547 conspice
438 2481 579 2543 loannem,
595 2483 636 2532 ei-

102 2554 165 2603 dem
188 2553 348 2604 familiarius
361 2555 552 2615 cohaerentem,
567 2570 637 2622 qua·

101 2625 164 2674 liter
179 2633 280 2674 attente
302 2634 329 2674 et
347 2623 490 2690 diligenter
504 2624 579 2676 hunc
592 2626 636 2675 cst-

102 2696 202 2744 lectum
225 2710 306 2744 suurn
331 2696 433 2760 aspIcit,
463 2704 490 2745 et
518 2696 638 2747 tenerius

101 2763 228 2813 anxiatus
246 2763 338 2814 omnia
358 2765 438 2815 verba
452 2765 511 2829 eius
529 2766 638 2816 recolli-

102 2838 151 2902 git.
174 2837 235 2902 lpse
256 2837 330 2886 enim
352 2838 526 2889 solummodo
547 2855 577 2890 ea
590 2840 638 2889 de-

101 2907 225 2957 scribens
245 2907 356 2957 tradidit
373 2910 462 2960 nobis
480 2911 639 2961 Benedictus

104 2981 163 3045 ipse
177 2980 303 3037 Joannes,
319 2980 366 3047 qui
381 2996 464 3049 supra
475 2994 568 3050 pectus
581 2984 639 3035 Do·

103 3049 172 3100 mini
201 3051 359 3102 recumbens
382 3053 440 3104 haec
472 3055 585 3120 potavit,
614 3065 640 3105 et

105 3121 263 3171 memoriter
277 3123 395 3174 ret-inens
419 3124 499 3175 nobis
518 3140 549 3177 ea
569 3126 640 3176 scri-

105 3193 168 3259 psit.
193 3193 323 3244 llullus'
302 3210 341 3245 src
351 3195 467 3247 fideliter
480 3207 507 3247 et
522 3198 640 3248 familia·

104 3265 172 3314 riter
187 3264 306 3315 Domino
318 3266 441 3325 adhesit
462 3279 493 3318 ut
513 3268 640 3319 loannes.

105 3335 136 3384 ln
152 3348 229 3386 cetea
240 3338 314 3401 juxta
327 3350 392 3385 eum
405 3336 484 3399 tetsrt,
497 3338 561 3389 licet
572 3350 643 3391 atet

101 3405 198 3468 iunior
218 3407 354 3467 aliorum3
375 3414 403 3455 et
420 3406 531 3471 quando
548 3418 642 3489 captus

100 3474 175 3537 fuit,
205 3488 317 3528 secunu
339 3483 382 3525 est
401 3486 466 3525 erm
491 3474 642 3528 inanium

106 3548 238 3616 principis
261 3548 451 3610 sacerdotum
475 3556 504 3598 et
532 3562 581 3599 nec
612 3548 641 3599 iu

106 3621 290 3683 crucifixione,
306 3634 354 3672 nac
367 3620 395 3670 in
410 3626 507 3682 morte,
519 3632 568 3669 nec
581 3630 643 3684 post

107 3704 225 3745 mortem
239 3706 300 3744 eam
312 3692 427 3752 dimisit,
442 3702 642 3759 quousquev-

107 3765 273 3834 pulmsiuit.

141 3852 176 3888 20
191 3838 303 3887 Gnfflls
320 3848 386 3887 rosr
402 3848 499 3885 corsa
510 3848 640 3899 renorma,

108 3920 261 3960 maranus
277 3906 405 3957 Douma.
419 3906 501 3958 -Et
512 3904 641 3973 quiabo

1166 292 1217 358 431

684 404 777 454 minus
788 405 895 456 videbat
915 406 1062 471 discipulos
1075 406 1223 459 formidare

683 484 709 524 et
730 475 846 525 timere:
867 487 925 526 tum
952 478 1055 527 ratione
1077 479 1218 543 temporis,

683 547 746 613 qnia
774 564 827 597 nox
852 560 923 613 erat3
944 559 1004 599 tum
1028 550 1132 599 ratione
1156 551 1218 607 loci.

684 618 748 683 quia
759 616 788 666 in
803 618 910 669 civitate
923 619 1064 670 manifeste
1078 621 1219 682 sistebant,

685 691 721 740 ita
743 700 775 740 ut
796 691 948 758 frequenter
978 692 1220 745 circumvolveretur

685 761 779 810 oculos
810 762 845 810 ad
871 762 971 812 ostium
997 764 1113 824 domus
1141 765 1219 831 quasi

685 830 867 911 imaginantes
882 842 909 882 et
923 844 1107 898 exspectantes
1128 835 1217 885 invadi

685 909 713 949 ct
729 901 787 965 capi
807 902 841 951 ab
858 902 993 962 hostibus,
1008 914 1034 952 et
1046 915 1154 969 propter
1169 906 1220 956 hoc

687 971 779 1021 minus
790 973 960 1024 intendentes
973 975 1016 1024 his
1028 990 1088 1041 quae
1099 977 1221 1040 dicebat;

687 1042 748 1091 ideo
768 1053 798 1093 ut
813 1045 911 1094 melius
929 1046 1010 1095 verba
1024 1061 1085 1110 quae
1099 1048 1221 1098 dicturus

686 1126 745 1164 erat
764 1116 954 1183 intelligerent,
975 1129 1002 1168 et
1024 1128 1054 1168 ut
1075 1120 1108 1169 ad
1128 1121 1219 1170 locum

686 1190 759 1238 unde
781 1193 928 1241 tradendus
944 1203 999 1242 erat
1021 1193 1133 1254 veniret,
1149 1195 1221 1244 inter

686 1259 738 1309 alia
752 1260 791 1311 eis
806 1262 1041 1312 discumbentibus
1054 1264 1140 1312 dixit:
1154 1265 1222 1314 Sur-

685 1332 751 1396 gite,
773 1347 866 1384 umus
877 1336 945 1398 hinc,
964 1335 1065 1385 scilicet
1083 1337 1115 1385 ad
1130 1337 1219 1386 locum

685 1402 770 1452 alium
790 1406 877 1470 magis
898 1421 1022 1456 securum
1039 1417 1065 1456 et
1077 1416 1219 1470 secretum,

686 1472 733 1521 ubi
748 1475 912 1526 aestimantes
936 1492 984 1526 vos
1008 1492 1116 1527 securos
1133 1488 1222 1528 atten-

687 1542 741 1591 tius
763 1545 879 1595 audiatis
892 1547 974 1596 verba
988 1562 1056 1607 mea,
1078 1557 1104 1598 et
1124 1548 1222 1599 melius

688 1616 831 1666 attendatis
854 1619 886 1667 acl
913 1633 943 1668 ea
965 1634 1026 1684 quae
1055 1630 1119 1670 sunt
1144 1621 1222 1671 tobia

688 1688 800 1739 dicenda
809 1706 816 1751 3
835 1691 868 1740 ad
883 1693 973 1741 locu-m
989 1693 1061 1741 unde
1077 1694 1221 1744 tradendus

688 1776 750 1811 sum
771 1764 803 1812 ad
826 1774 951 1823 mortem,
970 1766 1003 1814 ad
1024 1767 1222 1830 separationem

689 1848 703 1882 a
718 1833 796 1884 vobis
813 1836 985 1900 corporaliter
997 1837 1025 1884 in
1043 1837 1222 1898 boemundo,

687 1906 719 1953 ad
735 1905 886 1969 angustiam
902 1918 928 1955 et
942 1907 1099 1956 Passionem
1118 1922 1220 1970 meam3

689 1984 716 2024 et
728 1976 875 2041 quicunque
892 1977 1010 2027 voluerit
1017 1983 1082 2042 post
1094 1993 1135 2028 me
1146 1978 1224 2028 veni-

687 2063 724 2109 re,
751 2050 867 2115 abreget
888 2052 1075 2116 resumption,-
1097 2058 1125 2101 et
1144 2052 1223 2102 tollat

686 2136 789 2172 crucem
811 2138 888 2172 suam
917 2131 944 2174 et
964 2132 1092 2190 sequatur
1114 2140 1164 2174 me.
1186 2126 1223 2175 Et

686 2208 731 2242 ora
742 2210 804 2244 eum
816 2204 913 2244 utnon
928 2196 1000 2245 sinat
1011 2206 1036 2245 tc
1049 2211 1064 2245 a
1078 2212 1128 2245 suo
1140 2197 1222 2246 latere

686 2264 819 2329 separari3
840 2264 887 2314 sed
910 2266 1037 2315 concedat
1060 2266 1108 2315 tibi
1130 2281 1221 2315 secum

688 2339 735 2398 ire,
749 2350 775 2389 et
789 2356 851 2390 eum
874 2341 961 2406 sequi,
977 2340 1035 2390 sive
1045 2342 1078 2390 ad
1097 2350 1222 2399 mortem,

687 2412 744 2461 sive
761 2412 794 2461 ad
815 2412 908 2462 vitam.
924 2413 949 2462 0
964 2423 1083 2478 quantus
1097 2428 1179 2477 pavor
1193 2413 1221 2462 in

689 2483 835 2549 discipulos
858 2485 968 2534 intravit
990 2485 1139 2535 nescientes
1167 2500 1222 2551 quo

688 2557 730 2605 vel
754 2556 870 2622 qualiter
898 2556 936 2606 ire
965 2558 1112 2617 deberent,
1139 2568 1166 2608 et
1192 2558 1225 2606 de

690 2625 776 2690 ipsius
800 2627 966 2691 separatione
992 2627 1142 2692 plurimum
1165 2627 1225 2677 for-

690 2698 841 2748 midantes!
864 2697 959 2747 Merito
981 2708 1071 2748 autern
1091 2699 1125 2748 de
1150 2708 1224 2749 tanto

690 2768 815 2818 convivio
852 2768 942 2834 gratia
978 2769 1118 2819 reddendae
1149 2782 1225 2818 eraut

691 2840 763 2901 De03
789 2848 815 2888 et
839 2839 899 2888 ideo
922 2848 984 2904 post
1007 2854 1120 2898 coenam,
1142 2840 1223 2905 hym·

690 2926 766 2969 num,
780 2909 807 2959 id
822 2919 862 2959 est
877 2910 1011 2960 canticum
1026 2911 1124 2960 divina
1138 2910 1226 2960 laudis

692 2981 769 3040 dixit,
793 2989 819 3029 et
841 2980 938 3045 gratias
953 2981 1016 3047 egit,
1039 2981 1109 3030 sicut
1124 2992 1150 3030 et
1163 2992 1225 3030 ante

692 3066 795 3102 coenam
810 3048 915 3111 fecerat,
929 3060 961 3100 ut
978 3051 1081 3101 scilicet
1094 3052 1225 3105 addiscas.

693 3131 718 3171 et
742 3130 803 3170 ante
816 3121 906 3170 cibum
930 3129 957 3170 et
977 3132 1038 3186 post
1053 3120 1144 3170 cibum
1165 3134 1227 3185 gra-

692 3193 793 3242 tiarum
833 3191 943 3241 reddere
977 3192 1102 3242 actiones.
1148 3190 1226 3240 Unde

693 3262 928 3328 Cleysostomus:
945 3261 1092 3311 «Audiant
1107 3259 1227 3324 quicun-

693 3348 747 3400 que
760 3333 832 3382 velut
846 3333 919 3397 porci
934 3330 1093 3395 simpliciter
1107 3330 1226 3379 mandu-

693 3418 782 3458 cantes
795 3420 857 3456 cum
877 3407 1002 3456 ebrietate
1017 3414 1142 3468 surgunt,
1163 3418 1226 3453 cunr

692 3480 797 3530 deceret
819 3479 917 3545 gratias
937 3489 1023 3540 agere,
1046 3484 1074 3524 et
1093 3475 1226 3540 hymnum

692 3550 850 3610 concinere,
875 3560 902 3600 et
931 3561 1053 3597 mensam
1076 3547 1226 3611 desine:e;

691 3625 803 3675 audiant
815 3622 970 3688 quicunque
983 3618 1107 3669 ultimam
1124 3620 1228 3669 oratio-

693 3710 755 3745 nem
769 3694 797 3744 in
812 3694 894 3744 sacris
908 3690 1043 3758 mysteriis
1054 3706 1109 3740 non
1130 3704 1228 3756 exspe-

691 3776 773 3827 ctant,
799 3767 895 3817 ultima
916 3764 989 3815 enim
1015 3764 1101 3814 oratio
1126 3764 1227 3823 missae,

692 3840 767 3891 iliius
791 3838 886 3906 hymni
911 3849 950 3887 est
975 3837 1096 3903 signum.
1119 3836 1228 3887 Gratias

693 3926 756 3977 ergo
775 3910 832 3976 egit
843 3920 986 3974 antequam
1005 3920 1080 3957 sacra
1100 3906 1228 3972 mysteria
