2632 4320
144 285 193 352 ιφ

428 284 604 338 SECUNDAE
623 284 748 336 PARTIS
762 284 879 337 CAPUT
894 288 990 340 xxvt„

491 732 496 744 ·
550 689 717 762 CAPUT
736 632 854 762 xxv]

251 993 305 1060 De
325 992 476 1062 sessione
496 993 643 1063 Domini
665 1015 770 1084 super
783 991 924 1085 pullum
943 1005 980 1064 et
998 992 1147 1064 asinam.

334 1266 476 1328 Matthaei
502 1287 569 1351 cap.
596 1287 650 1344 21,
675 1267 776 1330 Marci
802 1287 871 1350 cap.
901 1290 951 1346 11,
974 1269 1070 1332 Lucae

456 1395 524 1456 cap.
549 1397 586 1457 19
608 1388 638 1437 et
659 1375 793 1437 loannis
813 1396 880 1458 cap.
909 1397 958 1438 12.

177 1611 326 1660 rDoursus
357 1627 436 1661 vrrsrr
458 1612 619 1660 Brerurunoa
647 1625 673 1658 rs

141 1696 249 1731 uourau
270 1682 439 1732 Ocrvsrr—
409 1680 674 1747 —Frequentaban-

142 1763 186 1803 tur
199 1754 335 1820 mysteria,
354 1753 536 1820 implebantur
547 1752 671 1834 Scriptu-

141 1839 178 1874 rae
195 1839 242 1889 per
266 1825 417 1876 Dominum
437 1825 539 1884 Jesum,
556 1823 673 1874 instante

142 1907 274 1980 tempore,
299 1915 354 1965 quo
375 1899 480 1950 volebat
500 1913 546 1963 per
570 1896 672 1962 proprii

140 1970 281 2035 sanguinis
303 1970 459 2019 effusionem
479 1970 581 2018 mundo
606 1983 673 2017 con-

106 2040 111 2055 ’
140 2038 210 2088 ferre
235 2041 393 2090 remedium.
414 2040 498 2106 Igitur
523 2039 550 2088 in
573 2037 673 2089 masti-

142 2125 211 2170 num,
228 2109 255 2158 id
270 2120 310 2160 est
324 2111 352 2159 in
366 2110 410 2160 die
423 2109 557 2175 sequenti,
570 2107 673 2158 scilicet

141 2182 285 2241 dominica,
299 2198 407 2233 summo
428 2197 515 2240 mane,
531 2180 633 2246 paravit
645 2194 673 2228 se

141 2252 174 2303 ad
195 2253 313 2302 eundum
335 2253 364 2301 in
379 2254 536 2311 Jerusalem,
552 2266 622 2301 novo
648 2260 673 2299 et

142 2324 300 2372 inconsueto
318 2323 409 2382 modo,
424 2323 470 2372 sed
496 2322 566 2373 sicut
588 2321 674 2373 literar

141 2393 340 2458 prophetatum.
382 2394 544 2444 Imminente
584 2393 674 2460 itaque

142 2466 259 2531 paschali
281 2478 402 2534 tempore
427 2484 481 2533 quo
509 2467 672 2518 immolaba-

142 2546 186 2587 tur
211 2553 319 2603 agnns,
352 2537 409 2604 ipse
435 2551 564 2605 tanquam
595 2553 674 2588 verus

142 2610 235 2675 Agnus
250 2611 283 2661 ad
300 2613 387 2662 locum
402 2611 539 2661 Passionis
554 2610 674 2668 accessit,

143 2695 191 2744 pro
207 2681 292 2731 salute
321 2683 414 2732 mundi
441 2681 592 2732 voluntarie
619 2681 675 2730 im-

143 2750 302 2810 molandus,
332 2751 401 2801 facto
430 2752 575 2802 ostendens
600 2750 674 2815 quod

143 2828 199 2869 etat
221 2821 407 2884 paratissimus
428 2837 456 2871 se
480 2821 633 2878 humiliare,
649 2830 676 2869 et

143 2890 252 2941 obedire
270 2907 355 2957 usque
375 2894 407 2942 ad
422 2903 536 2942 mortem
553 2900 675 2940 contem-

142 2959 342 3023 ptibilissimam
362 2973 388 3012 et
408 2961 610 3012 acerbissimam
627 2976 675 3025 pro

141 3031 279 3081 omnibus
303 3035 459 3084 Secundum
474 3034 585 3095 Bedam,
606 3047 676 3097 prae-

141 3112 248 3171 ceptum
284 3106 363 3172 Legis
396 3118 468 3168 erat,
504 3117 534 3156 ut
574 3105 677 3155 decima

139 3177 205 3226 luna
234 3177 314 3242 primi
345 3179 461 3238 mensis,
491 3194 593 3243 agnus,
620 3178 676 3228 sive

141 3249 243 3309 haedus,
261 3248 288 3298 in
304 3251 384 3299 domo
398 3251 676 3315 recludereturnsque

141 3322 174 3370 ad
194 3321 325 3370 decimam
343 3321 435 3370 lunam
458 3323 578 3386 ejusdem
598 3336 675 3370 men-

141 3394 189 3453 sis,
212 3395 319 3460 quando
342 3394 374 3442 ad
389 3408 528 3458 vesperam
546 3392 675 3441 immola-

142 3467 233 3530 batur3
266 3467 382 3516 undeet
407 3480 486 3515 verus
509 3465 616 3529 Agnus,
643 3478 674 3511 ex

141 3537 217 3585 omni
231 3551 309 3603 grege
323 3535 382 3585 sine
392 3535 493 3583 macula
504 3533 613 3594 electus,
626 3547 674 3596 pro

140 3608 233 3672 populi
256 3603 673 3666 sanctificationeimmolandus,

140 3688 201 3728 ante
228 3679 347 3744 quinque
367 3678 433 3737 dies,
456 3677 482 3727 id
506 3686 546 3725 est
572 3675 675 3725 decima

139 3749 211 3813 luna,
229 3752 422 3816 Jerorolymam
445 3748 573 3807 ascendit,
591 3757 621 3797 ut
638 3748 675 3798 sic

141 3819 238 3870 veritas
251 3821 342 3887 figurae
356 3821 538 3886 responderet.
551 3819 675 3884 Cumque

144 3892 278 3944 Dominus
296 3895 374 3944 lesus
389 3909 497 3958 pergere
513 3894 600 3954 vellet,
616 3892 675 3941 Ma-

728 1619 777 1671 ter,
801 1619 832 1659 ut
856 1612 982 1668 creditur,
1010 1627 1059 1677 pro
1079 1611 1176 1663 affictis
1199 1628 1262 1664 eum

726 1680 868 1732 retinebat
882 1683 1015 1734 Similiter
1028 1695 1054 1734 et
1068 1684 1221 1750 discipulis,
1236 1697 1265 1736 et

726 1750 788 1802 aliis
818 1752 986 1805 intolerabile
1014 1755 1157 1806 videbatur
1188 1757 1264 1823 qtiod

727 1822 821 1872 illuc'
814 1835 874 1884 iret,
898 1837 925 1876 et
943 1836 973 1877 ut
996 1835 1120 1888 poterant
1139 1842 1204 1878 eum
1217 1844 1265 1879 re·

726 1893 877 1946 trahebant.
895 1896 1021 1948 ODeus!
1037 1899 1176 1963 quomodo
1200 1898 1266 1950 dili·

727 1964 825 2028 gebant
844 1981 924 2030 eum3
948 1978 973 2018 et
989 1970 1128 2035 quomodo
1154 1981 1212 2020 erat
1226 1971 1265 2020 eis

726 2050 848 2086 amarum
873 2039 1006 2106 quidquid
1028 2041 1135 2091 laederet
1155 2041 1263 2107 ipsum!

727 2107 787 2172 lpse
813 2125 875 2159 vero
902 2113 1022 2162 aliteri
1005 2113 1185 2178 disposuerat,
1216 2114 1264 2180 qui

726 2177 915 2230 universorum
939 2184 1052 2233 salutem
1067 2183 1192 2248 sitiebat,
1208 2200 1264 2235 coe-

727 2249 767 2315 pit
779 2250 862 2316 igitur
874 2253 920 2314 ire,
937 2267 962 2305 et
977 2255 1023 2306 illa
1034 2271 1114 2322 parva
1130 2256 1176 2306 sed
1193 2255 1263 2308 fide-

727 2318 762 2369 lis
799 2320 997 2386 discipulorum
1034 2325 1163 2377 comitiva
1203 2338 1265 2394 post

727 2389 833 2455 ipsum
846 2392 986 2461 incedere;
1014 2403 1040 2446 et
1071 2396 1147 2447 venit
1177 2396 1265 2448 Betit-

722 2461 848 2528 plage,
842 2481 868 2514 m
887 2467 998 2517 medio
992 2467 1109 2528 ttineris,
1131 2480 1195 2534 quae
1211 2479 1267 2518 erat

727 2530 841 2598 viculus,
855 2551 903 2586 seu
917 2538 980 2587 villa
991 2553 1071 2603 parva
1082 2538 1265 2601 sacerdotum,

728 2601 757 2652 in
781 2603 862 2656 latere
883 2618 911 2657 et
931 2609 1062 2658 descensu
1077 2622 1125 2658 seu
1151 2608 1267 2659 declivio

729 2675 831 2725 montis
861 2677 961 2728 Oliveti
986 2694 1080 2730 versus
1104 2678 1264 2739 Jerusalem,

728 2746 832 2798 distans
859 2766 913 2801 uno
933 2752 1058 2802 milliario
1077 2767 1093 2801 a
1122 2752 1265 2811 Bethania,

729 2832 791 2883 quae
818 2833 860 2872 est
891 2822 918 2872 in
953 2824 1005 2874 alio
1041 2824 1124 2874 latere
1160 2824 1265 2874 montis

729 2895 859 2961 ejusdem,
874 2905 900 2944 et
920 2911 975 2946 uno
996 2912 1011 2946 a
1034 2897 1193 2947 Jerusalem.
1211 2896 1266 2947 Un-

729 2968 762 3016 de
790 2965 946 3032 Bethphage
973 2969 1048 3018 locus
1078 2967 1263 3025 sacerdotum,

729 3039 797 3088 bene
812 3037 907 3088 domus
920 3040 1008 3090 buecae
1023 3055 1070 3089 seu
1084 3039 1264 3091 niaxillarum

728 3111 925 3174 interpretatur,
940 3110 1004 3175 quia
1026 3111 1135 3160 maxilla
1157 3110 1265 3176 propria

729 3189 785 3230 erat
799 3194 860 3244 pars
875 3180 1041 3229 sacerdotum
1055 3179 1083 3229 in
1100 3181 1182 3245 Lege,
1198 3196 1264 3247 quo-

729 3266 790 3299 rum
807 3260 863 3299 erat
876 3250 1029 3315 predicare,
1044 3260 1070 3300 et
1084 3251 1264 3311 verbumDei

730 3336 888 3387 proponere.
922 3322 1079 3371 Sacerdotes
1111 3321 1188 3373 enim
1217 3322 1263 3388 qui

730 3407 777 3458 per
790 3391 986 3441 hebdomadam
1009 3392 1037 3440 in
1056 3393 1158 3457 templo
1173 3391 1265 3442 deser-

728 3463 846 3525 viebant,
866 3463 997 3527 completo
1013 3462 1101 3512 officio
1115 3462 1185 3513 vicis
1199 3477 1265 3519 suae,

729 3537 792 3588 illuc
823 3538 855 3586 ad
884 3536 1048 3585 manendum
1077 3536 1264 3594 divertebant,

728 3609 776 3658 ubi
790 3608 871 3659 etiam
886 3623 980 3673 pecora
996 3623 1043 3657 sua
1055 3608 1170 3659 alebant.
1191 3608 1266 3658 Licet

729 3681 801 3732 enim
816 3698 870 3730 non
887 3681 1021 3731 habebant
1035 3681 1216 3732 hereditatem
1232 3681 1264 3730 ad

728 3753 914 3811 excolendum,
940 3751 1074 3801 habebant
1096 3762 1189 3801 tamen
1216 3752 1265 3800 do-

728 3839 789 3872 mos
803 3823 835 3872 ad
851 3822 1024 3872 nutriendum
1037 3822 1177 3883 animalia,
1192 3821 1265 3872 etad

729 3893 894 3944 manendum
907 3902 1028 3958 tempore
1044 3908 1099 3959 quo
1112 3909 1169 3942 non
1184 3906 1265 3942 vaca-
