2632 4320
144 251 195 305 180

141 366 216 418 tione
225 366 340 431 carnali3
358 381 516 431 sycomorus
540 365 614 416 enim
635 376 676 417 est

141 439 208 491 ficus
221 438 303 499 fatua,
323 449 349 489 et
361 439 451 505 signat
472 439 586 491 carnalis
606 440 677 490 dele-

142 510 269 563 stationis
279 511 459 571 dulcedinem,
474 528 535 578 quae
544 512 617 562 fatua
625 522 675 571 est,

142 599 225 651 quam
248 583 394 634 ascendens
419 585 551 649 perhanc
569 584 674 633 abstra-

142 655 259 705 ctionem
288 653 339 703 sub
366 654 479 718 pedibus
496 654 628 719 deprimit
649 665 676 704 et

142 725 240 788 calcat3
252 723 281 773 in
300 723 352 773 hoc
371 735 461 775 autem
476 724 549 791 quod
562 723 621 789 ipse
641 724 675 773 ad

144 811 226 847 unam
257 795 369 846 Domini
399 812 510 855 vocem,
537 796 676 861 festinans

142 869 290 931 descendit,
317 875 344 920 et
365 870 474 936 excepit
501 870 577 920 illum
603 883 675 935 gau·

142 939 221 1001 dens,
250 939 373 990 innuitur
399 940 541 990 abstractio
559 938 676 1005 proprioe

141 1009 298 1060 voluntatis.
321 1010 354 1059 Et
367 1010 424 1061 haec
442 1011 492 1060 tria
517 1026 546 1061 se
561 1011 675 1060 invicem

142 1081 300 1148 perficiunt;
321 1083 358 1133 ita
383 1084 456 1149 quod
478 1084 591 1134 alterurn
618 1083 677 1133 sine

142 1156 203 1207 aliis
228 1157 375 1222 perlectum
401 1174 455 1209 non
484 1167 533 1209 est.
550 1158 579 1208 Si
604 1157 676 1208 enim

141 1226 204 1292 quis
229 1227 264 1277 sit
287 1228 437 1278 abstractus
459 1243 474 1278 a
494 1228 677 1279 sollicitudine

141 1299 341 1381 temporalium,
351 1309 377 1350 et
390 1300 425 1350 sit
440 1301 547 1351 deditus
558 1302 678 1367 volupta-

142 1370 271 1430 ticarnis,
287 1371 356 1420 nihil
369 1373 451 1434 valet;
467 1381 494 1422 et
506 1372 546 1423 sic
556 1372 677 1437 intellige

142 1440 176 1490 de
184 1440 246 1490 aliis
254 1456 304 1491 suo
316 1443 406 1491 modo.

175 1510 190 1561 5
212 1512 373 1562 Beurourrxs
399 1513 498 1563 Doutnr
528 1529 595 1564 saca
629 1514 676 1564 ΖΑ-

143 1598 241 1633 crusuu
259 1599 293 1633 sr
303 1585 500 1635 Puxxrsmonuu
510 1601 633 1636 uunuutt.
644 1614 676 1624 -

142 1653 184 1704 Et
203 1653 344 1718 festinans
360 1655 504 1719 descendit,
526 1663 553 1706 et
570 1657 677 1723 excepit

143 1727 219 1778 illum
234 1729 400 1794 gaudersem
413 1731 549 1780 exsultans
559 1731 592 1780 de
608 1730 675 1781 tanti

143 1798 259 1864 hospitis
280 1800 403 1850 adventu.
430 1802 489 1851 lam
512 1800 585 1851 enim
612 1800 677 1867 quia

144 1871 291 1922 Dominum
313 1873 340 1922 in
354 1889 400 1922 cor
426 1889 506 1923 suurn
524 1883 677 1939 susceperat

144 1944 282 2005 Zachaeus,
298 1944 327 1995 in
338 1945 420 1995 domo
434 1946 492 2010 ejus
501 1945 626 2010 dignatus
636 1954 677 1995 est

143 2015 246 2080 suscipi
256 2014 398 2064 Dominus.
420 2015 450 2064 ln
469 2030 524 2081 quo
544 2015 613 2065 facto
625 2016 677 2065 Do·

144 2086 239 2135 minus
251 2085 351 2145 innuit,
363 2086 437 2151 quod
453 2086 524 2136 votis
537 2086 676 2136 minorum

144 2156 250 2215 annuit,
266 2166 293 2205 et
304 2155 414 2207 affectus
427 2157 487 2222 pios
506 2157 677 2222 prosequitur

143 2234 170 2274 et
186 2224 299 2290 perlicit.
318 2225 387 2276 Vide
412 2226 457 2276 hic
483 2226 676 2291 benignitatem

143 2293 268 2357 Domini;
287 2295 349 2361 plus
372 2295 446 2345 enim
469 2296 542 2346 dedit
566 2297 677 2347 Zachaeo

143 2380 225 2433 quam
249 2366 294 2418 ille
310 2367 493 2427 desiderasset,
515 2368 578 2435 quia
604 2370 678 2420 dedit

143 2438 168 2488 ei
187 2437 321 2503 seipsum,
343 2438 417 2504 quod
433 2439 478 2489 ille
492 2449 582 2505 petere
595 2455 678 2491 ausus

144 2527 199 2562 uon
224 2511 329 2564 fuisset.
351 2513 421 2563 Vide
442 2513 523 2564 etiam
549 2513 676 2565 virtutem

142 2584 283 2646 orationis,
305 2585 370 2652 quia
392 2585 555 2637 desiderium
579 2602 677 2653 magna

142 2671 195 2705 vox
211 2665 238 2706 et
256 2672 355 2721 magna
372 2656 457 2706 oratio
480 2667 538 2720 est;
565 2667 591 2708 et
616 2658 677 2708 ideo

143 2726 211 2775 dicit
229 2727 362 2791 Propheta
389 2743 396 2775 ε
419 2728 589 2778 Desiderium
604 2744 678 2793 pau-

139 2808 237 2860 perum
247 2796 391 2845 exaudivit
405 2796 544 2846 Dominus.
563 2798 596 2847 Et
612 2798 676 2848 alibi

143 2864 278 2916 Dominus
290 2866 323 2915 ad
338 2867 471 2932 Moysen:
487 2867 561 2928 Quid
575 2868 679 2919 clamas

143 2936 180 2986 ad
193 2935 257 2985 me?
268 2952 330 2986 cum
343 2937 389 2988 ille
408 2953 453 2989 ore
469 2947 574 2998 taceret,
585 2949 612 2989 et
624 2949 679 2990 tan-

143 3014 203 3056 tum
235 3005 314 3056 corde
347 3008 510 3073 loqueretur.
540 3009 617 3061 Unde
641 3009 678 3060 ait

143 3075 316 3140 Augustinus
328 3092 336 3126 .-
347 3077 439 3128 «Tota
450 3078 504 3129 vita
519 3078 584 3129 boni
595 3079 678 3131 Chri·

144 3144 224 3196 stiani
232 3155 356 3195 sanctum
365 3147 529 3199 desiderium
539 3159 593 3212 est3
604 3152 678 3216 quod

144 3226 234 3268 autem
257 3216 411 3278 desideras,
441 3220 563 3269 nondum
581 3220 676 3283 ·vides;

144 3288 190 3339 sed
208 3286 384 3337 desiderando
403 3303 483 3353 capax
500 3288 632 3353 efficieris,
647 3301 678 3340 ut

143 3374 206 3409 cum
228 3357 330 3408 venerit
350 3359 423 3424 quod
439 3358 539 3422 videas,
562 3361 678 3426 implea-

144 3429 182 3480 ris
193 3447 200 3480 ι
210 3430 268 3480 haec
283 3438 323 3479 est
340 3429 397 3480 vita
410 3440 510 3489 nostra,
526 3440 557 3480 ut
570 3432 677 3482 deside·

144 3503 229 3553 tando
251 3517 430 3553 exerceamur.
451 3503 570 3553 Tantum
586 3515 679 3556 autem

144 3590 196 3626 nos
218 3585 322 3626 exercet
346 3586 469 3626 sanctum
497 3575 677 3641 desiderium,

143 3660 275 3715 quantum
294 3650 426 3701 desideria
445 3660 538 3701 nostra
552 3663 678 3717 amputa·

143 3720 263 3771 serimus
287 3721 321 3771 ab
340 3736 431 3771 amore
458 3721 564 3771 seculi:
584 3740 597 3769 n
622 3723 678 3775 haec

142 3791 323 3856 Augustinus.
347 3793 387 3843 Et
405 3791 526 3843 videntes
547 3792 676 3845 Pharisaei

145 3868 171 3913 et
187 3861 234 3913 alii
247 3863 426 3929 malignantes
442 3864 537 3927 Judaei,
547 3865 620 3932 quod
631 3865 676 3917 in·

412 250 587 303 SECUNDAE
604 248 728 301 PARTIS
741 249 858 301 CAPUT
870 250 964 301 XXlll.

729 375 844 418 traremt
852 367 965 417 domum
984 365 1128 431 publicani,
1145 380 1267 421 murmu-

728 440 835 503 rabant,
848 441 966 491 dicentes
979 458 987 491 :
1002 441 1074 502 Quia
1088 440 1126 490 ad
1135 439 1269 493 lomim

724 518 892 578 peccatorem
913 512 1075 563 divertisset.
1100 511 1148 562 lsti
1168 528 1264 577 pecin-

729 583 794 633 bant
818 583 977 648 dupliciter,
997 582 1119 633 scilicet:
1134 581 1202 633 false
1218 584 1265 648 ju·

728 654 843 705 dicando
849 656 885 705 de
896 655 1016 715 Zachaeo,
1028 654 1157 720 quiajam
1167 670 1265 720 pecca-

728 736 772 776 tor
784 743 839 777 non
855 736 919 786 erat,
933 727 979 777 sed
1001 742 1063 777 vere
1079 725 1227 791 poenitens3
1239 737 1266 778 et

728 798 854 849 similiter
872 800 904 850 de
924 799 1042 859 Christo,
1052 799 1117 864 quia
1134 815 1192 850 non
1209 799 1265 851 mi-

729 884 790 919 rum
816 880 872 920 erat
905 870 928 920 si
957 870 1105 920 divertebat
1136 870 1170 921 ad
1202 885 1265 921 eum

729 953 810 1004 quem
821 938 1022 1003 justificavera13
1039 953 1084 989 cor
1097 938 1266 1005 enimpreni

728 1008 811 1059 tentis
827 1019 868 1058 est
891 1009 995 1060 Christi
1015 1009 1206 1069 diversorium,
1218 1010 1264 1061 ubi

730 1078 830 1131 Pascha
862 1081 1012 1130 manducat.
1040 1079 1266 1131 lrrationabiliter

729 1148 809 1199 mum
835 1150 1059 1209 murmurabant,
1084 1149 1152 1215 quia
1171 1150 1265 1201 nullus

729 1230 817 1287 potest
827 1222 1024 1273 rationabiliter
1041 1236 1223 1282 murmurare,
1240 1223 1265 1273 si

730 1294 850 1345 medicus
862 1293 989 1360 dignatur
999 1303 1133 1359 aegrotum
1145 1294 1265 1345 visitare.

729 1366 814 1417 Stans
826 1372 915 1416 atatem
933 1366 1075 1428 Zaclsoeus,
1089 1365 1123 1415 ad
1139 1366 1264 1417 obedien-

729 1439 795 1488 dum
813 1439 931 1489 Domino
952 1448 1106 1504 promptus,
1119 1455 1176 1490 non
1195 1440 1263 1490 titu-

729 1509 797 1560 bans
814 1521 924 1575 propter
938 1510 1054 1567 aliorum
1071 1510 1264 1561 murmuratio·

728 1596 791 1632 nem
815 1592 842 1632 et
859 1582 1068 1642 detractionem,
1093 1583 1165 1633 sicut
1186 1580 1265 1633 multi

728 1653 776 1719 qui
798 1655 832 1704 ad
851 1654 987 1705 modicum
1011 1654 1126 1705 verbum
1147 1655 1265 1705 aliorum

729 1725 832 1775 bonum
860 1727 987 1776 deserunt
1009 1727 1062 1790 jam
1096 1726 1265 1785 inchoatum,

728 1796 804 1847 dixit
816 1797 854 1848 ad
862 1797 1005 1848 mutuum
1021 1814 1030 1847 ε
1042 1797 1115 1848 Ecce
1126 1795 1266 1847 dimidius

729 1870 855 1919 bonorum
880 1883 998 1920 meorum
1013 1869 1057 1919 do
1078 1868 1265 1934 paupertim

729 1946 754 1991 et
764 1940 789 1991 si
797 1940 862 2006 quid
870 1940 986 2006 aliquem
996 1939 1172 2006 defraudavi,
1179 1938 1266 1991 reddo

728 2010 918 2076 quadruplum,
929 2010 1030 2061 scilicet
1045 2011 1078 2060 de
1088 2010 1207 2063 dimidio
1219 2024 1265 2061 re-

727 2083 806 2133 siduo
817 2083 890 2149 quod
898 2084 987 2134 adhuc
998 2083 1110 2133 retineo.
1122 2083 1180 2135 Lex
1187 2082 1264 2135 euim

728 2154 866 2221 aliquibus
888 2154 1015 2220 pnecepit
1042 2154 1184 2205 restituere
1211 2153 1264 2204 du-

730 2226 821 2291 plum,
840 2227 870 2277 in
898 2227 1038 2293 aliquibus
1065 2226 1263 2293 quadruplum,

730 2298 758 2349 in
781 2299 918 2365 aliquibus
942 2300 1135 2366 quintuplum
1157 2308 1184 2350 et
1203 2298 1265 2351 ideo

730 2384 778 2436 per
795 2368 847 2420 hoc
861 2371 933 2436 quod
959 2370 1003 2420 hic
1021 2369 1157 2421 restitutio
1175 2368 1265 2421 media

730 2440 899 2506 exprimitur,
918 2440 978 2491 aliae
998 2440 1057 2490 duae
1077 2450 1206 2491 extrem
1218 2439 1265 2491 in-

730 2513 896 2578 telliguntur.
912 2513 954 2563 Ex
966 2512 1122 2563 hoc·autem
1134 2512 1209 2579 quod
1219 2511 1266 2563 di·

730 2584 848 2635 midium
879 2585 1015 2635 bonorum
1050 2599 1165 2634 suorum
1191 2582 1266 2635 dedit

731 2654 902 2720 pauperibus,
922 2663 993 2719 patet
1006 2654 1080 2719 quod
1099 2668 1156 2703 non
1171 2652 1266 2704 omnia

730 2727 856 2777 bonasus
871 2735 945 2776 erant
954 2725 1025 2775 ntale
1042 2724 1185 2791 acquisita.
1199 2723 1264 2792 qula

731 2797 764 2847 de
775 2796 830 2847 illis
845 2812 900 2846 non
910 2805 1000 2861 posset
1011 2794 1069 2845 fieri
1082 2795 1263 2861 eleemosyna.

731 2868 806 2919 Sicut
825 2879 917 2919 autem
944 2868 1074 2919 Zachaeus
1093 2866 1166 2917 dixit
1192 2866 1266 2918 :De

727 2941 893 3007 pauperibus
916 2947 943 2991 et
963 2940 1047 2991 reddo
1067 2939 1266 3006 quadruplatur

731 3013 770 3064 sic
779 3013 878 3063 debent
889 3011 976 3063 lacere
987 3012 1107 3062 volentes
1121 3010 1188 3062 dare
1195 3011 1268 3061 else·

730 3085 1265 3220 itttiitt¹ftiffttffitssll„

730 3230 808 3289 dabo,
817 3229 860 3279 vel
869 3228 988 3286 reddam,
998 3242 1046 3277 seu
1060 3226 1088 3276 in
1104 3233 1267 3277 testamento

731 3315 792 3350 meo
809 3313 920 3365 ponam.
936 3297 989 3349 Ubi
1005 3297 1083 3347 Beda
1101 3314 1111 3348 .·
1126 3314 1141 3343 a
1156 3296 1192 3347 Et
1208 3294 1267 3346 hnc

730 3381 771 3422 est
789 3370 898 3437 sapiens
914 3370 959 3419 illa
986 3368 1101 3419 stultltia
1126 3382 1212 3435 quam
1232 3365 1267 3417 ds

731 3456 873 3507 sycomoro
888 3439 1048 3505 publicanus
1058 3438 1138 3505 quasi
1148 3437 1267 3489 fructum

730 3512 793 3562 vitae
804 3511 923 3577 legerat:
936 3520 1012 3575 rapta
1028 3508 1157 3561 videlicet
1169 3506 1267 3559 redde·

731 3598 769 3644 re,
783 3583 892 3647 propria
899 3581 1060 3646 relinquere,
1070 3578 1193 3633 visibilis
1206 3592 1268 3629 uou-

730 3661 869 3711 temnere‚
898 3666 946 3717 pro
973 3649 1162 3702 invisibilibus
1185 3648 1266 3701 etiam

731 3722 801 3773 mori
814 3722 974 3781 desiderare,
988 3720 1108 3787 seipsum
1123 3721 1267 3788 abnegare.

731 3795 825 3860 eteius
840 3795 888 3861 qui
909 3795 1025 3845 necdum
1046 3793 1191 3845 videbatur
1207 3792 1267 3843 Do-

730 3864 798 3916 mini
810 3865 922 3931 vestigia
936 3864 1015 3931 sequi
1031 3864 1240 3930 concupiscere:
1251 3878 1265 3907 ι
