2632 4320
148 286 199 354 378

146 416 194 452 seu
217 409 319 466 septem
345 400 402 450 dies
424 416 591 467 azymorum,
612 400 677 468 qui-

147 474 199 523 bus
219 471 304 523 ludaei
326 487 408 538 panes
425 488 543 538 azymos,
565 474 617 524 hoc
640 483 680 523 est

146 545 206 595 sine
227 544 376 604 fermento,
401 546 589 609 comedebant3
616 561 678 596 nam

148 614 177 689 α’,
194 607 263 667 sinc,
278 618 303 656 et
317 612 401 688 (hm),
419 607 582 659 fermentum
597 608 680 674 sigui-

146 687 215 746 ficat,
230 685 302 735 uude
314 685 342 735 in
356 683 488 736 Actibus:
509 683 604 734 Volent
614 689 680 750 post

146 758 255 809 Pascha
262 758 414 822 producere
424 770 483 806 cmn
490 755 601 822 populo,
613 765 678 818 etc.;

146 828 252 895 primus
275 839 301 878 et
323 826 437 878 ultimus
454 826 513 876 dies
537 826 611 876 illius
633 841 679 876 se-

146 899 274 967 ptimanae
310 900 399 966 magis
433 901 570 949 solemnes
605 907 681 949 erant

146 988 229 1041 quarn
253 974 345 1024 medii,
369 1001 400 1010 -
421 971 557 1032 Secundo,
582 972 681 1023 dicitur

147 1047 214 1097 hora
243 1045 438 1096 immolationis
467 1044 550 1110 agni,
578 1045 680 1094 scilicet

146 1134 257 1184 vespera
279 1135 333 1185 qua
359 1133 445 1184 agnus
471 1116 679 1178 immolabatur,

147 1205 209 1257 quae
226 1200 266 1240 est
281 1190 390 1240 initium
408 1189 489 1254 primi
504 1189 556 1238 diei
570 1205 680 1257 azymo-

147 1275 218 1320 rum,
237 1260 284 1326 qui
309 1259 457 1309 solemnior
477 1268 541 1316 erat,
557 1269 587 1308 ut
609 1258 678 1309 hic:

147 1331 233 1382 Scitis
244 1331 306 1396 quia
314 1336 378 1396 post
388 1330 494 1380 biduum
504 1330 613 1380 Pascha
618 1330 679 1396 fiet,

148 1401 220 1451 unde
241 1409 331 1450 cantat
354 1400 470 1450 Ecclesia
494 1416 500 1450 :
525 1399 681 1460 Quartode-

147 1473 217 1523 cima
231 1472 275 1522 dic
288 1473 327 1522 ad
340 1486 486 1538 vesperam,
505 1472 614 1522 Pascha
628 1472 681 1521 Do·

147 1545 214 1596 mini
241 1551 294 1607 est,
319 1554 385 1608 etc.;
410 1545 469 1596 dies
493 1555 583 1596 autem
610 1559 681 1610 prae-

147 1617 244 1667 cedens
270 1617 345 1667 illam
369 1617 477 1678 horam,
508 1633 557 1668 nec
579 1618 682 1667 Pascha

147 1687 300 1749 dicebatur,
330 1703 379 1738 nec
404 1689 535 1738 solemnis
563 1696 627 1738 erat.
650 1714 682 1724 -

145 1760 249 1820 Tertio,
266 1760 367 1810 dicitur
387 1761 494 1826 primm
513 1776 679 1827 azymorum,

147 1831 194 1897 qui
207 1841 262 1881 erat
277 1831 477 1891 celeberrimus,
491 1831 591 1881 scilicet
605 1831 682 1897 quin-

148 1902 279 1952 tadecima
293 1902 355 1953 luna
375 1903 457 1968 primi
471 1902 583 1964 mensis,
598 1917 682 1968 quan-

147 1975 182 2023 do
206 1989 329 2039 egressus
350 1975 468 2040 populus
492 1974 571 2023 Israel
587 1983 628 2023 est
649 1974 681 2022 dc

147 2047 275 2112 AEgypto,
296 2056 326 2097 ut
350 2046 388 2097 ibi
410 2063 416 2096 ε
439 2045 682 2113 Appropinquabad

140 2116 206 2168 ‘dics
219 2117 312 2182 festus
327 2132 498 2184 azymorum,
518 2117 563 2182 qui
582 2116 682 2166 dicitur

148 2187 257 2239 Pascha
262 2203 271 2248 ;
287 2197 313 2237 et
327 2187 365 2237 ibi
381 2204 388 2236 ι
404 2189 475 2237 Ante
494 2187 564 2236 diem
576 2185 681 2250 festum

148 2257 272 2307 Pascha.
287 2285 317 2295 -
334 2258 445 2320 Quarto,
461 2256 559 2307 dicitur
575 2256 681 2306 festivi-

148 2337 187 2376 tas
204 2327 289 2390 epulae
309 2326 450 2392 paschalis,
474 2335 505 2376 ut
527 2327 556 2376 in
580 2327 682 2376 Parali-

147 2394 273 2462 pomenis
293 2411 300 2446 z
318 2398 381 2447 Non
400 2395 462 2462 suit
484 2397 575 2448 Phase
594 2397 683 2448 simile

145 2467 209 2517 huic
224 2466 250 2516 in
273 2467 371 2518 Israel.
392 2496 423 2506 -
446 2468 559 2528 Quinto,
584 2468 682 2517 dicitur

150 2553 236 2604 agnus
264 2539 405 2604 paschalis,
429 2540 476 2606 qui
503 2551 612 2605 paratus
634 2553 682 2589 co-

149 2611 306 2662 medebatur
329 2629 336 2662 :
363 2611 415 2662 Ubi
436 2611 477 2662 vis
491 2626 622 2678 paremus
635 2610 683 2661 tibi

149 2685 285 2736 comedere
306 2684 439 2736 Pascha?
459 2695 484 2735 et
506 2684 544 2734 ibi
568 2701 576 2734 ι
606 2685 684 2735 Venit

148 2754 208 2805 dies
220 2771 382 2824 azymo-um
396 2757 423 2805 in
437 2771 489 2821 quo
502 2770 608 2806 necesse
622 2762 683 2807 erat

148 2827 236 2876 occidi
248 2827 368 2877 Pascha.
383 2854 413 2863 —
427 2827 517 2890 Sexto,
527 2842 609 2892 panes
624 2843 683 2892 azy-

149 2895 197 2957 mi,
212 2897 253 2947 vel
273 2896 430 2963 quicunque
445 2898 522 2947 cibus
539 2897 680 2963 paschalis

147 2975 177 3016 ut
202 2967 240 3016 ibi
271 2984 278 3015 z
305 2968 368 3017 Non
392 2968 553 3018 introierunt
570 2975 682 3034 prato-

146 3037 227 3101 rium,
244 3044 272 3087 nt
294 3053 347 3088 non
361 3040 615 3102 contaminarentur,
634 3041 682 3091 sed

148 3108 340 3159 manducarent
353 3110 471 3174 Pascha,
488 3111 515 3161 id
536 3120 578 3161 est
599 3126 681 3177 panes

147 3193 266 3244 ammos,
283 3194 331 3228 seu
348 3178 500 3243 paschalem
516 3180 581 3245 quia
593 3181 626 3230 ad
641 3195 681 3230 co

148 3253 312 3302 medendum
333 3267 426 3318 azyma
449 3262 552 3318 septem
575 3253 680 3312 diebus,

147 3325 287 3389 oportebat
314 3338 360 3373 eos
384 3324 528 3373 mundatos
554 3339 630 3385 esse,
657 3334 682 3374 et

148 3394 207 3444 ideo
227 3394 351 3461 quolibet
370 3402 471 3459 septem
496 3394 601 3444 dierum
625 3410 679 3444 non

148 3476 271 3532 poterant
289 3467 316 3517 in
339 3466 493 3532 praetorium
514 3465 634 3516 introire.
650 3495 680 3504 -

148 3538 277 3604 Septimo,
292 3537 393 3588 dicitur
409 3537 468 3602 ipse
491 3536 617 3587 Christus
633 3553 682 3603 per

147 3624 248 3675 agnum
261 3609 415 3675 paschalem
431 3608 560 3674 signatus,
573 3618 603 3657 ut
618 3608 656 3659 ibi
673 3626 679 3659 ε

148 3679 682 3732 PaschanostrumimmolatnsestChri·

147 3759 214 3813 stus,
232 3753 289 3819 ipse
309 3752 383 3803 enim
407 3761 445 3802 est
466 3766 562 3801 verum
583 3752 681 3803 Pascha

146 3833 278 3874 nostrum.
299 3823 338 3873 De
352 3821 489 3888 praedictis
511 3822 617 3872 Paschae
632 3837 681 3872 ac-

145 3897 316 3962 ceptionibus
329 3906 392 3946 sunt
407 3895 452 3945 isti
468 3909 563 3946 versus
578 3913 585 3946 :

435 244 611 337 sEcuNola
633 286 761 336 PARTIS
778 286 897 338 CAPUT
916 288 958 337 Ll.

732 401 897 463 Hebdomas,
906 402 982 465 hora,
992 403 1057 464 dics,
1065 402 1160 469 epula,
1168 417 1265 477 agnus,

995 474 1117 541 [azyma
1130 475 1265 539 Christus,

732 543 840 595 Pascha
856 543 942 594 solent
962 545 1031 608 dici5
1044 545 1115 595 velut
1135 546 1267 610 exanplis

1127 616 1266 685 [patefeci.

732 757 921 808 Communiter
943 765 1031 808 tamen
1048 757 1150 808 Pascha
1168 773 1267 809 vomu-

731 837 776 878 tur
788 827 847 878 dies
859 827 887 877 in
900 843 953 892 qua
966 828 1157 878 immolabatur
1170 843 1266 894 agnus.

770 898 787 949 6
812 900 871 950 Cun
900 901 1003 950 Pascua
1030 901 1140 950 uicinus
1163 915 1268 952 uanus-

733 971 807 1021 trus?
824 999 857 1010 -·-
878 971 1033 1022 Declinatur
1051 981 1143 1021 autem
1166 971 1269 1022 Pascha

732 1044 842 1094 Pascha
868 1045 910 1094 vel
939 1043 1088 1104 Paschatis,
1114 1054 1141 1094 et
1169 1045 1269 1095 dicitur

734 1114 836 1165 Pascha
847 1131 903 1164 non
917 1131 932 1164 a
947 1115 1083 1174 Passione,
1098 1115 1172 1164 seda
1184 1125 1270 1165 trans·

732 1185 782 1236 itu.
795 1185 885 1236 Prima
899 1185 972 1234 enirn
991 1185 1068 1250 origo
1088 1185 1172 1250 hujus
1188 1200 1268 1236 voca-

733 1255 791 1307 buli
813 1255 920 1306 Pascha
948 1271 981 1306 ex
1004 1256 1118 1306 Hebraeo
1141 1255 1268 1315 habetur,

733 1331 797 1397 quia
817 1331 920 1381 Pascha
942 1330 1040 1380 dicitur
1064 1330 1143 1396 quasi
1167 1330 1267 1392 Phasc,

733 1403 805 1470 quod
831 1403 860 1454 in
889 1404 1002 1454 Hebraeo
1024 1404 1098 1453 idern
1129 1413 1170 1453 est
1195 1405 1269 1470 quod

732 1473 869 1523 transitus.
889 1474 1033 1524 Dicebatur
1053 1483 1144 1524 autem
1166 1473 1269 1524 Pascha

733 1543 889 1594 Judaeorum
905 1544 1043 1608 transitus,
1061 1551 1175 1609 propter
1191 1543 1245 1593 duo
1260 1560 1267 1592 :

709 1631 711 1636 ·
733 1614 798 1681 quia
820 1629 852 1664 ea
874 1624 952 1664 nocte
973 1629 1029 1679 qua
1049 1613 1210 1664 immolatus
1228 1626 1269 1664 est

732 1703 825 1753 agnus,
834 1688 955 1753 Angelus
964 1688 1165 1748 exterminator,
1173 1687 1270 1739 videus

732 1761 893 1826 sanguinem
913 1760 976 1826 agni
992 1759 1021 1810 iu
1041 1759 1148 1811 foribus
1164 1761 1270 1812 Israeli-

733 1843 831 1893 tarum,
846 1833 1028 1898 pertransivit,
1043 1849 1100 1882 non
1119 1833 1272 1898 percutiens

733 1918 792 1966 eos3
817 1903 928 1969 etquis
950 1903 1000 1952 iilii
1027 1903 1107 1953 lsrael
1135 1902 1270 1969 fugientes

733 1974 779 2024 illa
802 1983 880 2024 nocte
902 1975 935 2025 de
951 1974 1109 2040 AEgyptiaca
1132 1975 1269 2032 servitute,

734 2060 808 2096 mare
825 2045 940 2095 rubrum
957 2045 1135 2103 transierunt,
1150 2053 1178 2094 et
1193 2045 1270 2095 dein-

733 2116 767 2165 de
785 2115 818 2165 ad
831 2125 932 2166 terram
947 2115 1090 2180 promissa
1106 2114 1176 2164 olim
1191 2115 1269 2165 here-

733 2185 825 2236 ditatis
848 2195 875 2235 et
895 2185 967 2250 pacis
991 2194 1134 2244 venerunt,
1158 2196 1186 2236 et
1210 2185 1269 2234 ideo

733 2256 833 2307 festum
850 2256 923 2306 istud
939 2257 1008 2306 bene
1027 2255 1126 2305 Pascha
1150 2264 1266 2306 vocatum

734 2328 795 2387 Quo
808 2327 923 2377 transitu
938 2325 1125 2393 praefiguratus
1137 2336 1180 2377 est
1190 2325 1268 2377 mam

733 2401 863 2452 transitus
890 2399 992 2452 Christi
1023 2401 1056 2449 dc
1087 2400 1140 2449 hoc
1166 2398 1267 2449 modu

733 2473 766 2522 ad
787 2472 910 2536 Patrem3
930 2483 955 2522 et
977 2470 1107 2521 transitus
1127 2476 1222 2521 noster
1237 2470 1268 2519 de

732 2544 807 2594 vitiis
833 2544 866 2593 ad
894 2542 1024 2602 virtutes,
1049 2551 1076 2592 et
1099 2541 1134 2592 de
1157 2540 1267 2592 terrenis

733 2614 766 2664 ad
783 2615 909 2665 coelestia.
933 2615 966 2663 Et
989 2612 1049 2662 ideo
1070 2610 1200 2662 similiter
1219 2612 1267 2661 Pa-

733 2687 799 2738 scha
815 2685 1034 2736 Christianorum
1047 2682 1165 2749 mystice
1175 2682 1268 2733 dicimr

734 2760 864 2811 transitus
880 2776 887 2809 ι
903 2759 967 2825 quia
985 2758 1013 2808 in
1028 2772 1060 2807 eo
1074 2756 1213 2808 Dominus
1224 2770 1267 2822 per

734 2841 849 2883 mortem
866 2830 990 2881 transivit
1003 2830 1037 2878 de
1049 2828 1104 2878 hoc
1120 2830 1224 2879 mundo
1236 2828 1267 2877 ad

736 2904 859 2967 Patrem3
887 2911 913 2950 et
945 2898 1081 2965 siguificat
1110 2899 1186 2965 quod
1213 2898 1268 2961 eius

734 2973 857 3038 exemplo
866 2971 958 3022 fideles
966 2969 1108 3021 Christum
1118 2980 1267 3036 sequentes

733 3044 775 3094 vel
793 3042 981 3109 paenitentiam
1002 3050 1029 3092 ct
1042 3035 1206 3108 martyrium
1225 3055 1268 3090 as-

733 3113 877 3174 sumendo,
891 3112 1039 3163 secundum
1063 3111 1132 3162 illud
1148 3112 1267 3161 :Trans-

734 3186 831 3237 ivimus
849 3201 902 3251 per
926 3186 1018 3251 ignem
1041 3190 1068 3234 ct
1090 3199 1206 3250 aquam,-
1229 3182 1267 3231 vel

710 3280 712 3285 v
734 3259 834 3308 mentis
850 3255 985 3307 desiderio
1000 3255 1032 3304 ad
1054 3253 1267 3306 coelestiamhe-

733 3329 822 3389 lando,
843 3326 992 3378 secundum
1016 3325 1085 3374 illud
1108 3341 1116 3375 ι
1143 3323 1267 3374 Transiit

734 3403 771 3453 ad
795 3415 848 3464 me,
877 3410 981 3462 omnes,
1006 3399 1052 3464 qai
1080 3395 1268 3462 concupiscitis

734 3486 783 3535 me,
800 3469 941 3523 transituri
956 3480 1019 3520 sunt
1033 3485 1082 3535 pro
1093 3467 1200 3518 Christi
1215 3480 1269 3517 san·

734 3543 817 3610 guina
837 3541 898 3593 fuso
913 3540 946 3592 ad
963 3540 1055 3607 patriae
1069 3539 1189 3590 coelestis
1208 3552 1269 3605 pro-

734 3613 904 3664 missionem.
928 3611 1043 3678 Sanguis
1066 3609 1143 3660 enim
1169 3607 1268 3660 Christi

732 3683 811 3733 debet
818 3682 888 3749 poni
899 3696 980 3748 super
991 3691 1143 3747 utrumque
1156 3690 1269 3747 postem,

733 3753 833 3804 scilicet
853 3769 860 3803 z
880 3767 961 3818 super
981 3752 1163 3811 intellectum,
1179 3753 1270 3801 devote

732 3823 916 3890 recogitanda
933 3833 959 3874 et
975 3837 1057 3888 super
1071 3821 1210 3882 affectum,
1224 3822 1268 3871 de·

732 3904 793 3946 vute
804 3908 851 3961 per
864 3893 1049 3960 ponitentiam
1062 3892 1209 3945 imitando.
1220 3892 1268 3943 Uu-
