<?xml version="1.0" encoding="UTF-8"?>
<!DOCTYPE html PUBLIC "-//W3C//DTD XHTML 1.0 Transitional//EN"
    "http://www.w3.org/TR/xhtml1/DTD/xhtml1-transitional.dtd">
<html xmlns="http://www.w3.org/1999/xhtml" xml:lang="en" lang="en">
 <head>
  <title>
</title>
<meta http-equiv="Content-Type" content="text/html;charset=utf-8" />
  <meta name='ocr-system' content='tesseract 3.04.00' />
  <meta name='ocr-capabilities' content='ocr_page ocr_carea ocr_par ocr_line ocrx_word'/>
</head>
<body>
  <div class='ocr_page' id='page_1' title='image "./vitajesuchristi01rigogoog_0414.png"; bbox 0 0 2632 4320; ppageno 0'>
   <div class='ocr_carea' id='block_1_1' title="bbox 239 308 1223 374">
    <p class='ocr_par' dir='ltr' id='par_1_1' title="bbox 239 308 1223 374">
     <span class='ocr_line' id='line_1_1' title="bbox 239 308 1223 374; baseline -0.002 -13"><span class='ocrx_word' id='word_1_1' title='bbox 239 311 286 362; x_wconf 80' lang='lat' dir='ltr'><strong>na</strong></span> <span class='ocrx_word' id='word_1_2' title='bbox 304 309 562 362; x_wconf 78' lang='lat' dir='ltr'><strong>rusrtrurroue</strong></span> <span class='ocrx_word' id='word_1_3' title='bbox 577 308 803 361; x_wconf 77' lang='lat' dir='ltr'><strong>sacuauuurr</strong></span> <span class='ocrx_word' id='word_1_4' title='bbox 820 308 1075 361; x_wconf 73' lang='lat' dir='ltr'><strong>nucnnmsrte.</strong></span> <span class='ocrx_word' id='word_1_5' title='bbox 1168 323 1223 374; x_wconf 85' lang='lat'><strong>407</strong></span> 
     </span>
    </p>
   </div>
   <div class='ocr_carea' id='block_1_2' title="bbox 100 424 1224 780">
    <p class='ocr_par' dir='ltr' id='par_1_2' title="bbox 100 424 1224 780">
     <span class='ocr_line' id='line_1_2' title="bbox 103 424 1224 491; baseline -0.003 -13"><span class='ocrx_word' id='word_1_6' title='bbox 103 438 131 479; x_wconf 89' lang='lat' dir='ltr'><strong>et</strong></span> <span class='ocrx_word' id='word_1_7' title='bbox 144 428 283 478; x_wconf 86' lang='lat' dir='ltr'><strong>erroribus</strong></span> <span class='ocrx_word' id='word_1_8' title='bbox 299 441 368 478; x_wconf 81' lang='lat' dir='ltr'><strong>meis</strong></span> <span class='ocrx_word' id='word_1_9' title='bbox 386 426 529 477; x_wconf 90' lang='lat' dir='ltr'><strong>universis.</strong></span> <span class='ocrx_word' id='word_1_10' title='bbox 544 426 584 476; x_wconf 83' lang='lat' dir='ltr'><strong>Da</strong></span> <span class='ocrx_word' id='word_1_11' title='bbox 596 425 676 487; x_wconf 89' lang='lat' dir='ltr'><strong>mihi,</strong></span> <span class='ocrx_word' id='word_1_12' title='bbox 691 426 813 476; x_wconf 75' lang='lat' dir='ltr'>Salvator</span> <span class='ocrx_word' id='word_1_13' title='bbox 826 440 913 489; x_wconf 84' lang='lat' dir='ltr'><strong>meus,</strong></span> <span class='ocrx_word' id='word_1_14' title='bbox 930 427 1090 491; x_wconf 80' lang='lat' dir='ltr'><strong>potestatem</strong></span> <span class='ocrx_word' id='word_1_15' title='bbox 1105 433 1130 474; x_wconf 89' lang='lat' dir='ltr'><strong>et</strong></span> <span class='ocrx_word' id='word_1_16' title='bbox 1143 424 1224 475; x_wconf 91' lang='lat' dir='ltr'><strong>forti-</strong></span> 
     </span>
     <span class='ocr_line' id='line_1_3' title="bbox 104 497 1223 564; baseline -0.002 -14"><span class='ocrx_word' id='word_1_17' title='bbox 104 500 230 550; x_wconf 86' lang='lat' dir='ltr'><strong>tudinem</strong></span> <span class='ocrx_word' id='word_1_18' title='bbox 249 498 373 550; x_wconf 72' lang='lat' dir='ltr'><strong>vircendi</strong></span> <span class='ocrx_word' id='word_1_19' title='bbox 393 499 531 549; x_wconf 88' lang='lat' dir='ltr'><strong>diabolum</strong></span> <span class='ocrx_word' id='word_1_20' title='bbox 548 499 677 550; x_wconf 87' lang='lat' dir='ltr'>continue</span> <span class='ocrx_word' id='word_1_21' title='bbox 695 498 862 564; x_wconf 85' lang='lat' dir='ltr'><strong>vigilantem,</strong></span> <span class='ocrx_word' id='word_1_22' title='bbox 877 508 903 549; x_wconf 89' lang='lat' dir='ltr'><strong>et</strong></span> <span class='ocrx_word' id='word_1_23' title='bbox 917 507 1010 548; x_wconf 87' lang='lat' dir='ltr'><strong>contra</strong></span> <span class='ocrx_word' id='word_1_24' title='bbox 1028 513 1072 547; x_wconf 90' lang='lat' dir='ltr'><strong>me</strong></span> <span class='ocrx_word' id='word_1_25' title='bbox 1089 497 1223 548; x_wconf 83' lang='lat' dir='ltr'><strong>dimican-</strong></span> 
     </span>
     <span class='ocr_line' id='line_1_4' title="bbox 105 569 1222 637; baseline -0.004 -12"><span class='ocrx_word' id='word_1_26' title='bbox 105 585 171 637; x_wconf 90' lang='lat' dir='ltr'><strong>tem,</strong></span> <span class='ocrx_word' id='word_1_27' title='bbox 186 589 221 624; x_wconf 87' lang='lat' dir='ltr'><strong>ne</strong></span> <span class='ocrx_word' id='word_1_28' title='bbox 237 589 280 623; x_wconf 84' lang='lat' dir='ltr'><strong>rne</strong></span> <span class='ocrx_word' id='word_1_29' title='bbox 305 571 398 622; x_wconf 83' lang='lat' dir='ltr'><strong>fraude</strong></span> <span class='ocrx_word' id='word_1_30' title='bbox 416 587 464 622; x_wconf 88' lang='lat' dir='ltr'><strong>sua</strong></span> <span class='ocrx_word' id='word_1_31' title='bbox 490 572 657 637; x_wconf 84' lang='lat' dir='ltr'><strong>nequissime</strong></span> <span class='ocrx_word' id='word_1_32' title='bbox 674 571 763 621; x_wconf 82' lang='lat' dir='ltr'><strong>trahat</strong></span> <span class='ocrx_word' id='word_1_33' title='bbox 785 571 819 621; x_wconf 87' lang='lat' dir='ltr'><strong>ad</strong></span> <span class='ocrx_word' id='word_1_34' title='bbox 841 571 1012 621; x_wconf 89' lang='lat' dir='ltr'><strong>tenebrarum</strong></span> <span class='ocrx_word' id='word_1_35' title='bbox 1033 569 1155 633; x_wconf 87' lang='lat' dir='ltr'><strong>foveam;</strong></span> <span class='ocrx_word' id='word_1_36' title='bbox 1174 571 1222 620; x_wconf 82' lang='lat' dir='ltr'><strong>sed</strong></span> 
     </span>
     <span class='ocr_line' id='line_1_5' title="bbox 100 640 1222 710; baseline -0.004 -15"><span class='ocrx_word' id='word_1_37' title='bbox 100 655 149 695; x_wconf 90' lang='lat' dir='ltr'><strong>tuo</strong></span> <span class='ocrx_word' id='word_1_38' title='bbox 164 643 297 709; x_wconf 80' lang='lat' dir='ltr'><strong>adjutorio</strong></span> <span class='ocrx_word' id='word_1_39' title='bbox 312 642 439 693; x_wconf 83' lang='lat' dir='ltr'><strong>suffultus</strong></span> <span class='ocrx_word' id='word_1_40' title='bbox 451 643 613 709; x_wconf 83' lang='lat' dir='ltr'><strong>perveniam</strong></span> <span class='ocrx_word' id='word_1_41' title='bbox 634 643 667 694; x_wconf 86' lang='lat' dir='ltr'><strong>ad</strong></span> <span class='ocrx_word' id='word_1_42' title='bbox 689 640 816 693; x_wconf 78' lang='lat' dir='ltr'><strong>claritatis</strong></span> <span class='ocrx_word' id='word_1_43' title='bbox 837 642 961 707; x_wconf 79' lang='lat' dir='ltr'><strong>gloriam,</strong></span> <span class='ocrx_word' id='word_1_44' title='bbox 976 642 1023 693; x_wconf 92' lang='lat' dir='ltr'><strong>ubi</strong></span> <span class='ocrx_word' id='word_1_45' title='bbox 1032 642 1104 710; x_wconf 85' lang='lat' dir='ltr'><strong>justi</strong></span> <span class='ocrx_word' id='word_1_46' title='bbox 1117 641 1146 691; x_wconf 92' lang='lat' dir='ltr'><strong>in</strong></span> <span class='ocrx_word' id='word_1_47' title='bbox 1160 656 1222 690; x_wconf 90' lang='lat' dir='ltr'><strong>mo-</strong></span> 
     </span>
     <span class='ocr_line' id='line_1_6' title="bbox 101 712 1221 780; baseline -0.004 -14"><span class='ocrx_word' id='word_1_48' title='bbox 101 716 168 766; x_wconf 86' lang='lat' dir='ltr'><strong>dum</strong></span> <span class='ocrx_word' id='word_1_49' title='bbox 195 714 328 765; x_wconf 86' lang='lat' dir='ltr'><strong>societatis</strong></span> <span class='ocrx_word' id='word_1_50' title='bbox 344 713 476 780; x_wconf 84' lang='lat' dir='ltr'><strong>angelicae</strong></span> <span class='ocrx_word' id='word_1_51' title='bbox 496 712 630 764; x_wconf 83' lang='lat' dir='ltr'><strong>clarificati</strong></span> <span class='ocrx_word' id='word_1_52' title='bbox 647 712 800 779; x_wconf 74' lang='lat' dir='ltr'><strong>fulgebunt</strong></span> <span class='ocrx_word' id='word_1_53' title='bbox 816 714 887 764; x_wconf 70' lang='lat' dir='ltr'><strong>sicta</strong></span> <span class='ocrx_word' id='word_1_54' title='bbox 903 712 955 776; x_wconf 83' lang='lat' dir='ltr'><strong>sol,</strong></span> <span class='ocrx_word' id='word_1_55' title='bbox 975 713 1002 764; x_wconf 86' lang='lat' dir='ltr'><strong>in</strong></span> <span class='ocrx_word' id='word_1_56' title='bbox 1020 726 1106 779; x_wconf 81' lang='lat' dir='ltr'><strong>regno</strong></span> <span class='ocrx_word' id='word_1_57' title='bbox 1124 712 1221 762; x_wconf 80' lang='lat' dir='ltr'><strong>Patris</strong></span> 
     </span>
    </p>
   </div>
   <div class='ocr_carea' id='block_1_3' title="bbox 100 789 322 840">
    <p class='ocr_par' dir='ltr' id='par_1_3' title="bbox 100 789 322 840">
     <span class='ocr_line' id='line_1_7' title="bbox 100 789 322 840; baseline -0.018 1"><span class='ocrx_word' id='word_1_58' title='bbox 100 802 203 840; x_wconf 64' lang='lat' dir='ltr'><strong>corum</strong></span> <span class='ocrx_word' id='word_1_59' title='bbox 224 789 322 837; x_wconf 76' lang='lat' dir='ltr'><strong>Amen.</strong></span> 
     </span>
    </p>
   </div>
   <div class='ocr_carea' id='block_1_4' title="bbox 519 1057 795 1128">
    <p class='ocr_par' dir='ltr' id='par_1_4' title="bbox 519 1057 795 1128">
     <span class='ocr_line' id='line_1_8' title="bbox 519 1057 795 1128; baseline -0.007 0"><span class='ocrx_word' id='word_1_60' title='bbox 519 1057 689 1128; x_wconf 84' lang='lat' dir='ltr'><strong>CAPUT</strong></span> <span class='ocrx_word' id='word_1_61' title='bbox 714 1058 795 1126; x_wconf 91' lang='lat' dir='ltr'><strong>LVl</strong></span> 
     </span>
    </p>
   </div>
   <div class='ocr_carea' id='block_1_5' title="bbox 254 1306 1068 1378">
    <p class='ocr_par' dir='ltr' id='par_1_5' title="bbox 254 1306 1068 1378">
     <span class='ocr_line' id='line_1_9' title="bbox 254 1306 1068 1378; baseline -0.001 -1"><span class='ocrx_word' id='word_1_62' title='bbox 254 1310 307 1378; x_wconf 83' lang='lat' dir='ltr'><strong>Dc</strong></span> <span class='ocrx_word' id='word_1_63' title='bbox 330 1307 557 1376; x_wconf 81' lang='lat' dir='ltr'><strong>institutione</strong></span> <span class='ocrx_word' id='word_1_64' title='bbox 577 1306 792 1374; x_wconf 79' lang='lat' dir='ltr'><strong>sacramenti</strong></span> <span class='ocrx_word' id='word_1_65' title='bbox 814 1306 1068 1376; x_wconf 64' lang='lat' dir='ltr'><strong>Eucharistiae.</strong></span> 
     </span>
    </p>
   </div>
   <div class='ocr_carea' id='block_1_6' title="bbox 176 1558 1154 1645">
    <p class='ocr_par' dir='ltr' id='par_1_6' title="bbox 176 1558 1154 1645">
     <span class='ocr_line' id='line_1_10' title="bbox 176 1558 1154 1645; baseline -0.002 -22"><span class='ocrx_word' id='word_1_66' title='bbox 176 1562 321 1624; x_wconf 83' lang='lat' dir='ltr'><strong>Mattlraei</strong></span> <span class='ocrx_word' id='word_1_67' title='bbox 347 1581 413 1644; x_wconf 88' lang='lat' dir='ltr'><strong>cap.</strong></span> <span class='ocrx_word' id='word_1_68' title='bbox 435 1565 494 1641; x_wconf 71' lang='lat'><strong>26,</strong></span> <span class='ocrx_word' id='word_1_69' title='bbox 527 1563 630 1625; x_wconf 86' lang='lat' dir='ltr'><strong>Marci</strong></span> <span class='ocrx_word' id='word_1_70' title='bbox 657 1583 727 1645; x_wconf 89' lang='lat' dir='ltr'><strong>cap.</strong></span> <span class='ocrx_word' id='word_1_71' title='bbox 758 1582 797 1641; x_wconf 87' lang='lat'><strong>14</strong></span> <span class='ocrx_word' id='word_1_72' title='bbox 825 1572 856 1622; x_wconf 89' lang='lat' dir='ltr'><strong>et</strong></span> <span class='ocrx_word' id='word_1_73' title='bbox 880 1558 977 1621; x_wconf 88' lang='lat' dir='ltr'><strong>Lucae</strong></span> <span class='ocrx_word' id='word_1_74' title='bbox 1008 1579 1076 1641; x_wconf 85' lang='lat' dir='ltr'><strong>cap.</strong></span> <span class='ocrx_word' id='word_1_75' title='bbox 1101 1580 1154 1621; x_wconf 77' lang='lat'><strong>22.</strong></span> 
     </span>
    </p>
   </div>
   <div class='ocr_carea' id='block_1_7' title="bbox 89 1799 640 4005">
    <p class='ocr_par' dir='ltr' id='par_1_7' title="bbox 100 1799 638 2005">
     <span class='ocr_line' id='line_1_11' title="bbox 135 1799 638 1850; baseline -0.002 0"><span class='ocrx_word' id='word_1_76' title='bbox 135 1816 144 1850; x_wconf 94' lang='lat'>1</span> <span class='ocrx_word' id='word_1_77' title='bbox 162 1801 360 1850; x_wconf 77' lang='lat' dir='ltr'><strong>Eucnsmsrrau</strong></span> <span class='ocrx_word' id='word_1_78' title='bbox 370 1812 545 1849; x_wconf 80' lang='lat' dir='ltr'><strong>rusrrruruno</strong></span> <span class='ocrx_word' id='word_1_79' title='bbox 558 1799 638 1849; x_wconf 77' lang='lat' dir='ltr'><strong>Cunt-</strong></span> 
     </span>
     <span class='ocr_line' id='line_1_12' title="bbox 102 1884 637 1921; baseline -0.006 0"><span class='ocrx_word' id='word_1_80' title='bbox 102 1885 166 1921; x_wconf 85' lang='lat' dir='ltr'><strong>srus</strong></span> <span class='ocrx_word' id='word_1_81' title='bbox 181 1885 325 1920; x_wconf 73' lang='lat' dir='ltr'><strong>canamus</strong></span> <span class='ocrx_word' id='word_1_82' title='bbox 339 1884 489 1920; x_wconf 77' lang='lat' dir='ltr'><strong>sncmrrcus</strong></span> <span class='ocrx_word' id='word_1_83' title='bbox 501 1884 582 1919; x_wconf 74' lang='lat' dir='ltr'><strong>ernau</strong></span> <span class='ocrx_word' id='word_1_84' title='bbox 591 1885 637 1918; x_wconf 81' lang='lat' dir='ltr'><strong>ur-</strong></span> 
     </span>
     <span class='ocr_line' id='line_1_13' title="bbox 100 1940 638 2005; baseline -0.004 -14"><span class='ocrx_word' id='word_1_85' title='bbox 100 1955 189 1991; x_wconf 76' lang='lat' dir='ltr'><strong>emur.</strong></span> <span class='ocrx_word' id='word_1_86' title='bbox 201 1966 234 1978; x_wconf 88' lang='lat'>-</span> <span class='ocrx_word' id='word_1_87' title='bbox 247 1940 324 1990; x_wconf 87' lang='lat' dir='ltr'><strong>Circa</strong></span> <span class='ocrx_word' id='word_1_88' title='bbox 340 1948 466 2005; x_wconf 86' lang='lat' dir='ltr'><strong>quartum</strong></span> <span class='ocrx_word' id='word_1_89' title='bbox 480 1954 543 1989; x_wconf 87' lang='lat' dir='ltr'><strong>vero</strong></span> <span class='ocrx_word' id='word_1_90' title='bbox 556 1940 638 1989; x_wconf 89' lang='lat' dir='ltr'><strong>medi-</strong></span> 
     </span>
    </p>

    <p class='ocr_par' dir='ltr' id='par_1_8' title="bbox 89 2010 640 4005">
     <span class='ocr_line' id='line_1_14' title="bbox 89 2010 637 2076; baseline -0.002 -15"><span class='ocrx_word' id='word_1_91' title='bbox 89 2012 193 2072; x_wconf 74' lang='lat' dir='ltr'><strong>tendo,</strong></span> <span class='ocrx_word' id='word_1_92' title='bbox 199 2011 363 2076; x_wconf 87' lang='lat' dir='ltr'><strong>obstupesce</strong></span> <span class='ocrx_word' id='word_1_93' title='bbox 373 2011 447 2060; x_wconf 88' lang='lat' dir='ltr'><strong>illam</strong></span> <span class='ocrx_word' id='word_1_94' title='bbox 458 2010 637 2060; x_wconf 86' lang='lat' dir='ltr'><strong>clarissimam</strong></span> 
     </span>
     <span class='ocr_line' id='line_1_15' title="bbox 102 2080 639 2148; baseline 0.002 -18"><span class='ocrx_word' id='word_1_95' title='bbox 102 2081 295 2148; x_wconf 72' lang='lat' dir='ltr'><strong>dignationem,</strong></span> <span class='ocrx_word' id='word_1_96' title='bbox 313 2091 339 2131; x_wconf 91' lang='lat' dir='ltr'><strong>et</strong></span> <span class='ocrx_word' id='word_1_97' title='bbox 362 2080 578 2146; x_wconf 86' lang='lat' dir='ltr'><strong>dignatissimarn</strong></span> <span class='ocrx_word' id='word_1_98' title='bbox 598 2097 639 2131; x_wconf 85' lang='lat' dir='ltr'><strong>ca-</strong></span> 
     </span>
     <span class='ocr_line' id='line_1_16' title="bbox 106 2152 638 2218; baseline 0.002 -16"><span class='ocrx_word' id='word_1_99' title='bbox 106 2153 225 2214; x_wconf 78' lang='lat' dir='ltr'><strong>ritatem,</strong></span> <span class='ocrx_word' id='word_1_100' title='bbox 240 2167 295 2218; x_wconf 86' lang='lat' dir='ltr'><strong>qua</strong></span> <span class='ocrx_word' id='word_1_101' title='bbox 310 2152 390 2202; x_wconf 85' lang='lat' dir='ltr'><strong>nobis</strong></span> <span class='ocrx_word' id='word_1_102' title='bbox 407 2152 516 2201; x_wconf 88' lang='lat' dir='ltr'><strong>tradidit</strong></span> <span class='ocrx_word' id='word_1_103' title='bbox 530 2161 556 2202; x_wconf 89' lang='lat' dir='ltr'><strong>et</strong></span> <span class='ocrx_word' id='word_1_104' title='bbox 572 2152 638 2203; x_wconf 87' lang='lat' dir='ltr'><strong>reli-</strong></span> 
     </span>
     <span class='ocr_line' id='line_1_17' title="bbox 106 2221 640 2289; baseline 0.004 -17"><span class='ocrx_word' id='word_1_105' title='bbox 106 2222 169 2288; x_wconf 86' lang='lat' dir='ltr'><strong>quit</strong></span> <span class='ocrx_word' id='word_1_106' title='bbox 184 2222 369 2289; x_wconf 83' lang='lat' dir='ltr'><strong>semetipsum,</strong></span> <span class='ocrx_word' id='word_1_107' title='bbox 385 2221 486 2272; x_wconf 89' lang='lat' dir='ltr'><strong>scilicet</strong></span> <span class='ocrx_word' id='word_1_108' title='bbox 497 2223 640 2274; x_wconf 81' lang='lat' dir='ltr'><strong>sacratissi-</strong></span> 
     </span>
     <span class='ocr_line' id='line_1_18' title="bbox 101 2293 637 2361; baseline 0.006 -19"><span class='ocrx_word' id='word_1_109' title='bbox 101 2308 181 2343; x_wconf 85' lang='lat' dir='ltr'><strong>mum</strong></span> <span class='ocrx_word' id='word_1_110' title='bbox 204 2293 310 2359; x_wconf 88' lang='lat' dir='ltr'><strong>Corpus</strong></span> <span class='ocrx_word' id='word_1_111' title='bbox 327 2304 353 2344; x_wconf 90' lang='lat' dir='ltr'><strong>et</strong></span> <span class='ocrx_word' id='word_1_112' title='bbox 370 2293 534 2361; x_wconf 84' lang='lat' dir='ltr'><strong>Sanguinem</strong></span> <span class='ocrx_word' id='word_1_113' title='bbox 556 2309 637 2345; x_wconf 89' lang='lat' dir='ltr'><strong>suum</strong></span> 
     </span>
     <span class='ocr_line' id='line_1_19' title="bbox 99 2366 635 2434; baseline 0.004 -18"><span class='ocrx_word' id='word_1_114' title='bbox 99 2381 162 2417; x_wconf 76' lang='lat' dir='ltr'><strong>vere</strong></span> <span class='ocrx_word' id='word_1_115' title='bbox 179 2366 210 2416; x_wconf 89' lang='lat' dir='ltr'><strong>in</strong></span> <span class='ocrx_word' id='word_1_116' title='bbox 229 2367 323 2417; x_wconf 87' lang='lat' dir='ltr'><strong>cibum</strong></span> <span class='ocrx_word' id='word_1_117' title='bbox 339 2377 365 2417; x_wconf 90' lang='lat' dir='ltr'><strong>et</strong></span> <span class='ocrx_word' id='word_1_118' title='bbox 387 2378 495 2432; x_wconf 89' lang='lat' dir='ltr'><strong>potum;</strong></span> <span class='ocrx_word' id='word_1_119' title='bbox 513 2376 543 2417; x_wconf 88' lang='lat' dir='ltr'><strong>ut</strong></span> <span class='ocrx_word' id='word_1_120' title='bbox 562 2369 635 2434; x_wconf 90' lang='lat' dir='ltr'><strong>quod</strong></span> 
     </span>
     <span class='ocr_line' id='line_1_20' title="bbox 94 2437 636 2504; baseline 0.004 -16"><span class='ocrx_word' id='word_1_121' title='bbox 94 2449 156 2489; x_wconf 82' lang='lat' dir='ltr'><strong>erat</strong></span> <span class='ocrx_word' id='word_1_122' title='bbox 180 2437 305 2489; x_wconf 73' lang='lat' dir='ltr'><strong>futuram</strong></span> <span class='ocrx_word' id='word_1_123' title='bbox 331 2439 360 2489; x_wconf 91' lang='lat' dir='ltr'><strong>in</strong></span> <span class='ocrx_word' id='word_1_124' title='bbox 386 2439 510 2504; x_wconf 86' lang='lat' dir='ltr'><strong>proximo</strong></span> <span class='ocrx_word' id='word_1_125' title='bbox 531 2440 636 2490; x_wconf 89' lang='lat' dir='ltr'><strong>sacrifi-</strong></span> 
     </span>
     <span class='ocr_line' id='line_1_21' title="bbox 100 2512 635 2580; baseline 0.004 -18"><span class='ocrx_word' id='word_1_126' title='bbox 100 2512 175 2562; x_wconf 90' lang='lat' dir='ltr'><strong>cium</strong></span> <span class='ocrx_word' id='word_1_127' title='bbox 193 2513 250 2563; x_wconf 77' lang='lat' dir='ltr'><strong>Deo</strong></span> <span class='ocrx_word' id='word_1_128' title='bbox 263 2514 382 2580; x_wconf 87' lang='lat' dir='ltr'><strong>placens,</strong></span> <span class='ocrx_word' id='word_1_129' title='bbox 396 2524 424 2564; x_wconf 90' lang='lat' dir='ltr'><strong>et</strong></span> <span class='ocrx_word' id='word_1_130' title='bbox 439 2513 635 2578; x_wconf 79' lang='lat' dir='ltr'><strong>redemptionis</strong></span> 
     </span>
     <span class='ocr_line' id='line_1_22' title="bbox 100 2583 634 2649; baseline 0.004 -16"><span class='ocrx_word' id='word_1_131' title='bbox 100 2593 202 2633; x_wconf 83' lang='lat' dir='ltr'><strong>nostrae</strong></span> <span class='ocrx_word' id='word_1_132' title='bbox 220 2583 399 2649; x_wconf 79' lang='lat' dir='ltr'><strong>impretiabile</strong></span> <span class='ocrx_word' id='word_1_133' title='bbox 418 2583 545 2649; x_wconf 88' lang='lat' dir='ltr'><strong>pretium,</strong></span> <span class='ocrx_word' id='word_1_134' title='bbox 565 2594 634 2635; x_wconf 89' lang='lat' dir='ltr'><strong>esset</strong></span> 
     </span>
     <span class='ocr_line' id='line_1_23' title="bbox 98 2653 633 2705; baseline 0.002 -2"><span class='ocrx_word' id='word_1_135' title='bbox 98 2653 226 2704; x_wconf 86' lang='lat' dir='ltr'><strong>viaticum</strong></span> <span class='ocrx_word' id='word_1_136' title='bbox 243 2663 365 2704; x_wconf 91' lang='lat' dir='ltr'><strong>nostrum</strong></span> <span class='ocrx_word' id='word_1_137' title='bbox 386 2664 412 2705; x_wconf 89' lang='lat' dir='ltr'><strong>et</strong></span> <span class='ocrx_word' id='word_1_138' title='bbox 432 2665 633 2705; x_wconf 84' lang='lat' dir='ltr'><strong>sustentamen-</strong></span> 
     </span>
     <span class='ocr_line' id='line_1_24' title="bbox 96 2724 632 2791; baseline 0.002 -16"><span class='ocrx_word' id='word_1_139' title='bbox 96 2733 168 2788; x_wconf 86' lang='lat' dir='ltr'><strong>tum,</strong></span> <span class='ocrx_word' id='word_1_140' title='bbox 187 2724 251 2790; x_wconf 86' lang='lat' dir='ltr'><strong>qnia</strong></span> <span class='ocrx_word' id='word_1_141' title='bbox 272 2724 541 2775; x_wconf 87' lang='lat' dir='ltr'><strong>hoc·sacramentum</strong></span> <span class='ocrx_word' id='word_1_142' title='bbox 558 2726 632 2791; x_wconf 87' lang='lat' dir='ltr'><strong>quod</strong></span> 
     </span>
     <span class='ocr_line' id='line_1_25' title="bbox 93 2795 631 2860; baseline 0.004 -16"><span class='ocrx_word' id='word_1_143' title='bbox 93 2795 337 2860; x_wconf 85' lang='lat' dir='ltr'><strong>perexcellentium</strong></span> <span class='ocrx_word' id='word_1_144' title='bbox 347 2796 445 2846; x_wconf 86' lang='lat' dir='ltr'><strong>dicitur</strong></span> <span class='ocrx_word' id='word_1_145' title='bbox 456 2795 631 2857; x_wconf 87' lang='lat' dir='ltr'><strong>Eucharistia,</strong></span> 
     </span>
     <span class='ocr_line' id='line_1_26' title="bbox 99 2867 633 2934; baseline 0.004 -17"><span class='ocrx_word' id='word_1_146' title='bbox 99 2867 127 2917; x_wconf 93' lang='lat' dir='ltr'><strong>id</strong></span> <span class='ocrx_word' id='word_1_147' title='bbox 148 2876 190 2918; x_wconf 90' lang='lat' dir='ltr'><strong>est</strong></span> <span class='ocrx_word' id='word_1_148' title='bbox 207 2868 278 2918; x_wconf 88' lang='lat' dir='ltr'><strong>bona</strong></span> <span class='ocrx_word' id='word_1_149' title='bbox 299 2869 392 2934; x_wconf 80' lang='lat' dir='ltr'><strong>gratia,</strong></span> <span class='ocrx_word' id='word_1_150' title='bbox 407 2869 529 2934; x_wconf 89' lang='lat' dir='ltr'><strong>quotidie</strong></span> <span class='ocrx_word' id='word_1_151' title='bbox 549 2868 633 2919; x_wconf 86' lang='lat' dir='ltr'><strong>reficit</strong></span> 
     </span>
     <span class='ocr_line' id='line_1_27' title="bbox 99 2942 632 2993; baseline 0.004 -3"><span class='ocrx_word' id='word_1_152' title='bbox 99 2949 127 2990; x_wconf 86' lang='lat' dir='ltr'><strong>et</strong></span> <span class='ocrx_word' id='word_1_153' title='bbox 139 2950 251 2992; x_wconf 80' lang='lat' dir='ltr'><strong>renotat</strong></span> <span class='ocrx_word' id='word_1_154' title='bbox 261 2942 388 2992; x_wconf 85' lang='lat' dir='ltr'><strong>ferventia</strong></span> <span class='ocrx_word' id='word_1_155' title='bbox 402 2943 482 2992; x_wconf 90' lang='lat' dir='ltr'><strong>corda</strong></span> <span class='ocrx_word' id='word_1_156' title='bbox 494 2953 519 2992; x_wconf 86' lang='lat' dir='ltr'><strong>et</strong></span> <span class='ocrx_word' id='word_1_157' title='bbox 529 2944 632 2993; x_wconf 85' lang='lat' dir='ltr'><strong>devota.</strong></span> 
     </span>
     <span class='ocr_line' id='line_1_28' title="bbox 98 3010 634 3080; baseline 0.006 -20"><span class='ocrx_word' id='word_1_158' title='bbox 98 3010 203 3061; x_wconf 78' lang='lat' dir='ltr'><strong>Volent</strong></span> <span class='ocrx_word' id='word_1_159' title='bbox 219 3026 287 3080; x_wconf 79' lang='lat' dir='ltr'><strong>orgo</strong></span> <span class='ocrx_word' id='word_1_160' title='bbox 305 3013 440 3064; x_wconf 87' lang='lat' dir='ltr'><strong>Dominus</strong></span> <span class='ocrx_word' id='word_1_161' title='bbox 455 3014 532 3064; x_wconf 90' lang='lat' dir='ltr'><strong>Jesus</strong></span> <span class='ocrx_word' id='word_1_162' title='bbox 550 3013 634 3064; x_wconf 84' lang='lat' dir='ltr'><strong>finem</strong></span> 
     </span>
     <span class='ocr_line' id='line_1_29' title="bbox 96 3081 634 3148; baseline 0.007 -18"><span class='ocrx_word' id='word_1_163' title='bbox 96 3081 165 3132; x_wconf 82' lang='lat' dir='ltr'><strong>dare</strong></span> <span class='ocrx_word' id='word_1_164' title='bbox 178 3082 309 3148; x_wconf 80' lang='lat' dir='ltr'><strong>legalibus</strong></span> <span class='ocrx_word' id='word_1_165' title='bbox 326 3083 471 3144; x_wconf 85' lang='lat' dir='ltr'><strong>sacrificiis,</strong></span> <span class='ocrx_word' id='word_1_166' title='bbox 486 3094 513 3133; x_wconf 91' lang='lat' dir='ltr'><strong>et</strong></span> <span class='ocrx_word' id='word_1_167' title='bbox 528 3085 634 3134; x_wconf 84' lang='lat' dir='ltr'><strong>Novum</strong></span> 
     </span>
     <span class='ocr_line' id='line_1_30' title="bbox 97 3151 636 3219; baseline 0.006 -19"><span class='ocrx_word' id='word_1_168' title='bbox 97 3151 217 3218; x_wconf 83' lang='lat' dir='ltr'><strong>incipere</strong></span> <span class='ocrx_word' id='word_1_169' title='bbox 231 3153 445 3215; x_wconf 79' lang='lat' dir='ltr'><strong>Testamentum,</strong></span> <span class='ocrx_word' id='word_1_170' title='bbox 452 3153 572 3219; x_wconf 89' lang='lat' dir='ltr'><strong>seipsum</strong></span> <span class='ocrx_word' id='word_1_171' title='bbox 590 3170 636 3204; x_wconf 93' lang='lat' dir='ltr'><strong>no-</strong></span> 
     </span>
     <span class='ocr_line' id='line_1_31' title="bbox 97 3223 635 3291; baseline 0.006 -18"><span class='ocrx_word' id='word_1_172' title='bbox 97 3232 187 3273; x_wconf 88' lang='lat' dir='ltr'><strong>strum</strong></span> <span class='ocrx_word' id='word_1_173' title='bbox 201 3223 264 3274; x_wconf 79' lang='lat' dir='ltr'><strong>facit</strong></span> <span class='ocrx_word' id='word_1_174' title='bbox 280 3224 450 3285; x_wconf 85' lang='lat' dir='ltr'><strong>sacrificium,</strong></span> <span class='ocrx_word' id='word_1_175' title='bbox 465 3236 491 3275; x_wconf 95' lang='lat' dir='ltr'><strong>et</strong></span> <span class='ocrx_word' id='word_1_176' title='bbox 503 3237 565 3291; x_wconf 88' lang='lat' dir='ltr'><strong>post</strong></span> <span class='ocrx_word' id='word_1_177' title='bbox 580 3242 635 3276; x_wconf 64' lang='lat' dir='ltr'><strong>cce-</strong></span> 
     </span>
     <span class='ocr_line' id='line_1_32' title="bbox 99 3295 635 3362; baseline 0.006 -18"><span class='ocrx_word' id='word_1_178' title='bbox 99 3308 165 3345; x_wconf 84' lang='lat' dir='ltr'><strong>nam</strong></span> <span class='ocrx_word' id='word_1_179' title='bbox 180 3295 302 3362; x_wconf 84' lang='lat' dir='ltr'><strong>legalem,</strong></span> <span class='ocrx_word' id='word_1_180' title='bbox 318 3310 382 3345; x_wconf 85' lang='lat' dir='ltr'><strong>mox</strong></span> <span class='ocrx_word' id='word_1_181' title='bbox 396 3296 564 3362; x_wconf 88' lang='lat' dir='ltr'><strong>spiritualem</strong></span> <span class='ocrx_word' id='word_1_182' title='bbox 579 3310 635 3347; x_wconf 85' lang='lat' dir='ltr'><strong>coe-</strong></span> 
     </span>
     <span class='ocr_line' id='line_1_33' title="bbox 97 3366 635 3433; baseline 0.007 -19"><span class='ocrx_word' id='word_1_183' title='bbox 97 3380 162 3416; x_wconf 82' lang='lat' dir='ltr'><strong>nam</strong></span> <span class='ocrx_word' id='word_1_184' title='bbox 186 3366 404 3418; x_wconf 79' lang='lat' dir='ltr'><strong>christianorum</strong></span> <span class='ocrx_word' id='word_1_185' title='bbox 428 3378 556 3433; x_wconf 87' lang='lat' dir='ltr'><strong>praeparat</strong></span> <span class='ocrx_word' id='word_1_186' title='bbox 577 3377 635 3418; x_wconf 88' lang='lat' dir='ltr'><strong>:ut</strong></span> 
     </span>
     <span class='ocr_line' id='line_1_34' title="bbox 98 3435 635 3506; baseline 0.002 -19"><span class='ocrx_word' id='word_1_187' title='bbox 98 3435 132 3486; x_wconf 86' lang='lat' dir='ltr'><strong>de</strong></span> <span class='ocrx_word' id='word_1_188' title='bbox 144 3437 215 3502; x_wconf 84' lang='lat' dir='ltr'><strong>Lege</strong></span> <span class='ocrx_word' id='word_1_189' title='bbox 226 3438 261 3488; x_wconf 83' lang='lat' dir='ltr'><strong>ad</strong></span> <span class='ocrx_word' id='word_1_190' title='bbox 273 3438 456 3506; x_wconf 67' lang='lat' dir='ltr'><strong>Euangelium</strong></span> <span class='ocrx_word' id='word_1_191' title='bbox 466 3439 595 3489; x_wconf 88' lang='lat' dir='ltr'><strong>deVeteri</strong></span> <span class='ocrx_word' id='word_1_192' title='bbox 608 3448 635 3488; x_wconf 89' lang='lat' dir='ltr'><strong>et</strong></span> 
     </span>
     <span class='ocr_line' id='line_1_35' title="bbox 97 3507 634 3560; baseline 0.006 -3"><span class='ocrx_word' id='word_1_193' title='bbox 97 3507 257 3558; x_wconf 75' lang='lat' dir='ltr'><strong>monitorio</strong></span> <span class='ocrx_word' id='word_1_194' title='bbox 278 3509 452 3559; x_wconf 88' lang='lat' dir='ltr'><strong>Testamento</strong></span> <span class='ocrx_word' id='word_1_195' title='bbox 472 3511 504 3559; x_wconf 87' lang='lat' dir='ltr'><strong>ad</strong></span> <span class='ocrx_word' id='word_1_196' title='bbox 523 3511 634 3560; x_wconf 87' lang='lat' dir='ltr'><strong>Novum</strong></span> 
     </span>
     <span class='ocr_line' id='line_1_36' title="bbox 94 3582 635 3648; baseline 0.006 -18"><span class='ocrx_word' id='word_1_197' title='bbox 94 3589 124 3630; x_wconf 84' lang='lat' dir='ltr'><strong>ot</strong></span> <span class='ocrx_word' id='word_1_198' title='bbox 138 3590 271 3631; x_wconf 70' lang='lat' dir='ltr'><strong>aeternum</strong></span> <span class='ocrx_word' id='word_1_199' title='bbox 281 3582 494 3643; x_wconf 86' lang='lat' dir='ltr'><strong>Testamentum,</strong></span> <span class='ocrx_word' id='word_1_200' title='bbox 507 3583 540 3632; x_wconf 89' lang='lat' dir='ltr'><strong>de</strong></span> <span class='ocrx_word' id='word_1_201' title='bbox 549 3582 635 3648; x_wconf 86' lang='lat' dir='ltr'><strong>figura</strong></span> 
     </span>
     <span class='ocr_line' id='line_1_37' title="bbox 96 3652 634 3720; baseline 0.004 -18"><span class='ocrx_word' id='word_1_202' title='bbox 96 3652 133 3702; x_wconf 78' lang='lat' dir='ltr'><strong>ad</strong></span> <span class='ocrx_word' id='word_1_203' title='bbox 148 3652 298 3714; x_wconf 76' lang='lat' dir='ltr'><strong>veritatem,</strong></span> <span class='ocrx_word' id='word_1_204' title='bbox 312 3655 346 3705; x_wconf 91' lang='lat' dir='ltr'><strong>de</strong></span> <span class='ocrx_word' id='word_1_205' title='bbox 362 3655 515 3705; x_wconf 87' lang='lat' dir='ltr'><strong>carnalibus</strong></span> <span class='ocrx_word' id='word_1_206' title='bbox 527 3656 561 3705; x_wconf 90' lang='lat' dir='ltr'><strong>ad</strong></span> <span class='ocrx_word' id='word_1_207' title='bbox 576 3654 634 3720; x_wconf 88' lang='lat' dir='ltr'><strong>spi-</strong></span> 
     </span>
     <span class='ocr_line' id='line_1_38' title="bbox 96 3724 634 3777; baseline 0.002 -3"><span class='ocrx_word' id='word_1_208' title='bbox 96 3724 206 3775; x_wconf 78' lang='lat' dir='ltr'><strong>ritualia</strong></span> <span class='ocrx_word' id='word_1_209' title='bbox 224 3734 351 3776; x_wconf 62' lang='lat' dir='ltr'><strong>tanseat.</strong></span> <span class='ocrx_word' id='word_1_210' title='bbox 371 3726 423 3776; x_wconf 86' lang='lat' dir='ltr'><strong>Ubi</strong></span> <span class='ocrx_word' id='word_1_211' title='bbox 444 3727 520 3777; x_wconf 79' lang='lat' dir='ltr'><strong>Beda</strong></span> <span class='ocrx_word' id='word_1_212' title='bbox 535 3745 544 3776; x_wconf 92' lang='lat'><strong>.·</strong></span> <span class='ocrx_word' id='word_1_213' title='bbox 558 3744 573 3773; x_wconf 80' lang='grc' dir='ltr'><strong>ι(</strong></span> <span class='ocrx_word' id='word_1_214' title='bbox 583 3725 634 3775; x_wconf 75' lang='lat' dir='ltr'><strong>Fi-</strong></span> 
     </span>
     <span class='ocr_line' id='line_1_39' title="bbox 99 3795 633 3863; baseline 0.006 -19"><span class='ocrx_word' id='word_1_215' title='bbox 99 3795 167 3845; x_wconf 83' lang='lat' dir='ltr'><strong>nitis</strong></span> <span class='ocrx_word' id='word_1_216' title='bbox 176 3796 278 3846; x_wconf 63' lang='lat' dir='ltr'><strong>tuteris</strong></span> <span class='ocrx_word' id='word_1_217' title='bbox 292 3797 401 3848; x_wconf 84' lang='lat' dir='ltr'><strong>Pasohae</strong></span> <span class='ocrx_word' id='word_1_218' title='bbox 412 3797 563 3857; x_wconf 87' lang='lat' dir='ltr'><strong>solemniis,</strong></span> <span class='ocrx_word' id='word_1_219' title='bbox 572 3812 633 3863; x_wconf 85' lang='lat' dir='ltr'><strong>quae</strong></span> 
     </span>
     <span class='ocr_line' id='line_1_40' title="bbox 89 3866 633 3934; baseline 0.006 -19"><span class='ocrx_word' id='word_1_220' title='bbox 89 3866 130 3916; x_wconf 74' lang='lat' dir='ltr'><strong>‘in</strong></span> <span class='ocrx_word' id='word_1_221' title='bbox 149 3867 438 3918; x_wconf 75' lang='lat' dir='ltr'><strong>commemorationem</strong></span> <span class='ocrx_word' id='word_1_222' title='bbox 457 3869 577 3934; x_wconf 78' lang='lat' dir='ltr'><strong>antiquae</strong></span> <span class='ocrx_word' id='word_1_223' title='bbox 600 3870 633 3919; x_wconf 87' lang='lat' dir='ltr'><strong>de</strong></span> 
     </span>
     <span class='ocr_line' id='line_1_41' title="bbox 97 3936 632 4005; baseline 0.011 -20"><span class='ocrx_word' id='word_1_224' title='bbox 97 3936 220 4002; x_wconf 73' lang='lat' dir='ltr'><strong>AEgypto</strong></span> <span class='ocrx_word' id='word_1_225' title='bbox 258 3937 426 3989; x_wconf 84' lang='lat' dir='ltr'><strong>liberationis</strong></span> <span class='ocrx_word' id='word_1_226' title='bbox 459 3940 632 4005; x_wconf 84' lang='lat' dir='ltr'><strong>agebantur,</strong></span> 
     </span>
    </p>
   </div>
   <div class='ocr_carea' id='block_1_8' title="bbox 685 1793 1272 3650">
    <p class='ocr_par' dir='ltr' id='par_1_9' title="bbox 687 1793 1227 2354">
     <span class='ocr_line' id='line_1_42' title="bbox 687 1793 1224 1860; baseline -0.007 -11"><span class='ocrx_word' id='word_1_227' title='bbox 687 1797 785 1849; x_wconf 86' lang='lat' dir='ltr'><strong>transit</strong></span> <span class='ocrx_word' id='word_1_228' title='bbox 810 1796 844 1846; x_wconf 84' lang='lat' dir='ltr'><strong>ad</strong></span> <span class='ocrx_word' id='word_1_229' title='bbox 865 1808 986 1858; x_wconf 85' lang='lat' dir='ltr'><strong>novum,</strong></span> <span class='ocrx_word' id='word_1_230' title='bbox 1009 1793 1084 1860; x_wconf 90' lang='lat' dir='ltr'><strong>quod</strong></span> <span class='ocrx_word' id='word_1_231' title='bbox 1112 1794 1141 1843; x_wconf 89' lang='lat' dir='ltr'><strong>in</strong></span> <span class='ocrx_word' id='word_1_232' title='bbox 1168 1806 1224 1845; x_wconf 85' lang='lat' dir='ltr'><strong>suae</strong></span> 
     </span>
     <span class='ocr_line' id='line_1_43' title="bbox 687 1863 1223 1933; baseline -0.009 -15"><span class='ocrx_word' id='word_1_233' title='bbox 687 1865 883 1933; x_wconf 87' lang='lat' dir='ltr'><strong>redemptionis</strong></span> <span class='ocrx_word' id='word_1_234' title='bbox 900 1864 1061 1915; x_wconf 88' lang='lat' dir='ltr'><strong>memoriam</strong></span> <span class='ocrx_word' id='word_1_235' title='bbox 1076 1863 1223 1915; x_wconf 87' lang='lat' dir='ltr'><strong>Ecclesiam</strong></span> 
     </span>
     <span class='ocr_line' id='line_1_44' title="bbox 688 1937 1225 2005; baseline -0.007 -16"><span class='ocrx_word' id='word_1_236' title='bbox 688 1940 858 2005; x_wconf 87' lang='lat' dir='ltr'><strong>frequentare</strong></span> <span class='ocrx_word' id='word_1_237' title='bbox 872 1937 1013 1996; x_wconf 85' lang='lat' dir='ltr'><strong>desiderat,</strong></span> <span class='ocrx_word' id='word_1_238' title='bbox 1030 1950 1080 2001; x_wconf 85' lang='lat' dir='ltr'><strong>pro</strong></span> <span class='ocrx_word' id='word_1_239' title='bbox 1099 1950 1178 1986; x_wconf 89' lang='lat' dir='ltr'><strong>carne</strong></span> <span class='ocrx_word' id='word_1_240' title='bbox 1196 1945 1225 1986; x_wconf 89' lang='lat' dir='ltr'><strong>et</strong></span> 
     </span>
     <span class='ocr_line' id='line_1_45' title="bbox 687 2009 1223 2078; baseline -0.007 -16"><span class='ocrx_word' id='word_1_241' title='bbox 687 2012 821 2078; x_wconf 88' lang='lat' dir='ltr'><strong>sanguine</strong></span> <span class='ocrx_word' id='word_1_242' title='bbox 843 2010 915 2076; x_wconf 84' lang='lat' dir='ltr'><strong>agni,</strong></span> <span class='ocrx_word' id='word_1_243' title='bbox 930 2025 986 2060; x_wconf 86' lang='lat' dir='ltr'><strong>suae</strong></span> <span class='ocrx_word' id='word_1_244' title='bbox 1006 2009 1095 2059; x_wconf 83' lang='lat' dir='ltr'><strong>carnis</strong></span> <span class='ocrx_word' id='word_1_245' title='bbox 1116 2017 1143 2058; x_wconf 90' lang='lat' dir='ltr'><strong>et</strong></span> <span class='ocrx_word' id='word_1_246' title='bbox 1155 2022 1223 2059; x_wconf 81' lang='lat' dir='ltr'><strong>san-</strong></span> 
     </span>
     <span class='ocr_line' id='line_1_46' title="bbox 688 2081 1225 2151; baseline -0.006 -17"><span class='ocrx_word' id='word_1_247' title='bbox 688 2085 780 2151; x_wconf 86' lang='lat' dir='ltr'><strong>guinis</strong></span> <span class='ocrx_word' id='word_1_248' title='bbox 809 2085 1012 2134; x_wconf 87' lang='lat' dir='ltr'><strong>Sacramentum</strong></span> <span class='ocrx_word' id='word_1_249' title='bbox 1038 2082 1067 2132; x_wconf 86' lang='lat' dir='ltr'><strong>in</strong></span> <span class='ocrx_word' id='word_1_250' title='bbox 1093 2081 1171 2147; x_wconf 87' lang='lat' dir='ltr'><strong>panis</strong></span> <span class='ocrx_word' id='word_1_251' title='bbox 1198 2090 1225 2131; x_wconf 94' lang='lat' dir='ltr'><strong>et</strong></span> 
     </span>
     <span class='ocr_line' id='line_1_47' title="bbox 687 2154 1225 2223; baseline -0.004 -16"><span class='ocrx_word' id='word_1_252' title='bbox 687 2157 745 2208; x_wconf 87' lang='lat' dir='ltr'><strong>vini</strong></span> <span class='ocrx_word' id='word_1_253' title='bbox 760 2157 845 2223; x_wconf 89' lang='lat' dir='ltr'><strong>figura</strong></span> <span class='ocrx_word' id='word_1_254' title='bbox 857 2156 1033 2216; x_wconf 87' lang='lat' dir='ltr'><strong>substituens,</strong></span> <span class='ocrx_word' id='word_1_255' title='bbox 1047 2156 1184 2206; x_wconf 81' lang='lat' dir='ltr'><strong>Sacerdos</strong></span> <span class='ocrx_word' id='word_1_256' title='bbox 1196 2154 1225 2205; x_wconf 84' lang='lat' dir='ltr'><strong>t&#39;n</strong></span> 
     </span>
     <span class='ocr_line' id='line_1_48' title="bbox 688 2225 1227 2288; baseline -0.007 -8"><span class='ocrx_word' id='word_1_257' title='bbox 688 2235 818 2280; x_wconf 72' lang='lat' dir='ltr'><strong>eternum</strong></span> <span class='ocrx_word' id='word_1_258' title='bbox 838 2226 933 2288; x_wconf 86' lang='lat' dir='ltr'><strong>factus,</strong></span> <span class='ocrx_word' id='word_1_259' title='bbox 948 2227 1093 2277; x_wconf 75' lang='lat' dir='ltr'><strong>secundm</strong></span> <span class='ocrx_word' id='word_1_260' title='bbox 1107 2225 1227 2277; x_wconf 78' lang='lat' dir='ltr'><strong>ordinem</strong></span> 
     </span>
     <span class='ocr_line' id='line_1_49' title="bbox 689 2301 924 2354; baseline -0.013 -2"><span class='ocrx_word' id='word_1_261' title='bbox 689 2301 896 2354; x_wconf 83' lang='lat' dir='ltr'><strong>Melchisedech.</strong></span> <span class='ocrx_word' id='word_1_262' title='bbox 910 2319 924 2349; x_wconf 77' lang='lat' dir='ltr'><strong>n</strong></span> 
     </span>
    </p>

    <p class='ocr_par' dir='ltr' id='par_1_10' title="bbox 685 2368 1272 3650">
     <span class='ocr_line' id='line_1_50' title="bbox 722 2368 1228 2424; baseline -0.004 0"><span class='ocrx_word' id='word_1_263' title='bbox 722 2388 737 2423; x_wconf 86' lang='lat'>2</span> <span class='ocrx_word' id='word_1_264' title='bbox 764 2374 855 2424; x_wconf 78' lang='lat' dir='ltr'><strong>Vrnnn</strong></span> <span class='ocrx_word' id='word_1_265' title='bbox 883 2386 1111 2423; x_wconf 74' lang='lat' dir='ltr'><strong>consecrarroms.</strong></span> <span class='ocrx_word' id='word_1_266' title='bbox 1137 2397 1169 2408; x_wconf 85' lang='lat'>-</span> <span class='ocrx_word' id='word_1_267' title='bbox 1191 2368 1228 2422; x_wconf 83' lang='lat' dir='ltr'><strong>Et</strong></span> 
     </span>
     <span class='ocr_line' id='line_1_51' title="bbox 689 2445 1228 2510; baseline -0.004 -13"><span class='ocrx_word' id='word_1_268' title='bbox 689 2447 856 2498; x_wconf 65' lang='lat' dir='ltr'><strong>coenambus</strong></span> <span class='ocrx_word' id='word_1_269' title='bbox 871 2446 937 2506; x_wconf 81' lang='lat' dir='ltr'><strong>illis,</strong></span> <span class='ocrx_word' id='word_1_270' title='bbox 951 2445 979 2494; x_wconf 91' lang='lat' dir='ltr'><strong>id</strong></span> <span class='ocrx_word' id='word_1_271' title='bbox 994 2454 1034 2494; x_wconf 91' lang='lat' dir='ltr'><strong>est</strong></span> <span class='ocrx_word' id='word_1_272' title='bbox 1048 2460 1150 2495; x_wconf 87' lang='lat' dir='ltr'><strong>coenam</strong></span> <span class='ocrx_word' id='word_1_273' title='bbox 1164 2445 1228 2510; x_wconf 87' lang='lat' dir='ltr'><strong>agui</strong></span> 
     </span>
     <span class='ocr_line' id='line_1_52' title="bbox 689 2515 1229 2583; baseline -0.006 -16"><span class='ocrx_word' id='word_1_274' title='bbox 689 2517 775 2583; x_wconf 87' lang='lat' dir='ltr'><strong>typici</strong></span> <span class='ocrx_word' id='word_1_275' title='bbox 790 2515 992 2581; x_wconf 87' lang='lat' dir='ltr'><strong>perficientibus</strong></span> <span class='ocrx_word' id='word_1_276' title='bbox 1005 2522 1031 2563; x_wconf 94' lang='lat' dir='ltr'><strong>et</strong></span> <span class='ocrx_word' id='word_1_277' title='bbox 1043 2530 1229 2564; x_wconf 86' lang='lat' dir='ltr'><strong>consumman-</strong></span> 
     </span>
     <span class='ocr_line' id='line_1_53' title="bbox 690 2583 1228 2652; baseline -0.004 -16"><span class='ocrx_word' id='word_1_278' title='bbox 690 2588 787 2648; x_wconf 89' lang='lat' dir='ltr'><strong>tibus,</strong></span> <span class='ocrx_word' id='word_1_279' title='bbox 810 2587 852 2636; x_wconf 85' lang='lat' dir='ltr'><strong>vel</strong></span> <span class='ocrx_word' id='word_1_280' title='bbox 875 2594 936 2652; x_wconf 91' lang='lat' dir='ltr'><strong>post</strong></span> <span class='ocrx_word' id='word_1_281' title='bbox 963 2599 1040 2634; x_wconf 90' lang='lat' dir='ltr'><strong>esum</strong></span> <span class='ocrx_word' id='word_1_282' title='bbox 1063 2584 1125 2649; x_wconf 83' lang='lat' dir='ltr'><strong>agni</strong></span> <span class='ocrx_word' id='word_1_283' title='bbox 1146 2583 1228 2650; x_wconf 83' lang='lat' dir='ltr'><strong>typici</strong></span> 
     </span>
     <span class='ocr_line' id='line_1_54' title="bbox 690 2655 1227 2718; baseline -0.004 -10"><span class='ocrx_word' id='word_1_284' title='bbox 690 2658 778 2708; x_wconf 83' lang='lat' dir='ltr'><strong>adhuc</strong></span> <span class='ocrx_word' id='word_1_285' title='bbox 798 2658 827 2708; x_wconf 90' lang='lat' dir='ltr'><strong>in</strong></span> <span class='ocrx_word' id='word_1_286' title='bbox 848 2672 923 2708; x_wconf 83' lang='lat' dir='ltr'><strong>coena</strong></span> <span class='ocrx_word' id='word_1_287' title='bbox 940 2655 1132 2718; x_wconf 87' lang='lat' dir='ltr'><strong>residentibus,</strong></span> <span class='ocrx_word' id='word_1_288' title='bbox 1147 2665 1227 2706; x_wconf 83' lang='lat' dir='ltr'><strong>ante-</strong></span> 
     </span>
     <span class='ocr_line' id='line_1_55' title="bbox 691 2727 1228 2796; baseline -0.006 -17"><span class='ocrx_word' id='word_1_289' title='bbox 691 2744 775 2796; x_wconf 92' lang='lat' dir='ltr'><strong>quam</strong></span> <span class='ocrx_word' id='word_1_290' title='bbox 800 2736 940 2795; x_wconf 83' lang='lat' dir='ltr'><strong>surgerent</strong></span> <span class='ocrx_word' id='word_1_291' title='bbox 962 2728 995 2777; x_wconf 93' lang='lat' dir='ltr'><strong>de</strong></span> <span class='ocrx_word' id='word_1_292' title='bbox 1017 2742 1100 2786; x_wconf 82' lang='lat' dir='ltr'><strong>coena,</strong></span> <span class='ocrx_word' id='word_1_293' title='bbox 1124 2727 1228 2793; x_wconf 79' lang='lat' dir='ltr'><strong>accepit</strong></span> 
     </span>
     <span class='ocr_line' id='line_1_56' title="bbox 691 2796 1272 2866; baseline -0.01 -14"><span class='ocrx_word' id='word_1_294' title='bbox 691 2803 773 2852; x_wconf 85' lang='lat' dir='ltr'><strong>Jesus</strong></span> <span class='ocrx_word' id='word_1_295' title='bbox 782 2814 881 2866; x_wconf 85' lang='lat' dir='ltr'><strong>panem</strong></span> <span class='ocrx_word' id='word_1_296' title='bbox 895 2812 1030 2865; x_wconf 86' lang='lat' dir='ltr'><strong>azymum,</strong></span> <span class='ocrx_word' id='word_1_297' title='bbox 1044 2814 1101 2848; x_wconf 89' lang='lat' dir='ltr'><strong>non</strong></span> <span class='ocrx_word' id='word_1_298' title='bbox 1112 2796 1227 2847; x_wconf 81' lang='lat' dir='ltr'><strong>fermen-</strong></span> <span class='ocrx_word' id='word_1_299' title='bbox 1269 2830 1272 2835; x_wconf 87' lang='lat'><em>-</em></span> 
     </span>
     <span class='ocr_line' id='line_1_57' title="bbox 691 2867 1226 2932; baseline -0.006 -9"><span class='ocrx_word' id='word_1_300' title='bbox 691 2883 788 2932; x_wconf 86' lang='lat' dir='ltr'><strong>tatum,</strong></span> <span class='ocrx_word' id='word_1_301' title='bbox 803 2881 830 2921; x_wconf 90' lang='lat' dir='ltr'><strong>et</strong></span> <span class='ocrx_word' id='word_1_302' title='bbox 844 2870 929 2921; x_wconf 91' lang='lat' dir='ltr'><strong>oculis</strong></span> <span class='ocrx_word' id='word_1_303' title='bbox 941 2871 973 2921; x_wconf 92' lang='lat' dir='ltr'><strong>ad</strong></span> <span class='ocrx_word' id='word_1_304' title='bbox 988 2870 1092 2920; x_wconf 89' lang='lat' dir='ltr'><strong>Patrem</strong></span> <span class='ocrx_word' id='word_1_305' title='bbox 1106 2867 1226 2930; x_wconf 79' lang='lat' dir='ltr'><strong>elevetis,</strong></span> 
     </span>
     <span class='ocr_line' id='line_1_58' title="bbox 691 2939 1227 3009; baseline -0.006 -16"><span class='ocrx_word' id='word_1_306' title='bbox 691 2944 803 3009; x_wconf 82' lang='lat' dir='ltr'><strong>gratias</strong></span> <span class='ocrx_word' id='word_1_307' title='bbox 814 2955 911 3008; x_wconf 82' lang='lat' dir='ltr'><strong>agens,</strong></span> <span class='ocrx_word' id='word_1_308' title='bbox 922 2956 973 3006; x_wconf 90' lang='lat' dir='ltr'><strong>pro</strong></span> <span class='ocrx_word' id='word_1_309' title='bbox 988 2940 1123 2991; x_wconf 81' lang='lat' dir='ltr'><strong>veteribus</strong></span> <span class='ocrx_word' id='word_1_310' title='bbox 1137 2939 1227 2990; x_wconf 89' lang='lat' dir='ltr'><strong>termi-</strong></span> 
     </span>
     <span class='ocr_line' id='line_1_59' title="bbox 688 3013 1227 3078; baseline -0.006 -12"><span class='ocrx_word' id='word_1_311' title='bbox 688 3015 891 3077; x_wconf 83' lang='lat' dir='ltr'><strong>natis,etnovis</strong></span> <span class='ocrx_word' id='word_1_312' title='bbox 900 3014 1070 3075; x_wconf 86' lang='lat' dir='ltr'><strong>inchoandis,</strong></span> <span class='ocrx_word' id='word_1_313' title='bbox 1080 3013 1227 3078; x_wconf 77' lang='lat' dir='ltr'><strong>benedixit,</strong></span> 
     </span>
     <span class='ocr_line' id='line_1_60' title="bbox 690 3083 1226 3152; baseline -0.004 -16"><span class='ocrx_word' id='word_1_314' title='bbox 690 3087 804 3137; x_wconf 87' lang='lat' dir='ltr'><strong>dicendo</strong></span> <span class='ocrx_word' id='word_1_315' title='bbox 824 3087 890 3136; x_wconf 90' lang='lat' dir='ltr'><strong>illud</strong></span> <span class='ocrx_word' id='word_1_316' title='bbox 906 3086 979 3152; x_wconf 93' lang='lat' dir='ltr'><strong>quod</strong></span> <span class='ocrx_word' id='word_1_317' title='bbox 999 3085 1131 3151; x_wconf 87' lang='lat' dir='ltr'><strong>sequitur,</strong></span> <span class='ocrx_word' id='word_1_318' title='bbox 1151 3083 1226 3135; x_wconf 85' lang='lat' dir='ltr'><strong>scili-</strong></span> 
     </span>
     <span class='ocr_line' id='line_1_61' title="bbox 690 3153 1227 3223; baseline -0.009 -15"><span class='ocrx_word' id='word_1_319' title='bbox 690 3169 750 3209; x_wconf 87' lang='lat' dir='ltr'><strong>cet:</strong></span> <span class='ocrx_word' id='word_1_320' title='bbox 768 3159 832 3209; x_wconf 88' lang='lat' dir='ltr'><strong>Hoc</strong></span> <span class='ocrx_word' id='word_1_321' title='bbox 842 3163 883 3207; x_wconf 86' lang='lat' dir='ltr'><strong>est</strong></span> <span class='ocrx_word' id='word_1_322' title='bbox 894 3170 993 3223; x_wconf 73' lang='lat' dir='ltr'><strong>corpus</strong></span> <span class='ocrx_word' id='word_1_323' title='bbox 1010 3172 1108 3217; x_wconf 87' lang='lat' dir='ltr'><strong>mcum;</strong></span> <span class='ocrx_word' id='word_1_324' title='bbox 1121 3168 1154 3204; x_wconf 87' lang='lat' dir='ltr'><strong>ac</strong></span> <span class='ocrx_word' id='word_1_325' title='bbox 1166 3153 1227 3220; x_wconf 80' lang='lat' dir='ltr'><strong>fre-</strong></span> 
     </span>
     <span class='ocr_line' id='line_1_62' title="bbox 689 3226 1225 3297; baseline -0.015 -16"><span class='ocrx_word' id='word_1_326' title='bbox 689 3231 750 3297; x_wconf 81' lang='lat' dir='ltr'><strong>git,</strong></span> <span class='ocrx_word' id='word_1_327' title='bbox 769 3230 871 3281; x_wconf 89' lang='lat' dir='ltr'><strong>scilicet</strong></span> <span class='ocrx_word' id='word_1_328' title='bbox 893 3240 954 3295; x_wconf 91' lang='lat' dir='ltr'><strong>post</strong></span> <span class='ocrx_word' id='word_1_329' title='bbox 980 3226 1225 3288; x_wconf 86' lang='lat' dir='ltr'><strong>consecrationem,</strong></span> 
     </span>
     <span class='ocr_line' id='line_1_63' title="bbox 690 3295 1227 3368; baseline -0.015 -15"><span class='ocrx_word' id='word_1_330' title='bbox 690 3300 813 3368; x_wconf 79' lang='lat' dir='ltr'><strong>deditque</strong></span> <span class='ocrx_word' id='word_1_331' title='bbox 827 3301 970 3368; x_wconf 84' lang='lat' dir='ltr'><strong>discipulis</strong></span> <span class='ocrx_word' id='word_1_332' title='bbox 985 3300 1052 3361; x_wconf 85' lang='lat' dir='ltr'><strong>suis,</strong></span> <span class='ocrx_word' id='word_1_333' title='bbox 1068 3303 1094 3348; x_wconf 85' lang='lat' dir='ltr'><strong>ct</strong></span> <span class='ocrx_word' id='word_1_334' title='bbox 1107 3296 1156 3360; x_wconf 83' lang='lat' dir='ltr'><strong>ait,</strong></span> <span class='ocrx_word' id='word_1_335' title='bbox 1169 3295 1227 3347; x_wconf 86' lang='lat' dir='ltr'><strong>sci-</strong></span> 
     </span>
     <span class='ocr_line' id='line_1_64' title="bbox 686 3366 1226 3440; baseline -0.015 -15"><span class='ocrx_word' id='word_1_336' title='bbox 686 3374 750 3425; x_wconf 81' lang='lat' dir='ltr'><strong>llcet</strong></span> <span class='ocrx_word' id='word_1_337' title='bbox 768 3375 929 3440; x_wconf 83' lang='lat' dir='ltr'><strong>priusquam</strong></span> <span class='ocrx_word' id='word_1_338' title='bbox 952 3372 1102 3436; x_wconf 86' lang='lat' dir='ltr'><strong>frangeret,</strong></span> <span class='ocrx_word' id='word_1_339' title='bbox 1123 3368 1165 3418; x_wconf 83' lang='lat' dir='ltr'><strong>vel</strong></span> <span class='ocrx_word' id='word_1_340' title='bbox 1185 3366 1226 3419; x_wconf 84' lang='lat' dir='ltr'><strong>si-</strong></span> 
     </span>
     <span class='ocr_line' id='line_1_65' title="bbox 685 3438 1224 3512; baseline -0.013 -17"><span class='ocrx_word' id='word_1_341' title='bbox 685 3445 747 3494; x_wconf 85' lang='lat' dir='ltr'><strong>mul</strong></span> <span class='ocrx_word' id='word_1_342' title='bbox 770 3446 879 3512; x_wconf 84' lang='lat' dir='ltr'><strong>quando</strong></span> <span class='ocrx_word' id='word_1_343' title='bbox 899 3442 1037 3506; x_wconf 86' lang='lat' dir='ltr'><strong>frangebat</strong></span> <span class='ocrx_word' id='word_1_344' title='bbox 1061 3455 1069 3490; x_wconf 75' lang='lat' dir='ltr'><strong>c</strong></span> <span class='ocrx_word' id='word_1_345' title='bbox 1095 3438 1224 3505; x_wconf 82' lang='lat' dir='ltr'><strong>Accipite,</strong></span> 
     </span>
     <span class='ocr_line' id='line_1_66' title="bbox 688 3509 1225 3573; baseline -0.009 -8"><span class='ocrx_word' id='word_1_346' title='bbox 688 3515 839 3566; x_wconf 80' lang='lat' dir='ltr'><strong>scillcetcx</strong></span> <span class='ocrx_word' id='word_1_347' title='bbox 851 3514 1011 3573; x_wconf 77' lang='lat' dir='ltr'><strong>insomnes,</strong></span> <span class='ocrx_word' id='word_1_348' title='bbox 1025 3517 1052 3561; x_wconf 86' lang='lat' dir='ltr'><strong>ct</strong></span> <span class='ocrx_word' id='word_1_349' title='bbox 1073 3509 1201 3561; x_wconf 82' lang='lat' dir='ltr'><strong>comedite</strong></span> <span class='ocrx_word' id='word_1_350' title='bbox 1216 3526 1225 3560; x_wconf 89' lang='lat'><strong>.·</strong></span> 
     </span>
     <span class='ocr_line' id='line_1_67' title="bbox 688 3581 1225 3650; baseline -0.013 -12"><span class='ocrx_word' id='word_1_351' title='bbox 688 3588 751 3637; x_wconf 90' lang='lat' dir='ltr'><strong>Hoc</strong></span> <span class='ocrx_word' id='word_1_352' title='bbox 769 3593 810 3637; x_wconf 84' lang='lat' dir='ltr'><strong>est</strong></span> <span class='ocrx_word' id='word_1_353' title='bbox 830 3599 929 3650; x_wconf 85' lang='lat' dir='ltr'><strong>corpus</strong></span> <span class='ocrx_word' id='word_1_354' title='bbox 945 3596 1080 3646; x_wconf 66' lang='lat' dir='ltr'><strong>menna...</strong></span> <span class='ocrx_word' id='word_1_355' title='bbox 1094 3581 1225 3649; x_wconf 71' lang='lat' dir='ltr'><strong>quodpro</strong></span> 
     </span>
    </p>
   </div>
   <div class='ocr_carea' id='block_1_9' title="bbox 682 3651 1224 3712">
    <p class='ocr_par' dir='ltr' id='par_1_11' title="bbox 682 3651 1224 3712">
     <span class='ocr_line' id='line_1_68' title="bbox 682 3651 1224 3712; baseline -0.015 -4"><span class='ocrx_word' id='word_1_356' title='bbox 682 3658 763 3708; x_wconf 72' lang='lat' dir='ltr'><strong>uobis</strong></span> <span class='ocrx_word' id='word_1_357' title='bbox 784 3656 921 3705; x_wconf 73' lang='lat' dir='ltr'><strong>tradetur.</strong></span> <span class='ocrx_word' id='word_1_358' title='bbox 954 3653 1071 3704; x_wconf 87' lang='lat' dir='ltr'><strong>Ecclesia</strong></span> <span class='ocrx_word' id='word_1_359' title='bbox 1097 3651 1224 3712; x_wconf 77' lang='lat' dir='ltr'><strong>addidit,</strong></span> 
     </span>
    </p>
   </div>
   <div class='ocr_carea' id='block_1_10' title="bbox 687 3721 1291 3861">
    <p class='ocr_par' dir='ltr' id='par_1_12' title="bbox 687 3721 1291 3861">
     <span class='ocr_line' id='line_1_69' title="bbox 687 3721 1291 3789; baseline -0.01 -12"><span class='ocrx_word' id='word_1_360' title='bbox 687 3727 764 3789; x_wconf 72' lang='lat' dir='ltr'><strong>mitit,</strong></span> <span class='ocrx_word' id='word_1_361' title='bbox 782 3735 808 3776; x_wconf 90' lang='lat' dir='ltr'><strong>et</strong></span> <span class='ocrx_word' id='word_1_362' title='bbox 822 3725 882 3775; x_wconf 88' lang='lat' dir='ltr'><strong>ideo</strong></span> <span class='ocrx_word' id='word_1_363' title='bbox 891 3738 1002 3789; x_wconf 81' lang='lat' dir='ltr'><strong>semper</strong></span> <span class='ocrx_word' id='word_1_364' title='bbox 1019 3733 1059 3773; x_wconf 88' lang='lat' dir='ltr'><strong>est</strong></span> <span class='ocrx_word' id='word_1_365' title='bbox 1069 3721 1222 3772; x_wconf 83' lang='lat' dir='ltr'><strong>dicendum.</strong></span> <span class='ocrx_word' id='word_1_366' title='bbox 1288 3731 1291 3737; x_wconf 91' lang='grc'><em>·</em></span> 
     </span>
     <span class='ocr_line' id='line_1_70' title="bbox 687 3793 1223 3861; baseline -0.011 -13"><span class='ocrx_word' id='word_1_367' title='bbox 687 3798 727 3848; x_wconf 83' lang='grc' dir='ltr'><strong>Ετ</strong></span> <span class='ocrx_word' id='word_1_368' title='bbox 740 3795 864 3847; x_wconf 83' lang='lat' dir='ltr'><strong>similiter</strong></span> <span class='ocrx_word' id='word_1_369' title='bbox 879 3794 1014 3861; x_wconf 70' lang='lat' dir='ltr'><strong>mcipicns</strong></span> <span class='ocrx_word' id='word_1_370' title='bbox 1026 3793 1146 3854; x_wconf 86' lang='lat' dir='ltr'><strong>calicem,</strong></span> <span class='ocrx_word' id='word_1_371' title='bbox 1166 3804 1223 3843; x_wconf 86' lang='lat' dir='ltr'><strong>non</strong></span> 
     </span>
    </p>
   </div>
   <div class='ocr_carea' id='block_1_11' title="bbox 682 3865 1223 3932">
    <p class='ocr_par' dir='ltr' id='par_1_13' title="bbox 682 3865 1223 3932">
     <span class='ocr_line' id='line_1_71' title="bbox 682 3865 1223 3932; baseline -0.009 -15"><span class='ocrx_word' id='word_1_372' title='bbox 682 3877 802 3917; x_wconf 73' lang='lat' dir='ltr'><strong>ueterem</strong></span> <span class='ocrx_word' id='word_1_373' title='bbox 826 3875 856 3915; x_wconf 91' lang='lat' dir='ltr'><strong>ut</strong></span> <span class='ocrx_word' id='word_1_374' title='bbox 876 3865 963 3932; x_wconf 84' lang='lat' dir='ltr'><strong>prius,</strong></span> <span class='ocrx_word' id='word_1_375' title='bbox 989 3865 1035 3914; x_wconf 91' lang='lat' dir='ltr'><strong>sed</strong></span> <span class='ocrx_word' id='word_1_376' title='bbox 1060 3877 1171 3928; x_wconf 86' lang='lat' dir='ltr'><strong>novum,</strong></span> <span class='ocrx_word' id='word_1_377' title='bbox 1196 3871 1223 3912; x_wconf 89' lang='lat' dir='ltr'><strong>et</strong></span> 
     </span>
    </p>
   </div>
   <div class='ocr_carea' id='block_1_12' title="bbox 688 3936 1222 4004">
    <p class='ocr_par' dir='ltr' id='par_1_14' title="bbox 688 3936 1222 4004">
     <span class='ocr_line' id='line_1_72' title="bbox 688 3936 1222 4004; baseline -0.006 -16"><span class='ocrx_word' id='word_1_378' title='bbox 688 3939 752 3990; x_wconf 88' lang='lat' dir='ltr'><strong>item</strong></span> <span class='ocrx_word' id='word_1_379' title='bbox 770 3938 881 4004; x_wconf 83' lang='lat' dir='ltr'><strong>gratias</strong></span> <span class='ocrx_word' id='word_1_380' title='bbox 903 3951 997 4003; x_wconf 85' lang='lat' dir='ltr'><strong>agens,</strong></span> <span class='ocrx_word' id='word_1_381' title='bbox 1016 3936 1162 3998; x_wconf 79' lang='lat' dir='ltr'><strong>bettedixit,</strong></span> <span class='ocrx_word' id='word_1_382' title='bbox 1187 3945 1222 3985; x_wconf 75' lang='lat' dir='ltr'><strong>cc</strong></span> 
     </span>
    </p>
   </div>
   <div class='ocr_carea' id='block_1_13' title="bbox 0 0 1321 4320">
    <p class='ocr_par' dir='ltr' id='par_1_15' title="bbox 0 0 1321 4320">
     <span class='ocr_line' id='line_1_73' title="bbox 0 0 1321 4320; baseline 0 0"><span class='ocrx_word' id='word_1_383' title='bbox 0 0 1321 4320; x_wconf 95' lang='lat' dir='ltr'><strong> </strong></span> 
     </span>
    </p>
   </div>
  </div>
 </body>
</html>
