2632 4320
41 300 43 305 ¹
131 312 182 362 280

129 437 209 488 tactu,
224 426 316 477 nolunt
329 440 361 476 ea
375 439 489 487 movere,
505 435 531 476 et
544 434 660 489 tangere.

129 497 200 547 Ecce
220 496 334 562 qualiter
355 511 450 546 eorum
470 493 662 560 reprehensio-

130 583 192 617 nem
220 577 363 633 aggravat,
393 583 447 617 non
469 567 541 616 enim
564 565 660 614 dixit:

131 656 186 690 non
201 650 325 704 possunt,
340 639 389 689 sed
402 639 487 690 noluit
492 656 503 702 ,·
517 653 565 688 nec
578 637 660 687 dicit:

131 711 209 776 pleno
234 725 314 775 opere
338 720 364 760 et
388 725 479 770 manu,
503 709 549 759 sed
573 708 662 774 digito

131 791 156 830 et
176 780 281 830 modico
296 792 383 841 tactu·,
405 796 452 832 nec
464 781 533 831 dixit
548 797 554 830 ι
570 789 662 845 porta-

132 867 169 911 re,
184 852 231 901 sed
247 866 360 912 movere,
375 852 402 902 id
419 863 459 902 est
472 859 559 917 neque
580 866 663 917 prope

131 921 188 971 fieri
204 936 292 987 neque
307 933 424 989 tangere,
447 922 511 988 quia
527 922 663 971 modicum

132 1003 256 1043 conatum
268 995 300 1043 ad
312 995 446 1060 agendum
463 993 525 1044 talia
539 994 664 1043 nolebant

131 1078 273 1128 apponere,
287 1074 311 1113 et
324 1080 372 1114 nec
383 1064 488 1114 minora
497 1079 591 1113 eorum
604 1076 664 1129 quae

133 1133 185 1199 ipsi
217 1135 407 1199 praecipiebant
434 1135 559 1184 volebant
585 1148 665 1199 opere

132 1204 287 1270 adimplere.
321 1205 374 1256 Ubi
411 1205 621 1273 chrysostomus
656 1223 665 1256 .-

133 1294 147 1322 «
163 1276 315 1326 Secundum
340 1277 559 1342 consequentiam
575 1285 665 1327 autem

132 1346 199 1396 tales
230 1357 292 1396 sunt
316 1346 397 1396 etiam
425 1348 587 1408 sacerdotes,
617 1346 665 1413 qui

133 1431 243 1466 omnem
264 1416 392 1480 justitiam
408 1419 508 1482 populo
528 1417 665 1476 mandant,

134 1497 159 1536 et
178 1486 231 1552 ipsi
252 1502 300 1536 nec
324 1487 457 1537 modicam
478 1499 593 1546 servant,
624 1487 667 1538 vi-

135 1557 231 1607 delicet
254 1573 309 1606 non
329 1567 359 1608 ut
381 1557 502 1608 faciendo
522 1559 578 1608 sint
593 1558 667 1623 justi,

136 1630 182 1680 sed
211 1640 241 1680 ut
269 1630 382 1681 dicendo
407 1632 479 1697 justi.
503 1633 582 1683 Tales
604 1641 668 1683 sunt

137 1701 224 1766 etqui
239 1717 317 1768 grave
332 1704 437 1768 pondus
448 1703 619 1755 venientibus
635 1704 668 1754 ad

136 1773 322 1838 poenitentiam
337 1775 490 1840 imponunt,
508 1775 560 1842 ipsi
579 1786 669 1828 autem

138 1860 186 1894 nec
200 1844 347 1895 minimum
366 1846 477 1897 faciunt.
492 1848 528 1897 Et
547 1848 586 1898 sic
603 1849 669 1899 dum

139 1930 218 1981 poena
231 1916 368 1981 praesentis
382 1918 544 1982 penitentia
558 1919 670 1986 fugitur,

138 1987 321 2035 contemnitur
335 2002 413 2052 poena
431 1988 514 2039 futuri
527 1991 629 2054 judicii.
644 1990 671 2040 Si

140 2055 215 2105 enim
238 2055 336 2106 fascem
359 2073 439 2123 super
461 2059 589 2110 humeros
606 2061 673 2110 ado-

142 2127 276 2188 lescentis,
299 2143 381 2193 quem
410 2146 466 2180 non
489 2141 577 2196 potest
602 2132 675 2196 baju-

141 2198 213 2258 lare,
246 2199 384 2263 posueris,
406 2216 512 2251 necesse
540 2203 620 2252 habet
645 2212 675 2252 ut

141 2276 187 2316 aut
211 2266 312 2316 fascem
338 2269 448 2333 rejiciat,
471 2281 517 2321 aut
535 2273 586 2322 sub
603 2287 674 2338 pon-

141 2340 203 2388 dere
222 2338 425 2406 confringatur;
448 2342 486 2394 sic
510 2354 536 2394 et
557 2345 674 2406 homini,

142 2408 184 2458 cui
205 2425 284 2475 grave
307 2413 412 2476 pondus
435 2415 599 2480 poenitentiae
620 2416 675 2465 im-

143 2480 231 2545 ponis,
254 2496 363 2532 necesse
377 2494 418 2534 est
434 2494 464 2534 ut
481 2496 527 2536 aut
541 2486 676 2552 poeniten-

143 2551 209 2600 tiam
228 2562 301 2602 tuam
325 2554 434 2619 rejiciat,
459 2568 505 2608 aut
528 2559 677 2625 suscipiens

143 2623 209 2673 dum
224 2623 292 2674 ferre
307 2641 362 2676 non
372 2637 459 2692 potest
473 2630 677 2692 scandalizetur,

147 2705 173 2745 et
192 2696 309 2760 amplius
326 2710 424 2763 peccet.
441 2701 552 2761 Deinde,
568 2703 618 2753 e'tsi
634 2719 678 2753 er-

146 2781 237 2816 ramus
263 2768 396 2819 modicam
419 2773 603 2837 poenitentiam
624 2775 679 2825 im-

147 2844 284 2899 ponentes,
305 2853 394 2890 nonne
407 2842 505 2892 melius
519 2854 559 2893 est
573 2855 681 2909 propter

147 2906 358 2960 misericordiam
372 2914 434 2964 dare
445 2916 584 2980 rationem,
598 2932 680 2983 quam

149 2986 259 3057 propter
282 2983 481 3035 crudelitatem?
497 2988 549 3038 Ubi
564 2987 681 3054 paterfa-

149 3048 239 3097 milias
261 3049 350 3116 largus
373 3064 421 3116 est,
443 3057 611 3123 dispensator
625 3076 680 3110 non

150 3120 229 3170 debet
249 3136 308 3173 esse
327 3134 404 3176 tenax
419 3129 550 3181 minister.
566 3133 595 3182 Si
609 3133 681 3183 Deus

150 3189 295 3256 benignus,
318 3196 415 3261 utquid
432 3201 553 3251 sacerdos
569 3211 608 3252 est
630 3218 682 3252 au-

150 3265 255 3316 sterus?
275 3267 323 3318 Vis
342 3285 468 3336 apparere
482 3285 598 3336 sanctus,
614 3275 683 3327 eirea

150 3345 223 3387 tuam
251 3337 333 3389 vitam
364 3352 421 3393 esto
450 3356 589 3411 austerus3
614 3348 683 3399 circa

149 3407 265 3458 aliorum
290 3420 378 3461 autem
401 3412 543 3480 benignus.
567 3417 685 3468 Audiant

149 3487 174 3527 te
199 3479 325 3532 homines
346 3497 425 3548 parva
438 3486 627 3546 mandantem,
640 3487 685 3538 vi-

154 3550 235 3602 deant
258 3554 367 3619 grandia
389 3553 540 3607 facientem.
555 3558 631 3608 Talis
645 3567 686 3609 est

151 3633 242 3674 autem
266 3628 388 3678 sacerdos
411 3629 458 3695 qui
477 3629 530 3679 sibi
553 3629 684 3696 indulget,

154 3703 180 3743 et
192 3695 259 3746 alios
276 3697 373 3764 exigit3
389 3700 617 3767 quemadmodum
632 3716 686 3751 ma·

154 3764 198 3814 lus
223 3766 371 3834 descriptor
395 3771 489 3820 tributi
516 3770 543 3820 in
570 3770 684 3835 civitate,

155 3835 203 3901 qui
226 3853 255 3888 se
274 3842 372 3892 relevat
389 3853 415 3894 et
431 3854 522 3895 onerat
540 3843 685 3911 imponen-

155 3921 229 3965 tes.»
244 3911 278 3961 Et
289 3911 387 3965 iterum
401 3932 407 3966 :
420 3933 434 3962 a
445 3916 476 3966 ln
485 3932 541 3983 quo
550 3916 686 3982 duplicem

406 307 580 359 SECUNDAE
595 306 718 357 PARTlS
732 305 849 356 CAPUT
863 306 992 357 xxxvii.

714 437 808 472 eorum
829 421 961 473 malitiam
986 416 1104 472 ostendit
1128 436 1135 470 ε
1163 433 1246 469 unam

713 493 825 560 quidem
850 494 879 543 in
906 493 958 543 hoc
984 492 1057 559 quod
1084 491 1143 542 sine
1170 487 1248 540 venia

714 573 844 629 expetunt
889 579 904 614 a
936 562 1065 628 subjectis
1113 575 1249 612 summam

713 634 882 701 diligentiam
908 634 985 696 vitae3
1015 633 1096 683 aliam
1124 647 1189 683 vero
1220 630 1249 682 in

715 708 776 766 hoc,
797 708 869 773 quod
895 706 1018 772 sibiipsis
1043 706 1159 756 multam
1182 718 1249 755 con·

715 777 813 827 cedunt
841 776 987 827 licentiam.
1012 775 1128 842 Oportet
1158 782 1251 825 autem

716 848 817 898 bonum
844 847 993 913 principem
1018 863 1033 897 e
1059 846 1196 907 contrario
1220 856 1252 897 'se

716 918 824 982 habere,
838 918 867 967 in
888 918 933 968 his
947 918 1059 984 quidem
1073 932 1136 983 quae
1150 932 1252 969 secun-

716 989 782 1039 dum
815 989 936 1054 seipsum
965 980 1044 1049 sunt‘,
1075 1003 1186 1055 gravem
1209 988 1253 1054 ju·

717 1059 802 1109 dicem
831 1074 904 1123 esse,
937 1060 966 1110 in
995 1058 1122 1124 subjectis
1149 1068 1253 1120 autem,

718 1141 889 1197 mansuetum
905 1149 912 1183 :
928 1151 942 1180 »
958 1132 1016 1182 haec
1029 1130 1253 1199 chrysostomus.

718 1206 883 1270 imponendo
914 1220 978 1271 ergo
1003 1205 1137 1256 modicam
1165 1203 1256 1271 poeni·

718 1275 839 1337 tentiam,
856 1276 953 1326 melius
973 1286 1013 1327 est
1027 1276 1132 1327 animas
1146 1275 1256 1327 mittete

720 1346 748 1396 in
774 1347 973 1413 purgatorium,
999 1363 1081 1414 quam
1108 1346 1137 1396 in
1169 1345 1257 1396 infer-

721 1435 802 1483 num;
824 1419 870 1469 sed
893 1419 1026 1471 tamenin
1043 1418 1146 1486 quibus
1162 1428 1258 1469 tenen-

720 1500 772 1551 tur,
788 1491 882 1540 saltem
899 1500 939 1540 est
958 1489 997 1540 eis
1020 1489 1256 1540 innotescendum.

721 1561 818 1628 igitur,
847 1571 877 1611 ut
902 1562 939 1612 ait
966 1562 1173 1629 Hieronymus,
1205 1560 1257 1611 hoc

721 1633 879 1698 generaliter
898 1632 998 1682 dicitur
1022 1631 1151 1698 adversus
1165 1645 1259 1682 omnes

722 1704 874 1770 magistros,
898 1703 945 1769 qui
971 1702 1083 1769 grandia
1106 1703 1210 1767 jubent,
1233 1710 1259 1751 et

722 1774 827 1825 minora
841 1789 895 1823 non
908 1772 1018 1823 faciunt.
1034 1773 1097 1822 Haec
1111 1783 1152 1823 est
1169 1781 1258 1823 autem

722 1845 846 1911 quaedam
870 1858 949 1894 causa
972 1859 1026 1893 non
1050 1842 1174 1906 modica,
1199 1855 1260 1908 quie

724 1915 804 1966 hodie
811 1923 900 1965 movet
909 1913 1032 1963 subditos
1043 1922 1136 1962 contra
1147 1912 1261 1978 majores

724 1996 750 2036 et
763 1986 896 2051 praelatos,
912 1983 977 2050 quia
987 1983 1088 2046 dicunt,
1104 1989 1131 2033 et
1144 1996 1197 2034 non
1205 1981 1260 2048 sa·

725 2060 813 2121 ciunt,·
831 2058 977 2123 imponunt
993 2070 1077 2106 onera
1097 2054 1171 2119 aliis,
1188 2062 1216 2105 et
1229 2067 1258 2104 ea

725 2129 809 2195 digito
827 2145 882 2179 non
905 2137 1029 2194 tangunt.
1050 2125 1162 2177 Talium
1181 2124 1261 2177 verba

725 2202 794 2268 apud
824 2200 947 2251 subditos
977 2213 1073 2265 parum
1098 2195 1257 2264 proficiunt,

725 2271 834 2337 quando
853 2269 939 2320 ineis
965 2285 1020 2319 non
1046 2267 1176 2318 videntur
1199 2279 1261 2334 quoe
1283 2269 1287 2275 '

727 2341 823 2391 docent
852 2351 879 2392 et
906 2338 1073 2406 precipiunt.
1101 2337 1263 2403 Quicunque

727 2427 790 2478 ergo
809 2412 993 2478 proximorum
1014 2409 1158 2459 animabus
1187 2405 1264 2457 utilis

729 2500 786 2536 esse
805 2484 946 2544 desiderat,
969 2483 1074 2532 studeat
1089 2481 1166 2548 prius
1184 2479 1215 2530 in
1235 2493 1264 2530 se

730 2555 827 2605 habere
841 2552 973 2619 quidquid
988 2552 1055 2601 alios
1070 2551 1201 2601 docturus
1215 2556 1264 2608 est,

730 2627 850 2694 alioquin
867 2641 963 2692 parum
978 2623 1109 2691 proficiet.
1125 2623 1196 2672 Nam
1209 2622 1266 2687 ejus

730 2700 843 2750 verbum
866 2695 989 2747 inefficax
1013 2694 1081 2755 erit,
1105 2693 1160 2744 nisi
1189 2691 1264 2758 prius

732 2769 858 2821 homines
874 2769 901 2818 in
925 2783 956 2818 eo
972 2764 1140 2831 comperiant
1163 2778 1223 2814 esse
1235 2776 1265 2814 ea

732 2857 793 2908 quae
820 2841 912 2890 docet.
933 2839 977 2889 Ex
1003 2835 1152 2904 praemissis
1177 2844 1265 2902 patet,

732 2912 805 2980 quod
826 2911 872 2961 ille
888 2909 936 2976 qui
956 2910 1043 2975 legem
1063 2907 1186 2974 aliquam
1201 2920 1266 2957 con·

733 2983 830 3044 stituit,
853 2982 915 3032 licet
934 2996 988 3030 non
1002 2979 1038 3030 sit
1060 2978 1190 3029 subditus
1206 2975 1267 3043 legi,

733 3063 864 3123 quantum
890 3052 923 3102 ad
947 3050 999 3100 lroc
1021 3048 1095 3114 quod
1113 3064 1161 3114 per
1175 3046 1268 3099 homi-

734 3140 796 3175 nem
814 3120 941 3190 puniatur
959 3119 981 3169 si
1007 3117 1176 3168 contrarium
1201 3117 1269 3169 fece·

734 3196 783 3261 rit;
807 3205 896 3245 tamen
918 3190 1051 3256 obligatus
1073 3199 1115 3240 ost
1133 3189 1166 3239 ad
1184 3190 1268 3256 legem

735 3267 918 3335 implendam,
950 3273 977 3314 et
1007 3261 1117 3328 gravius
1143 3262 1271 3328 punietur

735 3355 750 3390 a
770 3340 836 3402 Deo,
859 3337 882 3388 si
905 3334 998 3386 fecerit
1011 3333 1190 3394 contrarium,
1207 3331 1270 3400 quia

735 3409 910 3477 transgressio
921 3408 978 3472 ejus
988 3417 1028 3457 est
1041 3406 1149 3472 gravior
1162 3414 1272 3472 propter

736 3483 902 3536 scandalum.
917 3483 1027 3545 Propter
1038 3479 1112 3545 quod
1128 3478 1195 3530 dicit
1207 3477 1271 3545 qui·

737 3557 799 3606 dam
819 3553 948 3620 sapiens:
966 3552 1057 3601 Patere
1079 3549 1169 3616 legem
1190 3561 1271 3616 quam

738 3627 795 3692 ipse
821 3623 927 3686 tuleris;
953 3631 979 3672 et
1005 3630 1035 3670 ut
1061 3619 1128 3670 alibi
1154 3618 1271 3677 dicitur,

737 3696 810 3763 quod
823 3693 956 3761 quidquid
971 3691 1038 3757 juris
1058 3688 1086 3738 in
1108 3690 1196 3740 altero
1216 3696 1272 3754 sta·

737 3767 798 3829 tuit,
823 3768 880 3834 ipse
905 3766 999 3816 eodem
1021 3761 1061 3813 uti
1081 3760 1173 3813 debet.
1201 3761 1273 3812 Patet

738 3857 802 3908 ergo
825 3856 857 3892 ex
881 3837 1023 3906 praedictis,
1047 3835 1124 3903 quod
1154 3833 1196 3885 illi
1224 3829 1271 3899 qui

740 3922 838 3966 statum
863 3908 989 3962 Ecclesiae
1014 3907 1043 3958 in
1069 3903 1200 3972 generali,
1225 3914 1272 3954 seu
