2632 4320
214 267 287 327 QUA
302 266 361 317 DIE
380 267 425 317 ET
442 266 515 317 CUR
530 266 636 316 Juuns
654 265 824 316 VENDlDlT
839 267 1017 320 DOMINUM.

55 387 123 450 dus;
144 383 273 445 intravit,
297 382 426 448 inquam,
451 398 506 432 non
533 381 589 430 im·

58 455 172 522 pellens,
198 455 244 506 sed
281 454 402 520 patulum
449 453 590 504 inveniens

57 527 175 589 ostium3
193 540 256 574 nam
273 525 374 574 oblitus
390 526 511 574 omniurn
527 539 588 590 quae

56 598 169 658 viderat,
184 597 217 648 ad
235 597 320 647 solam
336 596 474 664 avaritiam
485 596 590 662 dirige-

58 672 104 722 bat
124 669 272 734 intuitum;
292 668 404 719 intrauit
421 675 518 731 autem,
535 683 589 716 non

57 757 105 808 per
133 739 295 800 essentiam,
317 749 344 790 et
363 737 541 789 essentialiter
562 737 591 786 in

58 813 179 864 animam
194 811 339 871 illabendo,
348 810 422 877 quia,
439 809 590 860 secundum

57 883 249 950 Augustinum,
265 881 303 932 sic
324 882 399 931 solus
422 881 494 930 Deus
511 880 593 929 intrat

59 957 87 1007 in
112 956 242 1014 animam,
260 954 307 1021 qui
328 955 431 1006 creavit,
449 967 524 1015 eam;
546 952 591 1002 sed

59 1025 171 1078 intrauit
198 1025 286 1091 primo
310 1040 358 1090 per
381 1023 505 1074 eflectum
527 1037 591 1088 sug-

60 1095 200 1161 gestionis,
220 1094 406 1145 venditionem
421 1103 447 1144 et
467 1091 592 1144 traditio-

60 1183 124 1218 nem
151 1166 254 1217 Christi
287 1166 470 1232 suggerendo,
500 1175 526 1214 et
547 1178 592 1214 se-

59 1239 148 1289 cundo
171 1247 232 1303 post
248 1236 384 1287 buccelam
399 1252 446 1302 per
466 1235 591 1286 effectum

59 1310 190 1379 plenioris
227 1308 406 1375 possessionis
442 1323 504 1358 eum
536 1322 592 1357 suae

59 1381 182 1432 servituti
210 1379 388 1445 subjugando.
406 1379 446 1429 Ex
466 1393 521 1442 quo
542 1391 591 1443 pa·

61 1462 98 1503 tet
127 1450 200 1517 quod
234 1449 262 1499 in
285 1449 361 1499 omni
392 1457 496 1514 peccato
520 1462 596 1496 mor-

60 1526 106 1578 tali
133 1523 255 1574 diabolus
286 1522 365 1572 intrat
385 1520 536 1584 hominem,
561 1528 592 1569 ut

60 1600 152 1666 ipsum
177 1597 264 1647 denuo
296 1596 339 1646 vel
369 1595 486 1661 amplius
509 1609 591 1661 quam

61 1687 123 1729 ante
146 1675 291 1742 possideat,
308 1674 391 1724 ludas
406 1689 470 1739 ergo
479 1672 594 1723 audiens

61 1747 107 1800 eo's
133 1754 309 1811 congregatos
324 1745 357 1794 ad
378 1743 545 1794 tractandum
562 1745 595 1793 de

60 1816 165 1871 Christi
184 1824 280 1876 morte,
308 1814 355 1880 qui
375 1813 456 1864 etiam
476 1813 595 1863 audierat

60 1884 203 1939 aChristo
232 1899 261 1936 se
280 1883 440 1934 tradendum
462 1892 493 1933 ut
514 1881 596 1933 cruci·

60 1961 189 2028 figeretur
208 1959 237 2009 in
261 1958 362 2009 Pascha
380 1968 445 2007 tunc
473 1955 594 2015 instanti,

61 2044 89 2084 et
100 2031 175 2098 apud
200 2046 229 2082 se
247 2029 378 2096 cogitans,
402 2039 427 2080 et
453 2028 545 2078 dicens
566 2028 595 2077 in

61 2104 142 2156 corde
164 2105 219 2154 :ln
247 2101 371 2169 proximo
390 2100 520 2151 morietur
544 2101 596 2150 ho-

63 2190 109 2225 mo
124 2173 185 2235 iste,
204 2183 230 2223 et
249 2172 282 2222 ad
306 2173 410 2234 lucrum
430 2186 521 2221 meum
537 2185 596 2237 pos·

63 2260 126 2296 sum
147 2259 210 2294 eum
225 2243 336 2303 tradere,
348 2242 423 2305 abiit,
442 2257 458 2292 a
473 2241 595 2303 Christo,

31 2370 35 2375 ,
62 2313 174 2367 et'facta
188 2313 322 2375 societate,
337 2330 392 2363 non
414 2323 518 2364 tanturn
535 2327 596 2363 cor-

62 2400 138 2452 pore,
161 2383 208 2436 sed
232 2383 313 2435 etiarn
336 2392 425 2434 mente
449 2382 596 2433 recedendo

62 2467 87 2507 et
100 2454 288 2522 apostatando,
301 2463 327 2505 et
347 2453 459 2504 veniens
482 2453 514 2503 ad
529 2468 597 2503 con-

63 2528 158 2579 cilium
173 2527 303 2593 proditor,
319 2527 359 2577 ait
370 2525 427 2576 illis
440 2542 448 2576 .·
463 2523 597 2586 Quidvul·

63 2601 99 2653 tis
122 2599 189 2650 milri
212 2599 288 2663 dare,
308 2604 334 2650 et
357 2613 409 2665 ego
437 2596 512 2648 vobis
538 2611 597 2648 eum

65 2671 184 2734 tradam,
211 2669 316 2720 occulte
353 2668 453 2720 scilicet
483 2677 509 2718 et
539 2666 598 2719 sine

64 2741 188 2807 strepitu.
209 2739 249 2790 Et
266 2738 359 2806 gavisi
375 2745 445 2800 sunt,
472 2737 536 2804 quia
553 2736 598 2789 ille

66 2811 165 2863 modus
201 2808 324 2876 capiendi
354 2809 513 2870 Christum,
551 2825 599 2875 per

66 2899 148 2936 suum
159 2881 336 2947 'discipulum
358 2880 499 2932 videbatur
513 2882 599 2947 magis

65 2954 232 3008 conveniens
263 2962 290 3004 et
321 2962 453 3016 secretus;
492 2964 600 3020 propter

66 3026 139 3094 quod
163 3024 502 3076 mutaveruntconsilium
529 3039 600 3090 prae-

66 3097 181 3157 dictum,
195 3094 296 3146 scilicet
309 3095 343 3145 de
363 3094 510 3145 differenda
524 3109 600 3145 mor-

67 3167 172 3232 tesius
197 3180 283 3232 usque
309 3174 369 3229 post
396 3166 504 3216 festum.
532 3164 601 3224 Quia

67 3239 142 3291 enirn
179 3238 336 3288 traditorem
367 3237 545 3298 invenerunt,
574 3238 602 3287 in

68 3309 127 3376 ipsa
143 3340 145 3345 ‹
159 3307 303 3359 festivitate
331 3306 471 3358 Christum
498 3307 601 3358 occide-

67 3391 141 3433 runt.
151 3381 211 3432 Hoc
225 3390 324 3440 autern,
332 3381 479 3432 secundum
491 3376 615 3431 Leonem'

70 3454 180 3520 Papam,
189 3451 284 3503 divino
299 3451 478 3518 intelligimus
491 3451 605 3518 disposi-

69 3533 130 3577 tum
169 3522 255 3575 fuisse
290 3523 413 3574 consilio.
457 3523 605 3589 Oportebat

69 3595 145 3647 enirn
166 3605 198 3646 ut
216 3594 360 3646 manifesto
374 3594 550 3660 implerentur
563 3594 605 3644 ef-

70 3664 152 3728 fectu,
162 3680 225 3732 quae
241 3665 288 3717 diu
300 3665 412 3732 figurato
429 3665 534 3716 fuerant
547 3681 607 3731 pro-

70 3737 156 3791 missa
181 3737 320 3804 mysterio.
345 3737 378 3788 Et
402 3737 504 3804 pepigit
526 3737 607 3788 Judas

69 3824 134 3862 cum
161 3807 203 3861 eis
223 3809 257 3860 de
274 3807 384 3861 Christo
408 3808 538 3860 tradendo
558 3823 607 3875 pro

71 3883 185 3950 triginta
220 3882 364 3950 argenteis,
395 3883 488 3935 eodem
521 3881 607 3949 pretio

1123 269 1172 321 381

642 397 698 447 quo
717 383 817 448 loseph
833 385 958 436 venditus
979 395 1019 436 est
1032 393 1060 437 'a
1085 387 1177 438 fratri-

644 453 693 503 bus
717 453 783 514 suis,
812 454 840 504 in
855 457 1011 509 venditione
1034 458 1108 508 enim
1128 460 1177 510 Jo-

642 524 709 589 seph
722 525 888 591 praefigurata
902 527 953 578 fuit
963 529 1083 579 venditio
1098 531 1177 581 Chri-

643 596 686 645 sti.
706 597 787 646 Judas
817 598 850 647 ad
879 601 1099 667 congregationes
1127 601 1176 654 ivit

643 666 690 716 ubi
701 668 841 718 Christum
853 670 988 734 vendidit3
998 671 1036 722 sic
1050 673 1128 724 multi
1142 675 1175 725 ad

643 740 792 805 spectacula
818 742 928 804 vadunt,
958 742 1003 792 ubi
1033 744 1174 795 Christum

644 825 692 874 pro
715 809 819 860 modica
840 811 988 861 tentatione
1020 823 1045 862 et
1069 815 1176 865 modico

644 881 730 947 pretio
750 883 878 934 vendunt.
895 885 954 949 lpse
965 884 1040 935 dedit
1053 903 1103 952 pro
1121 888 1173 938 tri-

644 953 719 1018 ginta
758 954 905 1019 argenteis,
945 957 989 1005 sed
1027 968 1178 1022 peccatores

644 1025 709 1074 dant
733 1040 802 1090 saepe
824 1041 872 1091 pro
896 1027 981 1093 pretio
1003 1029 1112 1078 minori.
1127 1030 1177 1080 Ubi

644 1094 710 1144 dicit
724 1095 796 1146 idem
814 1097 869 1147 Leo
891 1099 969 1164 Papa,
987 1100 1060 1164 quod
1084 1099 1175 1149 anima

645 1165 710 1216 lucri
724 1167 821 1239 cupida
839 1167 917 1218 etiarn
934 1185 982 1234 pro
1003 1169 1100 1234 exiguo
1121 1185 1177 1235 per-

645 1236 683 1286 ire
708 1253 762 1287 non
782 1238 887 1298 metuit,
899 1240 1061 1306 nullumque
1080 1240 1108 1290 in
1130 1241 1177 1290 illo

645 1308 725 1360 corde
737 1319 778 1360 est
794 1311 902 1374 justitiae
913 1312 1066 1378 vestigium,
1082 1312 1110 1362 in
1122 1329 1177 1379 quo

645 1382 697 1433 sibi
715 1384 825 1435 avaritia
842 1383 904 1435 fecit
922 1386 1114 1438 habitaculum.
1131 1388 1179 1438 ln-

645 1455 709 1506 felix
732 1467 862 1507 mercator
887 1459 978 1518 ludas,
1005 1459 1051 1525 qui
1076 1468 1179 1510 tantum

641 1527 722 1577 'dedit
735 1543 784 1592 pro
798 1536 881 1592 tanto,
897 1529 984 1579 Deum
995 1545 1043 1595 pro
1055 1547 1180 1594 nummu,

646 1612 740 1648 verum
768 1613 817 1663 pro
853 1615 938 1660 vano,
981 1610 1109 1652 aeternum
1134 1618 1183 1667 pro

647 1669 817 1720 transitorio!
848 1670 919 1731 Quia
955 1671 1028 1721 enim
1062 1674 1182 1725 audierat

646 1740 796 1791 Dominum
820 1741 898 1793 tertia
932 1742 975 1792 die
1000 1744 1180 1805 moriturum,

647 1823 673 1863 et
689 1828 752 1863 eum
775 1812 803 1863 in
829 1823 916 1864 morte
938 1814 1049 1865 detineri
1065 1817 1179 1881 putavit,

648 1893 763 1934 mortem
796 1884 987 1935 imminentem
1026 1887 1181 1937 lucrativam

650 1954 701 2003 sibi
717 1953 802 2005 facere
823 1956 916 2005 voluit.
931 1956 1000 2006 Cum
1019 1955 1092 2006 enim
1112 1965 1182 2008 esset

641 2023 697 2090 sur
718 2031 744 2075 et
759 2026 860 2077 loculos
882 2027 989 2089 habens,
1023 2038 1061 2078 et.
1077 2028 1180 2080 videret

648 2108 817 2164 unguentum
842 2115 923 2165 super
950 2109 1029 2167 caput
1053 2111 1079 2151 et
1102 2101 1182 2167 pedes

648 2168 759 2219 Domini
789 2168 923 2233 effusum,
943 2173 1016 2238 quod
1044 2182 1183 2239 putaverat

649 2256 706 2291 esse
731 2241 911 2303 vendendum,
938 2253 964 2294 et
977 2259 979 2262 ·
992 2245 1108 2310 pretium
1129 2243 1181 2294 sibi

649 2311 820 2373 tradendum,
838 2314 910 2379 quod
926 2314 1077 2380 perdiderat
1096 2315 1124 2365 in
1145 2313 1183 2364 ef·

649 2380 756 2433 fusione
773 2385 915 2448 unguenti,
928 2385 1014 2435 voluit
1026 2400 1182 2451 recuperare

649 2451 678 2502 in
699 2453 853 2511 venditione
880 2455 1009 2520 Magistri.
1027 2457 1068 2505 llli
1082 2457 1184 2522 quippe

649 2523 758 2590 triginta
771 2525 888 2590 argentei
905 2526 1027 2575 valebant
1047 2535 1180 2576 trecentos

649 2596 774 2646 denarios
787 2597 907 2659 usuales;
923 2596 1038 2662 quilibet
1052 2597 1125 2648 enim
1139 2599 1182 2648 de-

650 2682 708 2717 cem
728 2667 840 2729 valebat,
863 2650 893 2718 ‘et
912 2667 949 2718 ita
972 2668 1001 2718 in
1024 2669 1182 2719 venditione

650 2737 751 2787 Christi
762 2737 926 2804 recuperavit
932 2738 1050 2789 valorem
1064 2754 1183 2804 unguen·

651 2810 670 2859 ti
686 2809 814 2875 praedicti,
828 2819 855 2860 et
868 2809 1079 2875 recompensavit
1103 2811 1181 2860 dam-

653 2897 719 2932 num
754 2891 934 2932 trecentorum
959 2881 1131 2932 denariorum
1152 2882 1185 2932 de

651 2969 706 3018 quo
716 2951 818 3002 dixerat
834 2968 840 3002 z
858 2953 951 3014 Quare
965 2953 1014 3003 hoc
1024 2959 1187 3019 unguentum

653 3039 703 3074 non
712 3022 923 3074 veniittrecentis
932 3024 1052 3074 denariis
1061 3031 1087 3074 et
1096 3025 1187 3075 datum

654 3103 695 3148 cst
706 3096 822 3162 egenis?
834 3097 870 3148 Et
883 3097 950 3148 forte
967 3099 1025 3148 haec
1037 3114 1115 3149 causa
1136 3098 1187 3148 fuit

654 3184 736 3236 quare
760 3168 902 3219 Matthaeus
916 3169 960 3220 hic
983 3170 1081 3221 factum
1097 3168 1187 3218 Mariae

655 3239 784 3303 recitavit,
794 3250 824 3291 ut
839 3239 939 3290 scilicet
955 3247 1132 3306 congruenter
1146 3238 1188 3287 fa-

656 3322 730 3363 ctum
753 3312 829 3363 Judae
853 3328 908 3378 quo
925 3310 1072 3361 Dominum
1090 3308 1190 3359 vendi-

656 3385 696 3436 dit
715 3394 843 3444 narraret,
870 3395 999 3450 tanquam
1029 3382 1190 3432 continuans

657 3455 781 3506 effectum
800 3455 833 3505 ad
855 3470 970 3513 causam,
989 3451 1054 3518 quia
1074 3452 1125 3501 hoc
1147 3451 1190 3502 fa-

660 3536 733 3576 ctum
753 3525 806 3576 fuit
821 3525 923 3576 occasio
936 3521 1097 3574 venditionis
1111 3522 1191 3573 Chri-

660 3595 706 3647 sti.
728 3596 811 3646 Judas
827 3595 917 3660 itaque
943 3609 1015 3644 unus
1035 3592 1068 3642 de
1087 3593 1192 3643 duode-

660 3667 723 3728 cim,
740 3680 853 3716 numcro
879 3681 933 3714 non
960 3663 1065 3724 merite,
1081 3663 1192 3714 nomine

661 3754 716 3790 non
731 3751 851 3798 munere,
876 3751 987 3801 corpore
1005 3751 1060 3785 non
1081 3734 1192 3794 animo,

660 3825 676 3861 a
703 3807 870 3875 principibus
896 3823 950 3857 non
977 3805 1115 3868 invitatur,
1136 3823 1192 3858 non

661 3879 774 3946 cogitur,
794 3878 867 3929 nulla
884 3877 1038 3930 necessitate
1062 3878 1194 3930 constrin-
