2632 4320
155 312 188 365 92
464 295 638 347 SECUNDAE
655 297 779 348 PARTlS
795 296 912 347 CAPUT
927 297 973 347 xi.

154 427 234 478 gens,
248 411 336 471 tertio,
347 421 377 461 ut
390 411 473 462 intuo
483 428 566 464 sensu
576 429 686 464 omnem

155 484 276 549 inopiam
300 494 326 534 et
351 494 497 550 egestatem
531 487 631 538 sentias
659 496 689 537 ut

155 570 287 615 inensam,
314 563 340 604 et
357 569 440 616 aram,
464 566 490 607 et
512 558 611 608 scalam
627 555 688 608 vitae

156 635 272 689 aeternae,
298 634 324 675 et
336 635 366 675 ut
386 629 524 692 speculum
543 627 689 694 imaginem

155 695 243 745 crucis
263 694 380 759 Christi3
408 708 512 764 quarto,
529 708 560 750 ut
583 698 690 750 divitias

155 773 183 814 et
196 775 338 831 apparatus
348 767 462 819 divitum
479 769 515 820 ita
529 769 629 821 sentias
637 769 688 821 tibi

155 835 302 898 difformes,
317 839 389 904 quod
405 840 433 889 in
448 856 543 891 eorum
559 841 690 893 memoria

155 907 199 956 vel
213 917 322 973 aspectu
343 911 495 962 nullatenus
509 914 595 963 valeas
613 912 688 964 dele-

156 978 222 1027 ctari
239 979 281 1028 vel
296 980 387 1042 laetari,
403 983 477 1049 quod
500 983 522 1034 si
545 983 644 1035 videris
664 994 691 1036 te

156 1049 185 1098 in
195 1050 234 1101 eis
244 1055 419 1119 congaudere,
432 1071 447 1106 a
462 1057 563 1108 Christi
574 1057 691 1123 gloriosa

157 1133 312 1187 paupertate
334 1135 359 1175 te
373 1126 476 1177 aestima
489 1129 609 1178 alienum
624 1127 689 1181 fore.

157 1194 228 1245 Huic
246 1205 335 1246 autem
363 1199 531 1251 connectitur
561 1204 634 1268 quod
661 1203 690 1255 in

156 1280 306 1331 pauperum
330 1277 355 1318 et
378 1269 565 1336 despectorum
584 1290 690 1325 memo-

155 1335 203 1396 ria,
214 1338 256 1387 vel
270 1348 388 1404 aspectu,
405 1350 534 1409 tanquam
546 1343 574 1394 in
589 1346 691 1397 Christi

157 1408 282 1471 pauperis
314 1425 437 1476 expressa
464 1413 590 1479 imagine,
618 1426 691 1468 totus

159 1477 267 1539 laeteris,
294 1489 319 1529 et
341 1481 380 1531 eis
403 1482 479 1548 quasi
504 1485 614 1551 regibus
629 1503 691 1538 cuin

160 1563 268 1602 summa
281 1554 415 1607 alacritate
426 1567 451 1608 et
463 1560 608 1612 reverentia
622 1577 692 1613 asso·

159 1637 248 1674 cieris.

190 1694 206 1745 8
234 1697 323 1749 Oranti
349 1717 417 1752 sorti
451 1720 536 1755 orani
564 1721 692 1758 nictantia

158 1781 235 1819 suur.
249 1798 279 1808 -
294 1771 440 1825 Considera
462 1775 543 1827 etiam
558 1777 602 1827 hic
619 1780 692 1845 quod

157 1839 189 1889 ad
198 1841 387 1906 perfectionem
400 1862 455 1896 non
464 1848 563 1898 sufficit
569 1852 692 1916 quaedam

158 1925 239 1975 opera
262 1913 340 1974 bona,
371 1926 397 1966 et
423 1919 553 1983 quasdam
578 1922 692 1974 virtutes

157 1979 275 2046 habere;
306 1986 353 2034 sed
388 1997 493 2052 oportet
521 1989 614 2041 omnia
643 2008 692 2058 pro

158 2068 236 2118 posse
260 2057 393 2121 perlicere.
420 2060 498 2111 Unde
526 2063 693 2130 chrysosto-

158 2138 266 2174 musi«
282 2127 440 2194 Completus
463 2141 503 2181 est
531 2134 580 2184 Dei
607 2135 692 2184 homo

158 2195 191 2243 ad
201 2211 281 2246 omne
290 2213 359 2263 opus
369 2199 480 2265 bonurn,
493 2205 612 2269 expletus
620 2222 674 2255 non
684 2224 691 2271 ;

158 2272 189 2313 ut
211 2265 269 2316 htec
295 2269 405 2334 quidem
429 2272 534 2333 habeat,
558 2274 604 2324 illa
628 2292 692 2327 vero

159 2349 215 2384 non
231 2337 336 2389 habeat.
350 2341 404 2401 Qui
416 2342 489 2392 enim
500 2343 561 2394 talis
575 2354 626 2406 est,
639 2363 692 2397 non

158 2415 199 2454 est
223 2409 381 2474 completus.
410 2413 476 2474 Quae
491 2415 564 2464 enirn
579 2416 692 2483 utilitas,

158 2474 202 2525 dic
223 2477 301 2540 mihi,
326 2497 387 2531 cuin
410 2494 468 2535 orat
490 2483 552 2551 quis
577 2485 692 2549 intense,

159 2563 215 2599 non
231 2551 486 2608 misereaturautem
500 2559 623 2610 abunde?
638 2561 695 2610 Aut

159 2635 221 2671 cum
233 2623 375 2677 miseretur
386 2628 448 2693 quis
462 2630 577 2692 abunde,
599 2647 694 2683 avarus

159 2704 248 2745 autern
269 2707 295 2748 et
319 2699 454 2752 violentus
478 2705 617 2756 existens?
640 2706 695 2755 Aut

744 428 804 463 cum
819 429 874 463 non
890 427 984 462 avarus
997 419 1042 461 aut
1064 408 1200 461 violentus
1216 407 1274 461 exi·

744 494 826 544 siens,
838 485 871 534 ad
885 482 1092 534 ostentationem
1105 495 1167 532 vero
1181 479 1217 531 sit
1229 479 1274 530 lio

744 554 851 604 minutii
864 553 911 620 qui
926 552 1035 604 vident?
1050 553 1105 602 Aut
1116 566 1180 600 cum
1190 548 1275 600 mise-

744 636 833 676 reatur
856 624 967 692 quidem
1002 623 1030 673 in
1061 621 1089 672 id
1117 621 1192 701 quod
1219 619 1274 671 Deo

743 695 857 759 videtur,
872 695 989 745 elevetur
1006 701 1095 743 autem
1110 691 1164 741 hoc
1176 704 1239 772 ipso
1250 697 1275 771 et

744 782 841 832 magna
868 765 970 831 sapiat?
996 766 1050 815 Aut
1075 779 1138 814 cum
1162 761 1276 812 humilis

744 837 854 905 quidem
866 836 956 897 fuerit,
971 834 1111 902 etjejuniis
1124 832 1276 892 intendens,

744 924 838 962 avarus
852 919 943 960 autem
957 917 983 958 et
996 905 1155 972 negotiator,
1166 912 1276 954 etterrae

744 985 840 1036 affixus
866 994 891 1035 et
914 994 1027 1034 matrem
1041 979 1168 1031 omnium
1189 977 1277 1028 malo-

745 1073 805 1107 rum
842 1055 973 1106 inducens
1005 1049 1120 1102 animae?
1149 1047 1277 1099 Radicem

745 1127 819 1179 enim
833 1126 955 1178 omnium
975 1125 1119 1182 malorum,
1133 1118 1204 1200 dixit
1215 1119 1279 1200 Rau·

744 1201 796 1260 lus,
829 1196 978 1248 avaritiam.
999 1195 1165 1245 Horreamus
1195 1197 1278 1255 igitur

745 1271 822 1331 hanc,
857 1267 1023 1334 refugiamus
1050 1265 1102 1316 hoc
1130 1269 1278 1341 peccatum.

745 1343 803 1392 Hoc
832 1341 926 1391 orbem
959 1348 1090 1388 terrarum
1122 1330 1277 1383 instabilem

745 1414 816 1474 fecit,
831 1414 883 1464 hoc
901 1411 995 1463 omnia
1011 1405 1148 1469 confudit;
1174 1403 1278 1486 abente

746 1485 872 1535 servitute
891 1498 941 1532 nos
959 1479 1068 1531 abducit
1090 1472 1277 1553 Christi.an

746 1565 785 1606 est
794 1555 869 1606 enim
884 1552 1022 1620 possibile,
1037 1548 1074 1599 ait
1086 1547 1162 1598 :Deo
1176 1552 1277 1627 servire

746 1634 772 1677 et
790 1638 955 1687 mammonae,
969 1619 1133 1672 contrarium
1147 1630 1224 1666 enim
1239 1628 1277 1664 in·

745 1699 835 1765 jungit
843 1699 969 1749 Christus
984 1713 991 1746 :
1005 1714 1018 1742 i>
1034 1694 1092 1743 haec
1109 1689 1278 1771 (iltrysoslo-

746 1785 814 1821 mus.
830 1771 864 1820 Et
878 1777 941 1818 nota
957 1766 1027 1818 circa
1041 1773 1190 1830 praemissa,
1206 1753 1278 1840 quod

747 1842 873 1909 perfectio
894 1838 1058 1908 paupertatis
1079 1851 1134 1885 non
1156 1836 1279 1882 consistit

747 1917 774 1967 iii
788 1916 882 1982 majori
905 1914 1011 1964 defectu
1034 1922 1125 1961 rerum
1140 1914 1278 1983 tempora·

747 1988 824 2048 lium,
855 1987 901 2037 sed
926 1985 953 2035 in
982 1980 1075 2047 majori
1098 1978 1279 2052 abstractione

747 2056 939 2110 sollicitudinis
955 2069 1056 2106 earum.
1072 2051 1184 2110 Quanto
1207 2056 1278 2129 enim

748 2133 845 2182 modus
857 2129 963 2182 vivendi
974 2128 1003 2178 in
1019 2130 1174 2192 paupertate
1186 2129 1278 2168 mino-

747 2219 804 2253 rem
833 2202 914 2252 habet
939 2195 1173 2252 sollicitudinem,
1204 2194 1278 2238 tanto

747 2283 887 2340 paupertas
898 2281 939 2322 est
948 2269 1103 2337 perfectior3
1118 2278 1174 2345 non
1191 2267 1278 2310 autem

747 2355 849 2412 quanto
865 2352 1007 2410 paupertas
1019 2338 1205 2399 fueritmajor.
1219 2328 1278 2379 Non

748 2416 821 2467 enirn
838 2425 980 2482 paupertas
995 2409 1146 2462 secundum
1161 2418 1193 2454 se
1212 2401 1280 2485 bona

748 2497 805 2552 est;
821 2488 868 2538 sed
878 2486 907 2535 in
918 2494 1051 2550 quantum
1061 2481 1158 2530 liberat
1169 2474 1205 2526 ab
1216 2473 1276 2556 illis,

748 2557 848 2626 quibus
862 2556 946 2606 homo
966 2550 1112 2619 impeditur
1132 2554 1279 2614 quominus

748 2629 935 2700 spiritualibus
950 2626 1078 2679 intendat.

645 2922 781 2974 ORATIO

191 3084 308 3136 Domine
323 3087 384 3139 lesu
398 3090 515 3154 Christe,
531 3093 565 3144 da
579 3093 658 3155 mihi,
669 3093 768 3144 misero
782 3101 809 3144 et
819 3091 918 3159 fragili,
929 3092 976 3158 qui
991 3101 1037 3142 tua
1050 3085 1178 3140 mandata
1189 3086 1280 3137 hacte-

139 3213 141 3217 Υ
161 3169 213 3204 nus
225 3158 390 3224 negligenter
402 3172 429 3212 et
440 3164 509 3214 male
528 3165 638 3227 servavi,
660 3167 755 3217 saltem
772 3165 870 3214 amodo
885 3179 915 3214 ea
929 3164 1079 3221 observare,
1100 3167 1134 3210 ut
1151 3173 1216 3242 cuin
1230 3154 1281 3208 ob·

160 3231 341 3282 servatoribus
367 3237 524 3287 eorumdem
549 3253 653 3289 merear
676 3240 709 3290 ad
735 3239 819 3291 vitain
845 3236 961 3303 ingredi.
976 3236 1016 3286 Da
1033 3233 1115 3284 etiam
1131 3231 1213 3292 milii,
1227 3228 1281 3315 cle·

161 3304 330 3357 meritissime
352 3309 475 3372 Domine,
499 3322 530 3363 ut
548 3314 582 3363 ad
609 3313 799 3380 perfectionem
820 3313 965 3372 tendendo,
994 3309 1087 3361 omnia
1110 3304 1281 3388 temporalia»

161 3387 269 3443 propter
280 3389 315 3442 te,
330 3380 425 3431 affectu
437 3392 609 3435 contemnam
623 3395 649 3436 et
660 3385 753 3438 effectu
763 3384 916 3451 relinquam
921 3399 929 3447 3
941 3381 1095 3447 relictisque
1106 3377 1246 3437 omnibus,
1257 3383 1282 3427 10

160 3461 266 3517 sequar,
279 3460 305 3502 te
319 3452 460 3514 imitando,
476 3464 502 3505 et
517 3471 564 3521 per
582 3465 628 3507 tua
641 3457 752 3524 vestigia
765 3456 922 3524 gradiend0,
938 3463 977 3513 ut,
999 3463 1025 3504 te
1040 3460 1150 3512 rectore,
1163 3459 1190 3501 te
1205 3449 1281 3508 duce,

159 3525 192 3576 ad
207 3535 232 3576 te
245 3526 403 3579 thesaurum
422 3545 514 3580 meum
531 3530 735 3583 desiderabilem
751 3542 777 3582 et
790 3529 989 3582 indeficientem
1004 3528 1105 3579 valeam
1125 3527 1206 3578 laetus
1218 3537 1283 3591 per·

160 3596 261 3659 venire,
277 3608 303 3649 et
317 3599 351 3650 de
360 3608 408 3651 tua
420 3601 526 3652 visione
542 3617 648 3670 semper
659 3605 782 3669 gaudere.
794 3604 892 3654 Anien.
