2632 4320
180 250 228 300 DE
243 249 414 303 SESSIONE
428 252 557 303 DOMINI
574 253 687 305 SUPER
704 254 847 310 PULLUM
864 259 911 310 ET
926 260 1067 313 ASINAM.
1136 264 1187 316 203

59 380 132 416 rum.
147 364 228 424 Quod
239 376 329 416 autem
347 373 408 418 taus
419 368 465 428 ait,
480 369 533 418 tale
545 379 594 431 est,

58 453 90 489 ac
107 436 132 505 si
155 436 281 488 diceret:
301 441 386 501 Tuus,
402 440 524 506 inquam,
539 457 594 491 non

58 511 175 571 alienus,
201 504 257 561 no'n
279 523 428 580 extraneus,
457 516 504 565 sed
526 530 596 580 pro-

59 582 136 648 prius
148 582 202 632 tibi
219 584 379 648 promissus,
399 601 432 635 ex
457 596 484 636 te
506 596 594 646 natus,

57 663 86 704 et
98 653 129 703 in
144 663 171 703 te
183 654 315 719 nutritus3
329 654 357 706 'et
374 657 430 718 tibi,
448 656 501 706 hoc
510 658 594 707 estad

57 733 134 776 tumn
147 725 263 776 salutem
279 736 305 776 et
318 727 462 777 utilitatem
471 728 593 791 veniens3

57 799 138 859 venit,
153 798 276 864 inquam,
297 800 354 862 tibi,
371 816 426 850 non
446 801 510 862 sibi,
525 801 596 851 sicut

57 870 161 935 praelati
177 871 257 921 multi
276 872 366 936 potius
381 873 494 923 veniunt
504 873 538 924 ad
551 872 595 923 vi-

57 940 198 992 sitandum
227 953 335 1008 propter
361 944 467 994 lucrum
494 958 592 1008 suum,

57 1026 140 1081 qnam
160 1024 270 1080 propter
283 1015 397 1065 salutem
411 1017 593 1079 subditorum,

57 1086 161 1139 seilicet
173 1097 205 1137 ut
225 1102 288 1137 suas
307 1089 510 1153 procurationes
522 1089 594 1140 aeci-

58 1157 144 1224 piant,
159 1158 247 1224 magis
261 1175 343 1225 quam
357 1171 389 1210 ut
401 1160 521 1212 defectus
532 1176 594 1212 cor-

58 1230 170 1297 rigant3
206 1233 280 1296 quod
316 1247 379 1282 sero
413 1232 593 1313 subjungitl:

57 1307 223 1362 incantatas,
241 1303 359 1352 ostendit
371 1318 449 1353 suam
465 1318 592 1354 mansue·

56 1371 182 1422 tudinem
197 1387 253 1422 non
272 1373 361 1423 solum
376 1375 406 1424 in
425 1375 525 1435 verbis,
547 1376 593 1424 sed

57 1444 139 1494 ετίιω
153 1443 184 1493 in
197 1445 349 1511 subjugalis
362 1447 493 1497 sessione,
516 1445 594 1497 Unde

58 1515 274 1585 chysostomus
299 1534 309 1566 .·
336 1537 350 1565 u
378 1520 473 1570 Sciens
503 1529 593 1570 autem

57 1586 193 1653 Propheta
207 1589 339 1639 malitiam
353 1591 518 1650 ludaeorum,
528 1591 594 1657 quia

56 1659 250 1709 mnuadicturi
271 1672 347 1711 erant
367 1661 477 1712 Christo
495 1677 593 1712 ascen·

57 1728 131 1779 denti
157 1729 188 1779 in
207 1731 351 1796 templum,
371 1733 431 1783 ideo
448 1743 508 1783 ante
522 1747 593 1799 prae·

58 1801 172 1861 monuit,
188 1811 218 1851 ut
235 1818 281 1868 per
296 1803 348 1854 hoc
362 1804 471 1870 signum
489 1819 595 1870 cogno-

58 1882 161 1924 scerent
175 1875 260 1926 Judaei
271 1876 372 1941 Regem
382 1892 473 1937 suum,
482 1877 575 1927 dicens
586 1895 593 1926 ι

58 1943 132 1995 Eece
139 1945 206 1995 Rex
214 1951 277 1996 tuus
289 1947 361 1997 venit
372 1948 421 1999 tibi
430 1954 592 2008 mansuetas,

58 2013 154 2066 sedens
167 2030 249 2082 super
260 2019 365 2068 asinam
375 2025 401 2069 et
407 2019 513 2085 pullum
527 2019 594 2086 ejus.

59 2085 128 2136 Cum
140 2100 207 2152 ergo
220 2087 343 2138 videritis
355 2105 417 2140 eum
438 2089 467 2139 in
482 2090 595 2156 templo,

59 2172 75 2205 o
87 2156 188 2217 ludaei,
204 2157 288 2208 nolite
302 2159 391 2210 dicere
405 2177 412 2210 :
432 2160 496 2211 Non
511 2160 596 2210 habe-
609 2188 612 2193 ·

59 2240 118 2278 mas
139 2242 243 2295 regem,
265 2229 320 2279 nisi
343 2230 496 2293 Coetarem,·
511 2232 595 2280 nolite

59 2299 174 2366 superbe
198 2315 277 2366 agere
304 2312 396 2352 contra
423 2318 486 2352 eum
502 2320 509 2353 ε
525 2302 595 2362 Quia

59 2370 124 2422 R'cx
143 2377 207 2425 tuus
230 2373 300 2422 venit
319 2373 378 2436 tibi,
397 2374 493 2424 sedens
514 2388 595 2441 super

59 2441 173 2492 amm.
207 2443 235 2492 Si
261 2443 444 2506 intellexeris,
473 2444 521 2496 nti
548 2458 595 2494 ne-

59 2513 111 2564 niet
113 2530 125 2577 ,-
137 2513 161 2563 si
174 2529 230 2564 non
244 2514 420 2574 intellexeris,
433 2515 524 2565 veniet
535 2530 597 2564 con·

59 2592 144 2646 irate,
155 2583 185 2634 id
199 2593 240 2634 est
249 2585 272 2634 si
288 2584 453 2635 intellexeris
466 2585 558 2635 veniet
565 2595 595 2635 ut

59 2656 141 2708 saltet
152 2665 190 2716 te,
204 2667 231 2706 et
244 2657 295 2707 sub
308 2657 424 2722 pedibus
436 2656 491 2706 tuis
507 2656 596 2721 sulii-

59 2726 108 2777 ciat
131 2728 251 2790 Gentes3
276 2725 299 2776 si
327 2736 417 2776 autern
440 2741 496 2776 non
513 2727 596 2776 intel—

59 2798 164 2862 lexeris,
182 2799 274 2849 veniet
294 2807 327 2848 ut
345 2799 440 2864 perdat
461 2808 496 2862 te,
517 2799 595 2853 etde

59 2869 160 2934 ternplo
173 2869 323 2919 sanctitatis
335 2869 458 2934 expellat,
472 2879 498 2918 et
514 2869 594 2919 aliam

59 2955 188 3007 sponsam
203 2942 236 2991 de
250 2941 384 2991 Gentibus
398 2941 539 2990 castiorem
556 2941 596 2990 in-

59 3012 138 3062 ducat
151 3013 182 3062 in
195 3012 351 3062 cubiculum
365 3011 522 3061 sanctitatis.
545 3011 595 3062 Vis

59 3096 219 3148 cognoscere
232 3083 466 3132 mansuetudinem
480 3082 595 3133 venien-

58 3153 119 3203 tis?
144 3152 293 3204 Considera
323 3154 440 3219 speciem
466 3153 595 3203 adventus

57 3223 125 3287 eiua
152 3223 213 3273 Non
243 3225 317 3274 sedet
342 3225 370 3273 in
399 3240 479 3273 curru
503 3238 594 3284 aureo,

58 3295 177 3360 pretiosa
190 3295 309 3360 purpura
323 3295 439 3361 fulgens,
450 3307 499 3345 nec
509 3309 597 3348 ascen·

57 3365 99 3416 dit
117 3380 204 3431 super
223 3366 354 3416 fervidum
369 3381 469 3432 equum
490 3366 595 3417 discor-

57 3435 110 3487 dite
134 3446 285 3486 amatorem
308 3447 334 3486 et
351 3436 417 3495 litis,
441 3437 487 3502 qui
502 3437 595 3502 gloria

57 3508 183 3572 jactantia
198 3520 291 3574 pectus
307 3509 388 3559 habet
406 3510 548 3574 repletum,
569 3519 596 3558 et

57 3579 204 3644 gaudetad
228 3594 320 3629 vocem
346 3580 434 3643 tubae3
460 3580 506 3629 sed
522 3581 595 3631 sedet

57 3664 142 3716 super
150 3651 257 3701 asinam
268 3651 472 3716 tranquillitatis
481 3660 508 3700 et
522 3651 595 3716 pacis

57 3722 184 3773 amicam.
207 3723 269 3773 Non
287 3731 375 3772 autem
392 3723 466 3772 vides
488 3724 517 3772 in
540 3724 595 3775 cir-

56 3794 135 3844 cuitu
154 3795 215 3860 ejus
235 3795 404 3859 splendentes
423 3795 535 3860 gladios,
550 3807 596 3845 aut

56 3874 148 3918 cetera
159 3876 321 3916 ornamenta
330 3881 468 3916 armorum
482 3866 595 3917 terribi-

654 372 732 424 lium.
747 375 798 424 Sed
812 375 897 442 quid?
915 376 1015 429 Ramos
1025 377 1189 441 frondentes,

654 443 810 495 testimonia
830 447 937 512 pietatis
953 459 981 498 et
1003 449 1084 514 pacis.
1113 450 1189 502 Venit

654 527 717 581 ergo
730 524 894 581 mansuetas,
909 534 964 568 non
978 530 1008 569 ut
1022 531 1191 588 propterpo-

654 587 766 637 tentiam
787 589 939 653 timeretur;
964 593 1011 642 sed
1032 603 1062 643 ut
1080 604 1189 660 propter

654 660 891 710 mansuetudinem
914 672 1075 714 amaretur:
1098 683 1112 711 n
1131 665 1187 716 haec

656 730 877 798 Chrysostomus.

686 801 834 856 6Mrsr1ea
852 822 909 856 nac
928 823 1076 859 raorrtarrs
1094 826 1189 861 arrer-

653 889 741 924 csrua
752 875 898 927 Ecctasra.
913 906 944 914 --
956 879 1076 944 Mystice,
1098 880 1188 941 dicite,

654 959 670 992 o
688 946 883 1009 praedicatores,
901 947 974 1014 filia
995 949 1071 1012 Sion,
1097 949 1124 998 id
1151 961 1190 1000 est

654 1015 780 1069 Ecclesiae
793 1020 932 1081 militanti,
946 1021 1015 1070 sicut
1030 1021 1102 1070 enim
1117 1022 1190 1071 Jeru-

653 1087 736 1138 salem
749 1090 848 1140 dicitur
860 1090 915 1141 filia
927 1091 1003 1151 Sion,
1014 1092 1078 1157 quia
1091 1092 1124 1141 ab
1136 1092 1189 1141 hoc

654 1170 746 1210 monte
758 1160 828 1211 sicut
842 1173 953 1212 amatre
960 1163 1063 1229 protegi
1072 1163 1188 1219 videtur.

653 1230 692 1280 sic
707 1231 822 1281 Ecclesia
841 1233 962 1283 militans
985 1231 1040 1282 filia
1064 1233 1189 1284 Ecclesia

653 1300 849 1366 triumphantis
876 1304 988 1363 dicitur,
1014 1303 1078 1369 quia
1099 1304 1133 1353 ab
1158 1318 1189 1353 ea

653 1373 747 1424 sicuta
762 1385 846 1424 matre
860 1376 1010 1441 protegitur
1024 1375 1114 1427 :Ecce
1124 1376 1191 1427 Rex

654 1450 715 1494 tuus
726 1445 798 1495 venit
816 1446 871 1510 tibi,
894 1446 922 1496 id
942 1447 1029 1498 estad
1044 1447 1189 1498 utilitatem

652 1525 737 1576 tuam,
752 1531 807 1565 non
823 1532 917 1582 suam3
934 1519 1028 1568 sedens
1044 1532 1124 1585 super
1138 1517 1191 1568 asi-

653 1601 715 1636 nam
729 1593 755 1636 et
762 1586 876 1653 pultum,
893 1588 919 1637 id
936 1599 976 1639 est
993 1589 1022 1637 in
1034 1587 1189 1654 praecordiis

653 1658 795 1723 utriusque
819 1658 923 1723 populi.
954 1659 1037 1718 Quasi
1068 1659 1190 1709 diceret:

655 1728 798 1778 Praedicate
812 1729 916 1778 mundo
927 1730 1072 1780 adventum
1087 1729 1188 1779 Christi

654 1799 682 1848 in
696 1814 814 1862 carnem,
827 1810 859 1850 ut
872 1810 1050 1866 cognoscatur
1060 1811 1086 1850 et
1095 1800 1189 1849 creda—

654 1878 708 1930 tur,
723 1882 755 1919 ut
766 1869 910 1936 recipiatur
922 1881 949 1920 et
963 1871 1073 1920 colatur.

687 1940 840 2008 7Vasr1ua
853 1956 1024 1992 suusrasrro.
1038 1968 1069 1978 -
1086 1939 1190 1991 Euntes

653 2018 743 2063 autern
756 2013 893 2078 discipuli,
909 2023 1039 2078 tanquam
1053 2012 1110 2063 veri
1126 2011 1188 2060 obe·

654 2082 758 2133 dientes
773 2099 829 2133 non
844 2082 1028 2134 refutaverunt
1051 2083 1104 2132 hoc
1122 2080 1185 2131 offi-

654 2157 726 2207 cium
737 2166 768 2207 ut
781 2173 892 2223 parvum
899 2175 907 2224 3
923 2158 969 2207 sed
978 2158 1107 2223 fecerunt
1119 2155 1189 2205 sicut

650 2229 784 2294 pracepit
795 2228 851 2278 illis
862 2228 952 2278 Jesus.
963 2228 1002 2277 Et
1014 2227 1190 2277 adduxerunt

654 2301 759 2352 asinam
778 2308 803 2351 et
814 2301 920 2368 pultum
929 2318 939 2364 ;
964 2306 992 2351 et
1008 2303 1189 2366 imposuerant

655 2385 735 2436 saper
760 2386 808 2422 eos
826 2373 984 2422 vestimenta
1003 2385 1063 2433 sua,
1087 2375 1114 2420 et
1130 2383 1188 2419 eum

655 2443 770 2510 desuper
790 2444 882 2494 sedere
899 2445 1035 2508 secarunt.
1051 2441 1095 2490 Sic
1115 2454 1188 2505 quo-

655 2530 717 2580 que,
732 2523 764 2564 ut
775 2515 841 2564 dicit
856 2515 988 2575 Basilina,
1006 2514 1081 2562 decet
1098 2526 1148 2560 nos
1161 2520 1188 2559 et

654 2585 749 2635 infima
770 2601 851 2650 opera
873 2585 991 2650 plurimo
1011 2598 1073 2634 cum
1090 2582 1185 2632 affectu

654 2665 683 2706 et
708 2655 798 2706 studio
822 2656 946 2720 aggredi,
974 2655 1088 2704 scientes
1113 2653 1187 2718 quod

654 2724 788 2792 quidquid
814 2726 915 2776 intuitu
937 2725 987 2776 Dei
1006 2725 1044 2785 fit,
1068 2739 1123 2773 non
1146 2731 1186 2773 est

650 2809 778 2864 parvum,
794 2799 840 2848 sed
857 2799 972 2864 dignum
998 2811 1082 2862 regno
1105 2794 1188 2846 coelo-

654 2884 725 2918 rum.
736 2868 903 2918 Vestimenta
913 2867 1116 2933 Apostolorum,
1129 2863 1188 2930 qui-

656 2940 706 2989 bus
717 2939 857 3004 turpitudo
872 2940 960 2988 carnis
980 2938 1141 3004 cooperitur,
1160 2945 1186 2986 et

655 3020 748 3060 ornata
761 3011 846 3060 sessio
860 3010 978 3060 Domino
994 3021 1110 3075 paratur,
1123 3010 1187 3072 aposs

655 3080 749 3131 stolica
763 3080 886 3130 instituta
901 3091 928 3130 et
941 3081 1063 3146 exempla
1085 3094 1115 3129 ac
1135 3079 1187 3126 do-

655 3151 770 3202 ctrinam
779 3151 911 3201 virtutum
921 3150 1080 3218 significant,
1087 3147 1188 3214 quibus

655 3223 735 3272 corda
759 3222 904 3272 hominurn
938 3222 1131 3280 instruxerunt,
1156 3225 1186 3266 ut

654 3295 742 3344 Deum
757 3295 934 3345 habitatorem
948 3296 1046 3345 habere
1060 3298 1170 3356 possent
1178 3305 1189 3350 ;.

655 3365 756 3431 quibus
772 3367 885 3432 receptis
900 3381 914 3415 a
928 3364 1028 3414 Judaeis
1041 3371 1068 3411 et
1088 3358 1188 3410 Genti-

655 3441 716 3499 bus,
727 3440 800 3490 sedet
811 3441 838 3488 in
849 3439 888 3489 eis
903 3438 1035 3495 Christus,
1050 3434 1115 3500 quia
1133 3431 1186 3481 nisi

654 3510 745 3560 anima
759 3509 803 3559 his
814 3509 943 3559 instructa
959 3506 1040 3557 fuerit
1049 3515 1075 3554 et
1086 3511 1187 3560 ornata,

654 3580 742 3630 Deum
764 3595 897 3630 sessorem
913 3578 1012 3627 habere
1028 3590 1081 3623 non
1096 3586 1187 3622 mere-

655 3661 707 3701 tur.
732 3651 810 3701 Unde
833 3648 993 3699 Bernartius
1007 3660 1016 3694 .·
1031 3663 1044 3691 a
1067 3642 1186 3693 Domino

655 3736 765 3787 quoque
788 3733 896 3770 sessuro
910 3732 991 3782 super
1005 3716 1127 3773 asellum,
1145 3729 1187 3764 ve-

655 3802 709 3842 stes
720 3807 782 3842 suas
794 3789 919 3854 discipuli
932 3789 1144 3846 substraverunt,
1155 3786 1188 3835 si-·

656 3865 813 3930 gnificantes
825 3866 989 3914 Salvatorem
1012 3876 1059 3912 seu
1071 3861 1186 3912 salutem
