2632 4320
310 272 437 333 QUIBUS
453 268 621 321 DEBETUR
635 268 694 318 VAE
708 267 907 321 AETERNUM.

59 391 153 441 bentes
176 404 267 456 regere
286 389 427 455 populum,
448 386 512 439 caeci
532 401 594 453 per-

58 468 194 511 vertentes
207 458 373 510 intellectum
386 455 594 524 scripturarum,

58 530 228 589 excolantes,
239 538 265 580 et
277 540 422 595 purgantes
435 528 553 589 culicem,
567 527 594 576 id

60 609 102 652 est
115 599 223 651 minora
242 616 305 650 cum
326 599 467 665 diligentia
485 597 594 665 disqui-

59 680 151 721 rentes
166 679 194 720 et
206 680 356 732 tractantes,
369 669 497 721 camelum
505 674 594 718 autem

58 742 216 809 glutientes,
238 742 265 793 id
281 752 320 792 est
334 742 436 806 majora
455 739 595 792 subticen-

58 823 111 881 tes,
129 824 156 864 et
170 829 219 880 pro
239 813 326 864 nihilo
347 811 496 879 reputando
510 810 595 861 omit-

59 894 154 937 tentes.
168 884 254 936 Culex
263 885 365 950 quippe
376 883 475 934 animal
483 897 594 949 parvum

58 967 102 1008 est
122 956 156 1006 ab
177 957 268 1006 aculeo
282 955 395 1014 dictum,
415 954 497 1004 habet
519 953 594 1004 enim

59 1028 89 1078 in
105 1043 152 1079 ore
170 1026 287 1077 fistulam
301 1027 334 1077 ad
353 1027 465 1077 modum
480 1024 595 1085 stimuli,

58 1114 116 1165 quo
140 1097 238 1164 pungit
260 1113 367 1148 carnem
391 1106 417 1147 et
439 1096 512 1162 sugit
529 1111 595 1146 san-

58 1169 173 1237 guinem
183 1185 190 1232 ;
207 1184 254 1234 per
266 1170 339 1236 quod
349 1167 439 1219 minor
452 1178 596 1233 transgres-

58 1240 103 1290 sio
127 1238 297 1304 intelligitur.
319 1240 443 1290 Camelus
465 1252 528 1289 vero
555 1246 596 1287 est

57 1310 162 1362 animal
183 1325 313 1376 magnum
336 1319 362 1360 et
388 1307 523 1370 deforme;
549 1322 595 1373 per

58 1384 134 1451 quod
160 1383 246 1447 major
266 1380 445 1448 praevaricatio
468 1379 595 1446 designa-

57 1464 114 1505 tur.
126 1453 178 1504 Ubi
191 1452 404 1520 Chrysostomus
415 1468 423 1502 .·
435 1449 594 1510 «Quoniam

56 1523 212 1576 Scribarum
228 1533 255 1573 et
267 1521 465 1573 Pharisaeorum
480 1521 514 1571 ad
526 1536 595 1587 quos

57 1593 230 1661 loquebatur,
247 1592 358 1658 quidam
378 1601 454 1642 erant
470 1591 595 1642 sacerdo-

58 1670 110 1723 te‘s,
126 1663 239 1730 quidam
255 1673 345 1714 autem
367 1663 519 1729 populares,
540 1678 595 1712 non

58 1744 103 1788 est
116 1734 295 1801 incongruum
313 1743 343 1784 ut
358 1733 494 1800 duplicem
512 1733 594 1798 hujus

58 1805 112 1856 loci
136 1803 266 1855 faciamus
282 1804 475 1855 traditionem:
494 1812 525 1854 ut
540 1818 594 1854 una

58 1876 194 1945 pertineat
203 1876 236 1928 ad
251 1877 402 1943 populares,
417 1875 464 1942 qui
476 1875 595 1926 decimas

58 1946 135 2008 dant,
149 1946 202 1996 alia
216 1955 306 1996 autern
325 1946 358 1996 ad
373 1946 532 2004 sacerdotes,
547 1943 594 2010 qui

58 2016 178 2068 decimas
192 2015 337 2082 accipiunt.
354 2015 460 2066 Etenim
474 2014 532 2081 ipse
544 2029 595 2065 ser·

58 2100 108 2139 mo
117 2086 220 2139 dubius
233 2095 283 2144 est,
295 2085 341 2152 qui
355 2083 436 2135 dicit:
458 2085 504 2136 Vae
520 2084 595 2135 vobit

57 2157 108 2224 qui
129 2156 277 2220 decimatis,
295 2154 359 2221 quia
381 2164 407 2205 et
429 2155 476 2221 qui
498 2153 596 2220 accipit

58 2228 190 2290 decimas,
205 2237 275 2279 recte
295 2227 428 2278 decimare
446 2226 553 2286 dicitur,
570 2235 596 2276 et

58 2300 109 2369 qui
129 2300 183 2351 dat.
211 2299 311 2350 Scribae
329 2313 393 2364 ergo
417 2307 444 2348 et
467 2295 595 2348 Pharisaei

59 2373 241 2425 minimorum
249 2372 353 2422 olerum
363 2370 480 2422 decimas
489 2371 596 2430 dabant,

60 2454 93 2496 ut
116 2459 164 2507 pet
187 2443 239 2493 hoc
266 2441 386 2493 videntes
408 2456 463 2501 eos,
478 2439 597 2492 dicerent

59 2513 207 2575 homines:
221 2513 302 2564 Putas
320 2512 458 2578 quomodo
473 2509 596 2561 omnium

59 2598 153 2636 rerum
167 2598 278 2635 suarum
293 2582 411 2634 decimas
427 2581 522 2631 offerre
541 2596 596 2630 non

59 2655 280 2723 praetermittunt,
295 2664 326 2704 ut
338 2653 419 2704 etiam
431 2651 596 2718 contempti-

60 2727 160 2779 bilium
179 2727 285 2777 olemm
309 2726 426 2776 decimas
449 2724 512 2774 dare
541 2739 596 2773 non

60 2798 213 2865 negligant3
239 2807 317 2862 putas
344 2795 481 2862 quomodo
505 2794 597 2846 omnia

61 2881 193 2938 praecepta
209 2869 258 2920 Dei
281 2869 335 2918 vita
356 2883 450 2918 eorum
465 2883 596 2918 consum·

62 2952 128 3008 mat,
142 2953 175 2994 ut
189 2957 237 2993 nec
256 2941 284 2992 in
313 2940 426 2992 modicis
445 2940 488 2990 his
508 2937 598 3007 negli-

62 3032 124 3084 gere
145 3013 337 3082 acquiescant!
363 3014 441 3074 Quod
462 3029 516 3062 non
542 3021 598 3062 erat

62 3103 168 3139 verum.
188 3086 258 3136 Nam
276 3084 412 3135 minorum
430 3083 541 3150 quidem
555 3098 598 3133 re-

62 3173 123 3210 tum
133 3157 254 3209 decimas
265 3155 421 3215 offerebant,
434 3155 598 3205 ostentandae

63 3229 206 3298 religionis
229 3227 328 3294 gratia3
344 3227 372 3277 in
387 3225 494 3291 judiciis
508 3236 597 3276 autem

62 3311 138 3354 erant
152 3300 259 3367 injusti,
274 3300 303 3350 in
326 3298 454 3349 fratribus
469 3298 528 3349 sine
543 3297 599 3347 mi-

17 3378 22 3391 '
63 3373 219 3436 sericordia,
236 3371 265 3421 in
280 3372 365 3421 Deum
384 3384 490 3435 semper
507 3369 597 3420 incre-

63 3447 139 3498 dulis
157 3445 315 3497 excolantes
335 3443 454 3504 culicem,
469 3442 597 3492 camelum

8 3560 14 3571 .
63 3525 152 3571 autem
166 3517 322 3585 glutientes,
335 3512 492 3580 quoniame
507 3513 598 3563 modi-

8 3626 12 3637 .
64 3588 103 3641 cis
119 3587 236 3656 quidem
254 3584 360 3637 delictis
374 3599 403 3634 se
420 3582 597 3644 abstinebant,

65 3672 163 3727 magna
181 3667 272 3708 autem
298 3653 420 3707 alacriter
443 3653 599 3704 committe-

63 3729 137 3783 bant.
153 3728 233 3780 Nunc
242 3725 382 3778 veniamus
395 3725 428 3775 ad
439 3725 598 3775 sacerdotes.

65 3800 98 3852 Hi
109 3808 190 3853 etant
202 3796 312 3850 avaritia
326 3795 407 3863 pleni.
421 3795 450 3845 Si
462 3810 526 3861 ergo
538 3795 600 3862 quis

64 3870 97 3924 de
111 3869 217 3939 populo
229 3868 362 3920 decimam
376 3867 488 3933 alicujus
504 3867 542 3918 rei
558 3868 599 3918 vel

127 3996 201 4047 Vtra
216 3994 280 4045 Jrsu
294 3992 414 4053 Cnnrsrt,
425 4005 513 4042 nortus
532 3991 576 4042 lll.

1128 271 1181 342 289

649 383 771 434 minimae
797 399 851 434 non
878 385 1028 447 obtulisset,
1059 386 1096 438 ita
1117 402 1181 440 eum

649 453 830 521 corripiebant
843 456 920 522 quasi
934 472 1062 523 magnum
1077 458 1180 512 crimen

647 524 762 576 fecisset.
786 524 813 575 Si
834 525 897 591 quis
913 536 1002 577 autem
1024 527 1052 578 in
1068 530 1179 595 populo,

646 606 692 647 aut
714 597 743 647 in
757 597 844 648 Deum
859 599 992 665 peccabat,
1005 610 1051 652 aut
1067 603 1180 654 alterum

646 670 767 731 laedebat,
788 680 834 721 aut
857 671 960 737 aliquid
984 674 1036 724 tale
1058 672 1179 735 faciebat,

647 757 727 792 nemo
741 744 850 793 curabat
863 743 997 810 corripere
1010 759 1083 807 eum,
1100 747 1178 813 quasi

647 813 750 863 nullam
782 814 887 880 culpam
919 813 1033 865 fecisset.
1062 815 1101 866 De
1130 831 1180 867 suo

646 885 757 951 quidem
777 885 852 936 lucro
866 885 981 937 sollicite
997 886 1128 952 agebant;
1147 889 1181 939 de

647 955 732 1020 gloria
742 971 805 1007 vero
816 956 874 1016 Dei,
887 965 913 1006 et
926 956 1011 1006 salute
1025 956 1181 1020 hominum,

649 1027 831 1093 negligebant.
856 1027 901 1078 Sic
920 1037 946 1078 et
959 1028 1041 1078 modo
1058 1027 1098 1088 fit,
1116 1029 1182 1095 quia

647 1113 743 1149 omnes
754 1099 787 1149 de
802 1114 851 1150 suo
864 1098 966 1149 honore
980 1098 1089 1150 solliciti
1103 1109 1181 1165 suut;

648 1169 681 1220 de
702 1168 804 1220 honore
826 1179 916 1220 autem
935 1169 993 1234 Dei,
1018 1171 1116 1222 nullus.
1145 1170 1183 1223 Et

649 1241 786 1307 portiones
819 1241 920 1309 quippe
953 1256 1015 1294 suas
1039 1243 1182 1309 vigilanter

648 1311 783 1376 aspiciunt
806 1321 832 1362 et
853 1311 1019 1375 defendunt;
1042 1312 1089 1363 sed
1113 1313 1183 1366 circa

647 1383 808 1450 obsequium
836 1382 980 1446 Ecclesiae,
1007 1399 1098 1436 curam
1126 1385 1183 1436 im·

647 1458 762 1522 pendere
781 1472 834 1507 non
850 1457 1000 1507 attendunt.
1022 1457 1050 1507 Si
1065 1457 1182 1525 populus

646 1526 764 1577 decimas
779 1542 834 1576 non
855 1527 991 1591 obtulerit,
1009 1538 1183 1579 murmurant

646 1614 759 1657 omnes3
783 1608 809 1649 et
833 1599 855 1649 si
874 1609 1025 1665 peccantem
1047 1600 1180 1666 populum

645 1668 778 1728 viderint,
806 1684 886 1720 nemo
914 1680 1065 1720 murmurat
1087 1681 1181 1722 contra

645 1756 701 1792 eos.
716 1743 770 1808 Ipsi
791 1752 854 1794 sunt
865 1742 913 1809 qui
931 1742 1027 1793 docent
1047 1744 1180 1809 populum

646 1827 695 1862 suo
723 1813 844 1878 exemplo
874 1812 978 1878 liquare
1004 1813 1128 1874 culicem,
1154 1820 1181 1865 et

647 1884 780 1934 camelum
801 1883 909 1950 glutire,
933 1883 961 1933 id
983 1893 1025 1934 est
1042 1899 1058 1935 a
1074 1883 1181 1935 modico

647 1962 753 2019 peccato
773 1969 802 2005 se
815 1953 960 2014 continere,
974 1954 1075 2019 majora
1089 1963 1180 2005 autem

647 2023 836 2074 committere:
853 2042 866 2070 n
885 2023 941 2073 haec
959 2023 1180 2090 Chrysostomus.

650 2093 674 2145 O
701 2103 834 2159 quantum
860 2092 948 2143 adhuc
973 2093 1055 2143 hodie
1079 2092 1181 2164 caecitas

647 2166 800 2217 Scribarum
819 2176 845 2217 et
865 2166 1063 2217 Pharisaeorum
1077 2177 1181 2233 regnat,

648 2239 716 2305 proh
740 2237 835 2290 dolor!
852 2239 881 2288 in
905 2237 1019 2304 praelatis
1035 2248 1090 2289 tam
1116 2239 1179 2289 reli-

648 2309 741 2376 giosis,
758 2326 840 2376 quam
853 2309 1019 2360 secularibus
1035 2327 1042 2359 :
1059 2309 1106 2377 qui
1122 2311 1179 2361 sol-

647 2380 721 2430 licite
730 2391 822 2432 curant
832 2381 865 2431 de
872 2380 1008 2431 solutione
1015 2380 1180 2431 decimarum

647 2461 674 2502 et
696 2466 825 2503 censuum
846 2466 907 2517 quae
927 2449 966 2500 eis
993 2450 1133 2509 debentur,
1154 2459 1181 2501 et

647 2537 743 2588 parum
759 2530 852 2571 curant
869 2521 892 2571 si
911 2519 1013 2570 subditi
1027 2519 1055 2569 in
1069 2519 1180 2584 majori-

648 2594 700 2643 bus
726 2592 896 2642 involvantur
925 2590 1102 2652 criminibus;
1129 2589 1177 2655 qui

648 2666 752 2716 minora
761 2664 895 2715 subtiliter
909 2663 1068 2724 discutiunt,
1079 2673 1105 2714 et
1122 2678 1181 2714 ma·

648 2738 705 2803 jora
715 2735 863 2798 subticent;
881 2735 929 2802 qui
944 2749 1069 2800 magnam
1082 2734 1110 2784 in
1125 2734 1181 2784 mi-

649 2806 742 2866 nimis,
770 2807 816 2857 sed
841 2822 950 2872 parvam
967 2806 1009 2856 vel
1030 2805 1131 2855 nullam
1153 2805 1182 2854 in

650 2877 776 2929 maximis
786 2876 1088 2943 diligentiamadhibent
1101 2891 1106 2925 :
1119 2888 1183 2942 puta

651 2949 673 3000 si
692 2948 850 3015 quempiam
879 2948 912 2998 de
939 2947 1043 2998 clericis
1061 2947 1118 2998 suis
1141 2946 1183 2996 vel

651 3019 793 3070 monachis
820 3018 1026 3084 deprehendunt
1054 3017 1082 3067 in
1109 3032 1184 3067 cere-

652 3090 753 3141 moniis
765 3088 944 3140 exterioribus
956 3088 1098 3151 offendete,
1113 3102 1185 3154 aspe

651 3176 679 3210 te
700 3160 883 3226 redarguunt;
903 3170 929 3210 et
949 3160 972 3210 si
989 3158 1121 3224 superbus
1134 3166 1183 3216 est,

650 3240 696 3282 aut
719 3229 838 3290 invidus,
852 3232 895 3281 vel
918 3231 1060 3288 detractor,
1077 3229 1119 3278 vel
1138 3241 1183 3277 se-

651 3301 768 3351 minator
780 3299 932 3360 discordia,
951 3311 977 3351 et
993 3300 1119 3350 turbator
1133 3311 1183 3363 pa-

651 3373 699 3432 cis,
723 3372 773 3422 sub
789 3371 897 3421 silentio
919 3378 1099 3437 praetereunt,
1122 3368 1183 3433 plus

652 3442 764 3510 punitur
776 3441 876 3507 aliquis
885 3456 933 3506 pro
941 3439 1089 3491 omissione
1101 3436 1183 3487 unius

651 3510 853 3565 constitutionis
868 3512 911 3562 vel
933 3507 1135 3568 admonitionis,
1155 3522 1185 3557 ac

651 3584 684 3635 de
710 3581 924 3648 transgressione
955 3578 1130 3630 decretalium
1158 3586 1184 3627 et

651 3654 874 3706 constitutionum
919 3650 1060 3710 hominis,
1103 3663 1185 3715 quam

652 3725 861 3791 Evangeliotutn
873 3732 898 3773 et
909 3723 1098 3772 mandatorum
1108 3719 1186 3771 Chri-

653 3801 697 3852 sti.
727 3801 826 3850 Cutam
859 3796 1011 3847 animarum
1036 3794 1185 3861 negligunt,

653 3884 679 3924 et
708 3869 813 3936 negotia
843 3868 975 3919 exteriora
1001 3875 1103 3933 agunt;
1130 3881 1186 3916 non

1065 3996 1104 4046 tq
