<?xml version="1.0" encoding="UTF-8"?>
<!DOCTYPE html PUBLIC "-//W3C//DTD XHTML 1.0 Transitional//EN"
    "http://www.w3.org/TR/xhtml1/DTD/xhtml1-transitional.dtd">
<html xmlns="http://www.w3.org/1999/xhtml" xml:lang="en" lang="en">
 <head>
  <title>
</title>
<meta http-equiv="Content-Type" content="text/html;charset=utf-8" />
  <meta name='ocr-system' content='tesseract 3.04.00' />
  <meta name='ocr-capabilities' content='ocr_page ocr_carea ocr_par ocr_line ocrx_word'/>
</head>
<body>
  <div class='ocr_page' id='page_1' title='image "./vitajesuchristi01rigogoog_0343.png"; bbox 0 0 2632 4320; ppageno 0'>
   <div class='ocr_carea' id='block_1_1' title="bbox 156 242 207 295">
    <p class='ocr_par' dir='ltr' id='par_1_1' title="bbox 156 242 207 295">
     <span class='ocr_line' id='line_1_1' title="bbox 156 242 207 295; baseline -0.039 0"><span class='ocrx_word' id='word_1_1' title='bbox 156 242 207 295; x_wconf 77' lang='lat'>336</span> 
     </span>
    </p>
   </div>
   <div class='ocr_carea' id='block_1_2' title="bbox 98 360 692 3918">
    <p class='ocr_par' dir='ltr' id='par_1_2' title="bbox 98 360 690 3471">
     <span class='ocr_line' id='line_1_2' title="bbox 154 360 684 425; baseline -0.009 -14"><span class='ocrx_word' id='word_1_2' title='bbox 154 376 186 412; x_wconf 87' lang='lat' dir='ltr'>eo</span> <span class='ocrx_word' id='word_1_3' title='bbox 211 360 328 411; x_wconf 84' lang='lat' dir='ltr'>maximo</span> <span class='ocrx_word' id='word_1_4' title='bbox 353 368 481 425; x_wconf 88' lang='lat' dir='ltr'>tempore,</span> <span class='ocrx_word' id='word_1_5' title='bbox 502 374 556 423; x_wconf 92' lang='lat' dir='ltr'>quo</span> <span class='ocrx_word' id='word_1_6' title='bbox 576 364 684 408; x_wconf 63' lang='lat' dir='ltr'>cunnos</span> 
     </span>
     <span class='ocr_line' id='line_1_3' title="bbox 154 429 685 496; baseline -0.008 -15"><span class='ocrx_word' id='word_1_7' title='bbox 154 430 317 496; x_wconf 84' lang='lat' dir='ltr'>judiciorum</span> <span class='ocrx_word' id='word_1_8' title='bbox 342 431 399 495; x_wconf 80' lang='lat' dir='ltr'>ejus</span> <span class='ocrx_word' id='word_1_9' title='bbox 420 429 528 491; x_wconf 89' lang='lat' dir='ltr'>oblitos,</span> <span class='ocrx_word' id='word_1_10' title='bbox 552 429 616 479; x_wconf 86' lang='lat' dir='ltr'>huic</span> <span class='ocrx_word' id='word_1_11' title='bbox 641 442 685 477; x_wconf 91' lang='lat' dir='ltr'>se-</span> 
     </span>
     <span class='ocr_line' id='line_1_4' title="bbox 155 499 684 566; baseline -0.013 -12"><span class='ocrx_word' id='word_1_12' title='bbox 155 504 217 554; x_wconf 90' lang='lat' dir='ltr'>culo</span> <span class='ocrx_word' id='word_1_13' title='bbox 243 500 411 566; x_wconf 85' lang='lat' dir='ltr'>conspexerit</span> <span class='ocrx_word' id='word_1_14' title='bbox 433 515 491 551; x_wconf 91' lang='lat' dir='ltr'>esse</span> <span class='ocrx_word' id='word_1_15' title='bbox 507 499 684 564; x_wconf 88' lang='lat' dir='ltr'>mancipatos,</span> 
     </span>
     <span class='ocr_line' id='line_1_5' title="bbox 155 568 684 641; baseline -0.013 -17"><span class='ocrx_word' id='word_1_16' title='bbox 155 574 219 641; x_wconf 91' lang='lat' dir='ltr'>quia</span> <span class='ocrx_word' id='word_1_17' title='bbox 243 572 303 623; x_wconf 90' lang='lat' dir='ltr'>licet</span> <span class='ocrx_word' id='word_1_18' title='bbox 332 571 427 621; x_wconf 91' lang='lat' dir='ltr'>mundi</span> <span class='ocrx_word' id='word_1_19' title='bbox 451 570 583 621; x_wconf 89' lang='lat' dir='ltr'>terminus</span> <span class='ocrx_word' id='word_1_20' title='bbox 618 568 684 618; x_wconf 90' lang='lat' dir='ltr'>olim</span> 
     </span>
     <span class='ocr_line' id='line_1_6' title="bbox 155 643 684 714; baseline -0.015 -16"><span class='ocrx_word' id='word_1_21' title='bbox 155 646 289 714; x_wconf 86' lang='lat' dir='ltr'>praefinito</span> <span class='ocrx_word' id='word_1_22' title='bbox 305 644 340 695; x_wconf 89' lang='lat' dir='ltr'>sit</span> <span class='ocrx_word' id='word_1_23' title='bbox 359 655 487 695; x_wconf 89' lang='lat' dir='ltr'>venturus</span> <span class='ocrx_word' id='word_1_24' title='bbox 502 643 530 693; x_wconf 93' lang='lat' dir='ltr'>in</span> <span class='ocrx_word' id='word_1_25' title='bbox 548 653 684 708; x_wconf 88' lang='lat' dir='ltr'>tempore;</span> 
     </span>
     <span class='ocr_line' id='line_1_7' title="bbox 156 713 686 784; baseline -0.013 -14"><span class='ocrx_word' id='word_1_26' title='bbox 156 719 311 784; x_wconf 83' lang='lat' dir='ltr'>frigescente</span> <span class='ocrx_word' id='word_1_27' title='bbox 324 728 412 767; x_wconf 88' lang='lat' dir='ltr'>tamen</span> <span class='ocrx_word' id='word_1_28' title='bbox 432 716 500 766; x_wconf 89' lang='lat' dir='ltr'>circa</span> <span class='ocrx_word' id='word_1_29' title='bbox 520 714 602 764; x_wconf 90' lang='lat' dir='ltr'>finem</span> <span class='ocrx_word' id='word_1_30' title='bbox 616 713 686 764; x_wconf 89' lang='lat' dir='ltr'>cari·</span> 
     </span>
     <span class='ocr_line' id='line_1_8' title="bbox 157 785 688 848; baseline -0.015 -6"><span class='ocrx_word' id='word_1_31' title='bbox 157 801 210 842; x_wconf 90' lang='lat' dir='ltr'>tate</span> <span class='ocrx_word' id='word_1_32' title='bbox 226 791 383 848; x_wconf 90' lang='lat' dir='ltr'>multorum,</span> <span class='ocrx_word' id='word_1_33' title='bbox 396 798 467 838; x_wconf 88' lang='lat' dir='ltr'>tanta</span> <span class='ocrx_word' id='word_1_34' title='bbox 479 787 625 837; x_wconf 85' lang='lat' dir='ltr'>crebrescet</span> <span class='ocrx_word' id='word_1_35' title='bbox 639 785 688 834; x_wconf 91' lang='lat' dir='ltr'>hu·</span> 
     </span>
     <span class='ocr_line' id='line_1_9' title="bbox 156 855 688 926; baseline -0.015 -14"><span class='ocrx_word' id='word_1_36' title='bbox 156 860 230 912; x_wconf 88' lang='lat' dir='ltr'>mani</span> <span class='ocrx_word' id='word_1_37' title='bbox 253 859 359 926; x_wconf 92' lang='lat' dir='ltr'>generis</span> <span class='ocrx_word' id='word_1_38' title='bbox 377 858 516 924; x_wconf 89' lang='lat' dir='ltr'>iniquitas,</span> <span class='ocrx_word' id='word_1_39' title='bbox 541 867 570 906; x_wconf 92' lang='lat' dir='ltr'>ut</span> <span class='ocrx_word' id='word_1_40' title='bbox 590 855 688 905; x_wconf 89' lang='lat' dir='ltr'>merito</span> 
     </span>
     <span class='ocr_line' id='line_1_10' title="bbox 156 927 687 995; baseline -0.013 -13"><span class='ocrx_word' id='word_1_41' title='bbox 156 932 250 982; x_wconf 89' lang='lat' dir='ltr'>debeat</span> <span class='ocrx_word' id='word_1_42' title='bbox 269 946 330 980; x_wconf 89' lang='lat' dir='ltr'>cum</span> <span class='ocrx_word' id='word_1_43' title='bbox 351 929 419 995; x_wconf 93' lang='lat' dir='ltr'>ipso,</span> <span class='ocrx_word' id='word_1_44' title='bbox 441 944 522 994; x_wconf 92' lang='lat' dir='ltr'>quem</span> <span class='ocrx_word' id='word_1_45' title='bbox 545 927 687 987; x_wconf 83' lang='lat' dir='ltr'>inhabitat,</span> 
     </span>
     <span class='ocr_line' id='line_1_11' title="bbox 156 998 688 1065; baseline -0.017 -9"><span class='ocrx_word' id='word_1_46' title='bbox 156 1005 221 1056; x_wconf 90' lang='lat' dir='ltr'>orbe</span> <span class='ocrx_word' id='word_1_47' title='bbox 237 1002 329 1054; x_wconf 91' lang='lat' dir='ltr'>deleri.</span> <span class='ocrx_word' id='word_1_48' title='bbox 349 1003 417 1052; x_wconf 89' lang='lat' dir='ltr'>Nam</span> <span class='ocrx_word' id='word_1_49' title='bbox 440 1011 466 1051; x_wconf 93' lang='lat' dir='ltr'>et</span> <span class='ocrx_word' id='word_1_50' title='bbox 487 1015 556 1050; x_wconf 91' lang='lat' dir='ltr'>nunc</span> <span class='ocrx_word' id='word_1_51' title='bbox 578 998 688 1065; x_wconf 92' lang='lat' dir='ltr'>quidem</span> 
     </span>
     <span class='ocr_line' id='line_1_12' title="bbox 157 1071 689 1130; baseline -0.015 -1"><span class='ocrx_word' id='word_1_52' title='bbox 157 1078 316 1130; x_wconf 88' lang='lat' dir='ltr'>innumeros</span> <span class='ocrx_word' id='word_1_53' title='bbox 336 1075 401 1125; x_wconf 89' lang='lat' dir='ltr'>adeo</span> <span class='ocrx_word' id='word_1_54' title='bbox 424 1071 646 1124; x_wconf 81' lang='lat' dir='ltr'>commessationi</span> <span class='ocrx_word' id='word_1_55' title='bbox 662 1081 689 1121; x_wconf 93' lang='lat' dir='ltr'>et</span> 
     </span>
     <span class='ocr_line' id='line_1_13' title="bbox 156 1141 686 1211; baseline -0.017 -11"><span class='ocrx_word' id='word_1_56' title='bbox 156 1147 288 1210; x_wconf 88' lang='lat' dir='ltr'>ebrietati,</span> <span class='ocrx_word' id='word_1_57' title='bbox 315 1144 445 1211; x_wconf 89' lang='lat' dir='ltr'>emptioni</span> <span class='ocrx_word' id='word_1_58' title='bbox 471 1153 497 1194; x_wconf 89' lang='lat' dir='ltr'>et</span> <span class='ocrx_word' id='word_1_59' title='bbox 521 1141 686 1203; x_wconf 86' lang='lat' dir='ltr'>venditioni,</span> 
     </span>
     <span class='ocr_line' id='line_1_14' title="bbox 156 1215 688 1285; baseline -0.015 -13"><span class='ocrx_word' id='word_1_60' title='bbox 156 1220 305 1285; x_wconf 87' lang='lat' dir='ltr'>ceterisque</span> <span class='ocrx_word' id='word_1_61' title='bbox 333 1216 427 1267; x_wconf 90' lang='lat' dir='ltr'>mundi</span> <span class='ocrx_word' id='word_1_62' title='bbox 451 1217 531 1267; x_wconf 87' lang='lat' dir='ltr'>rebus</span> <span class='ocrx_word' id='word_1_63' title='bbox 558 1215 688 1265; x_wconf 82' lang='lat' dir='ltr'>inhaerere</span> 
     </span>
     <span class='ocr_line' id='line_1_15' title="bbox 157 1284 687 1353; baseline -0.017 -10"><span class='ocrx_word' id='word_1_64' title='bbox 157 1293 289 1349; x_wconf 89' lang='lat' dir='ltr'>videmus,</span> <span class='ocrx_word' id='word_1_65' title='bbox 310 1299 340 1339; x_wconf 91' lang='lat' dir='ltr'>ut</span> <span class='ocrx_word' id='word_1_66' title='bbox 356 1288 444 1353; x_wconf 91' lang='lat' dir='ltr'>palam</span> <span class='ocrx_word' id='word_1_67' title='bbox 458 1286 571 1337; x_wconf 89' lang='lat' dir='ltr'>districti</span> <span class='ocrx_word' id='word_1_68' title='bbox 585 1284 687 1336; x_wconf 78' lang='lat' dir='ltr'>iudicis</span> 
     </span>
     <span class='ocr_line' id='line_1_16' title="bbox 156 1355 687 1424; baseline -0.013 -11"><span class='ocrx_word' id='word_1_69' title='bbox 156 1363 225 1414; x_wconf 88' lang='lat' dir='ltr'>iram</span> <span class='ocrx_word' id='word_1_70' title='bbox 239 1375 284 1411; x_wconf 90' lang='lat' dir='ltr'>eos</span> <span class='ocrx_word' id='word_1_71' title='bbox 303 1373 445 1424; x_wconf 88' lang='lat' dir='ltr'>provocare</span> <span class='ocrx_word' id='word_1_72' title='bbox 466 1373 519 1407; x_wconf 90' lang='lat' dir='ltr'>non</span> <span class='ocrx_word' id='word_1_73' title='bbox 534 1358 620 1407; x_wconf 88' lang='lat' dir='ltr'>lateat.</span> <span class='ocrx_word' id='word_1_74' title='bbox 636 1355 687 1406; x_wconf 85' lang='lat' dir='ltr'>Sed</span> 
     </span>
     <span class='ocr_line' id='line_1_17' title="bbox 157 1430 687 1500; baseline -0.015 -14"><span class='ocrx_word' id='word_1_75' title='bbox 157 1444 247 1486; x_wconf 82' lang='lat' dir='ltr'>tamen</span> <span class='ocrx_word' id='word_1_76' title='bbox 260 1433 333 1500; x_wconf 92' lang='lat' dir='ltr'>quod</span> <span class='ocrx_word' id='word_1_77' title='bbox 352 1431 411 1481; x_wconf 89' lang='lat' dir='ltr'>sine</span> <span class='ocrx_word' id='word_1_78' title='bbox 426 1430 497 1497; x_wconf 91' lang='lat' dir='ltr'>gravi</span> <span class='ocrx_word' id='word_1_79' title='bbox 515 1445 629 1481; x_wconf 88' lang='lat' dir='ltr'>moerore</span> <span class='ocrx_word' id='word_1_80' title='bbox 642 1443 687 1479; x_wconf 91' lang='lat' dir='ltr'>sa-</span> 
     </span>
     <span class='ocr_line' id='line_1_18' title="bbox 156 1501 687 1572; baseline -0.013 -16"><span class='ocrx_word' id='word_1_81' title='bbox 156 1507 234 1572; x_wconf 88' lang='lat' dir='ltr'>piens</span> <span class='ocrx_word' id='word_1_82' title='bbox 252 1504 367 1572; x_wconf 89' lang='lat' dir='ltr'>quisque</span> <span class='ocrx_word' id='word_1_83' title='bbox 387 1504 480 1552; x_wconf 89' lang='lat' dir='ltr'>saltem</span> <span class='ocrx_word' id='word_1_84' title='bbox 502 1501 617 1567; x_wconf 90' lang='lat' dir='ltr'>cogitare</span> <span class='ocrx_word' id='word_1_85' title='bbox 632 1514 687 1550; x_wconf 91' lang='lat' dir='ltr'>non</span> 
     </span>
     <span class='ocr_line' id='line_1_19' title="bbox 156 1574 688 1641; baseline -0.013 -13"><span class='ocrx_word' id='word_1_86' title='bbox 156 1577 337 1641; x_wconf 60' lang='lat' dir='ltr'>valea-pejora</span> <span class='ocrx_word' id='word_1_87' title='bbox 351 1575 404 1639; x_wconf 87' lang='lat' dir='ltr'>jam</span> <span class='ocrx_word' id='word_1_88' title='bbox 419 1574 525 1640; x_wconf 80' lang='lat' dir='ltr'>jamque</span> <span class='ocrx_word' id='word_1_89' title='bbox 542 1586 688 1638; x_wconf 88' lang='lat' dir='ltr'>superven-</span> 
     </span>
     <span class='ocr_line' id='line_1_20' title="bbox 155 1645 688 1713; baseline -0.013 -12"><span class='ocrx_word' id='word_1_90' title='bbox 155 1660 215 1701; x_wconf 90' lang='lat' dir='ltr'>tura</span> <span class='ocrx_word' id='word_1_91' title='bbox 241 1648 428 1710; x_wconf 86' lang='lat' dir='ltr'>formidamus,</span> <span class='ocrx_word' id='word_1_92' title='bbox 453 1647 525 1713; x_wconf 93' lang='lat' dir='ltr'>quod</span> <span class='ocrx_word' id='word_1_93' title='bbox 552 1645 624 1696; x_wconf 90' lang='lat' dir='ltr'>enim</span> <span class='ocrx_word' id='word_1_94' title='bbox 655 1645 688 1694; x_wconf 86' lang='lat' dir='ltr'>de</span> 
     </span>
     <span class='ocr_line' id='line_1_21' title="bbox 156 1716 688 1786; baseline -0.009 -15"><span class='ocrx_word' id='word_1_95' title='bbox 156 1734 210 1772; x_wconf 87' lang='lat' dir='ltr'>una</span> <span class='ocrx_word' id='word_1_96' title='bbox 224 1719 360 1786; x_wconf 89' lang='lat' dir='ltr'>quondam</span> <span class='ocrx_word' id='word_1_97' title='bbox 376 1717 520 1784; x_wconf 87' lang='lat' dir='ltr'>peccatrice</span> <span class='ocrx_word' id='word_1_98' title='bbox 539 1725 618 1783; x_wconf 89' lang='lat' dir='ltr'>gente</span> <span class='ocrx_word' id='word_1_99' title='bbox 638 1716 688 1766; x_wconf 89' lang='lat' dir='ltr'>de-</span> 
     </span>
     <span class='ocr_line' id='line_1_22' title="bbox 155 1787 688 1843; baseline -0.008 -1"><span class='ocrx_word' id='word_1_100' title='bbox 155 1791 234 1843; x_wconf 89' lang='lat' dir='ltr'>lenda</span> <span class='ocrx_word' id='word_1_101' title='bbox 258 1790 445 1840; x_wconf 89' lang='lat' dir='ltr'>dictumest:</span> <span class='ocrx_word' id='word_1_102' title='bbox 469 1787 591 1839; x_wconf 84' lang='lat' dir='ltr'>Necdum</span> <span class='ocrx_word' id='word_1_103' title='bbox 614 1801 688 1839; x_wconf 88' lang='lat' dir='ltr'>com-</span> 
     </span>
     <span class='ocr_line' id='line_1_23' title="bbox 152 1860 688 1930; baseline -0.004 -18"><span class='ocrx_word' id='word_1_104' title='bbox 152 1863 235 1930; x_wconf 79' lang='lat' dir='ltr'>pletae</span> <span class='ocrx_word' id='word_1_105' title='bbox 260 1868 321 1912; x_wconf 87' lang='lat' dir='ltr'>sunt</span> <span class='ocrx_word' id='word_1_106' title='bbox 343 1861 496 1927; x_wconf 78' lang='lat' dir='ltr'>iniquitates</span> <span class='ocrx_word' id='word_1_107' title='bbox 512 1860 688 1911; x_wconf 64' lang='lat' dir='ltr'>Amorrhaeo-</span> 
     </span>
     <span class='ocr_line' id='line_1_24' title="bbox 156 1931 688 1997; baseline -0.009 -12"><span class='ocrx_word' id='word_1_108' title='bbox 156 1950 225 1996; x_wconf 87' lang='lat' dir='ltr'>rum,</span> <span class='ocrx_word' id='word_1_109' title='bbox 236 1934 269 1984; x_wconf 92' lang='lat' dir='ltr'>de</span> <span class='ocrx_word' id='word_1_110' title='bbox 279 1942 333 1983; x_wconf 90' lang='lat' dir='ltr'>tota</span> <span class='ocrx_word' id='word_1_111' title='bbox 348 1933 439 1997; x_wconf 90' lang='lat' dir='ltr'>procul</span> <span class='ocrx_word' id='word_1_112' title='bbox 449 1931 532 1981; x_wconf 88' lang='lat' dir='ltr'>dubio</span> <span class='ocrx_word' id='word_1_113' title='bbox 545 1945 688 1997; x_wconf 84' lang='lat' dir='ltr'>pravorum</span> 
     </span>
     <span class='ocr_line' id='line_1_25' title="bbox 157 2003 688 2057; baseline -0.011 0"><span class='ocrx_word' id='word_1_114' title='bbox 157 2021 245 2057; x_wconf 88' lang='lat' dir='ltr'>massa</span> <span class='ocrx_word' id='word_1_115' title='bbox 264 2003 415 2054; x_wconf 88' lang='lat' dir='ltr'>damnanda</span> <span class='ocrx_word' id='word_1_116' title='bbox 435 2013 538 2054; x_wconf 90' lang='lat' dir='ltr'>constat</span> <span class='ocrx_word' id='word_1_117' title='bbox 554 2017 612 2053; x_wconf 87' lang='lat' dir='ltr'>esse</span> <span class='ocrx_word' id='word_1_118' title='bbox 625 2018 688 2052; x_wconf 88' lang='lat' dir='ltr'>sen-</span> 
     </span>
     <span class='ocr_line' id='line_1_26' title="bbox 156 2073 688 2140; baseline -0.008 -14"><span class='ocrx_word' id='word_1_119' title='bbox 156 2076 288 2127; x_wconf 89' lang='lat' dir='ltr'>tiendum.</span> <span class='ocrx_word' id='word_1_120' title='bbox 313 2093 327 2121; x_wconf 81' lang='lat' dir='ltr'>n</span> <span class='ocrx_word' id='word_1_121' title='bbox 348 2103 378 2112; x_wconf 95' lang='lat'>-</span> <span class='ocrx_word' id='word_1_122' title='bbox 399 2074 520 2140; x_wconf 86' lang='lat' dir='ltr'>Mystice,</span> <span class='ocrx_word' id='word_1_123' title='bbox 540 2073 688 2124; x_wconf 87' lang='lat' dir='ltr'>secundum</span> 
     </span>
     <span class='ocr_line' id='line_1_27' title="bbox 155 2144 688 2212; baseline -0.011 -12"><span class='ocrx_word' id='word_1_124' title='bbox 155 2149 280 2200; x_wconf 88' lang='lat' dir='ltr'>eumdem</span> <span class='ocrx_word' id='word_1_125' title='bbox 305 2147 416 2211; x_wconf 82' lang='lat' dir='ltr'>Bedam,</span> <span class='ocrx_word' id='word_1_126' title='bbox 438 2146 519 2207; x_wconf 84' lang='lat' dir='ltr'>Loth,</span> <span class='ocrx_word' id='word_1_127' title='bbox 535 2144 582 2212; x_wconf 90' lang='lat' dir='ltr'>qui</span> <span class='ocrx_word' id='word_1_128' title='bbox 601 2145 688 2195; x_wconf 89' lang='lat' dir='ltr'>inter-</span> 
     </span>
     <span class='ocr_line' id='line_1_28' title="bbox 156 2216 688 2286; baseline -0.008 -17"><span class='ocrx_word' id='word_1_129' title='bbox 156 2228 273 2286; x_wconf 89' lang='lat' dir='ltr'>pretatur</span> <span class='ocrx_word' id='word_1_130' title='bbox 288 2217 433 2278; x_wconf 85' lang='lat' dir='ltr'>declinans,</span> <span class='ocrx_word' id='word_1_131' title='bbox 448 2226 488 2266; x_wconf 91' lang='lat' dir='ltr'>est</span> <span class='ocrx_word' id='word_1_132' title='bbox 501 2216 618 2281; x_wconf 91' lang='lat' dir='ltr'>populus</span> <span class='ocrx_word' id='word_1_133' title='bbox 632 2216 688 2266; x_wconf 90' lang='lat' dir='ltr'>ele-</span> 
     </span>
     <span class='ocr_line' id='line_1_29' title="bbox 158 2284 689 2352; baseline -0.009 -13"><span class='ocrx_word' id='word_1_134' title='bbox 158 2298 272 2347; x_wconf 87' lang='lat' dir='ltr'>ctorum,</span> <span class='ocrx_word' id='word_1_135' title='bbox 283 2285 330 2352; x_wconf 88' lang='lat' dir='ltr'>qui</span> <span class='ocrx_word' id='word_1_136' title='bbox 342 2287 407 2336; x_wconf 91' lang='lat' dir='ltr'>dum</span> <span class='ocrx_word' id='word_1_137' title='bbox 418 2285 446 2334; x_wconf 93' lang='lat' dir='ltr'>in</span> <span class='ocrx_word' id='word_1_138' title='bbox 461 2284 597 2345; x_wconf 89' lang='lat' dir='ltr'>Sodomis,</span> <span class='ocrx_word' id='word_1_139' title='bbox 610 2284 636 2334; x_wconf 91' lang='lat' dir='ltr'>id</span> <span class='ocrx_word' id='word_1_140' title='bbox 648 2293 689 2335; x_wconf 87' lang='lat' dir='ltr'>est</span> 
     </span>
     <span class='ocr_line' id='line_1_30' title="bbox 156 2358 687 2425; baseline -0.011 -12"><span class='ocrx_word' id='word_1_141' title='bbox 156 2363 225 2413; x_wconf 89' lang='lat' dir='ltr'>inter</span> <span class='ocrx_word' id='word_1_142' title='bbox 246 2359 375 2425; x_wconf 91' lang='lat' dir='ltr'>reprobos</span> <span class='ocrx_word' id='word_1_143' title='bbox 393 2367 424 2408; x_wconf 92' lang='lat' dir='ltr'>ut</span> <span class='ocrx_word' id='word_1_144' title='bbox 444 2358 546 2408; x_wconf 87' lang='lat' dir='ltr'>advena</span> <span class='ocrx_word' id='word_1_145' title='bbox 558 2367 687 2422; x_wconf 88' lang='lat' dir='ltr'>moratur,</span> 
     </span>
     <span class='ocr_line' id='line_1_31' title="bbox 156 2427 689 2500; baseline -0.009 -18"><span class='ocrx_word' id='word_1_146' title='bbox 156 2440 288 2500; x_wconf 91' lang='lat' dir='ltr'>quantum</span> <span class='ocrx_word' id='word_1_147' title='bbox 301 2430 370 2480; x_wconf 90' lang='lat' dir='ltr'>valet</span> <span class='ocrx_word' id='word_1_148' title='bbox 384 2444 477 2479; x_wconf 84' lang='lat' dir='ltr'>eorum</span> <span class='ocrx_word' id='word_1_149' title='bbox 494 2430 592 2479; x_wconf 88' lang='lat' dir='ltr'>scelera</span> <span class='ocrx_word' id='word_1_150' title='bbox 606 2427 689 2478; x_wconf 91' lang='lat' dir='ltr'>decli·</span> 
     </span>
     <span class='ocr_line' id='line_1_32' title="bbox 155 2499 687 2554; baseline -0.011 0"><span class='ocrx_word' id='word_1_151' title='bbox 155 2513 210 2554; x_wconf 87' lang='lat' dir='ltr'>nat.</span> <span class='ocrx_word' id='word_1_152' title='bbox 234 2501 357 2552; x_wconf 85' lang='lat' dir='ltr'>Exeunte</span> <span class='ocrx_word' id='word_1_153' title='bbox 382 2509 472 2550; x_wconf 88' lang='lat' dir='ltr'>autem</span> <span class='ocrx_word' id='word_1_154' title='bbox 487 2499 558 2549; x_wconf 93' lang='lat' dir='ltr'>Loth</span> <span class='ocrx_word' id='word_1_155' title='bbox 580 2499 613 2549; x_wconf 93' lang='lat' dir='ltr'>de</span> <span class='ocrx_word' id='word_1_156' title='bbox 633 2499 687 2549; x_wconf 90' lang='lat' dir='ltr'>So·</span> 
     </span>
     <span class='ocr_line' id='line_1_33' title="bbox 154 2569 689 2638; baseline -0.011 -12"><span class='ocrx_word' id='word_1_157' title='bbox 154 2575 245 2633; x_wconf 88' lang='lat' dir='ltr'>doma,</span> <span class='ocrx_word' id='word_1_158' title='bbox 260 2571 338 2638; x_wconf 87' lang='lat' dir='ltr'>perit,</span> <span class='ocrx_word' id='word_1_159' title='bbox 354 2571 427 2637; x_wconf 92' lang='lat' dir='ltr'>quia,</span> <span class='ocrx_word' id='word_1_160' title='bbox 441 2571 591 2621; x_wconf 92' lang='lat' dir='ltr'>secundum</span> <span class='ocrx_word' id='word_1_161' title='bbox 601 2569 689 2636; x_wconf 82' lang='lat' dir='ltr'>Chry·</span> 
     </span>
     <span class='ocr_line' id='line_1_34' title="bbox 155 2640 688 2708; baseline -0.011 -12"><span class='ocrx_word' id='word_1_162' title='bbox 155 2651 310 2705; x_wconf 67' lang='lat' dir='ltr'>sommum,</span> <span class='ocrx_word' id='word_1_163' title='bbox 337 2641 459 2708; x_wconf 91' lang='lat' dir='ltr'>qnandiu</span> <span class='ocrx_word' id='word_1_164' title='bbox 479 2650 544 2692; x_wconf 91' lang='lat' dir='ltr'>sunt</span> <span class='ocrx_word' id='word_1_165' title='bbox 561 2640 688 2691; x_wconf 88' lang='lat' dir='ltr'>homines</span> 
     </span>
     <span class='ocr_line' id='line_1_35' title="bbox 154 2712 687 2774; baseline -0.008 -9"><span class='ocrx_word' id='word_1_166' title='bbox 154 2714 256 2774; x_wconf 90' lang='lat' dir='ltr'>fideles,</span> <span class='ocrx_word' id='word_1_167' title='bbox 279 2721 332 2762; x_wconf 88' lang='lat' dir='ltr'>stat</span> <span class='ocrx_word' id='word_1_168' title='bbox 355 2712 405 2762; x_wconf 91' lang='lat' dir='ltr'>iste</span> <span class='ocrx_word' id='word_1_169' title='bbox 427 2712 553 2772; x_wconf 92' lang='lat' dir='ltr'>mundus,</span> <span class='ocrx_word' id='word_1_170' title='bbox 576 2722 602 2761; x_wconf 90' lang='lat' dir='ltr'>et</span> <span class='ocrx_word' id='word_1_171' title='bbox 625 2727 687 2762; x_wconf 91' lang='lat' dir='ltr'>cum</span> 
     </span>
     <span class='ocr_line' id='line_1_36' title="bbox 154 2781 687 2846; baseline -0.004 -12"><span class='ocrx_word' id='word_1_172' title='bbox 154 2783 244 2834; x_wconf 86' lang='lat' dir='ltr'>Sancti</span> <span class='ocrx_word' id='word_1_173' title='bbox 260 2783 293 2833; x_wconf 91' lang='lat' dir='ltr'>de</span> <span class='ocrx_word' id='word_1_174' title='bbox 311 2783 414 2833; x_wconf 87' lang='lat' dir='ltr'>mundo</span> <span class='ocrx_word' id='word_1_175' title='bbox 428 2781 564 2846; x_wconf 87' lang='lat' dir='ltr'>deficiunt,</span> <span class='ocrx_word' id='word_1_176' title='bbox 577 2792 618 2832; x_wconf 89' lang='lat' dir='ltr'>est</span> <span class='ocrx_word' id='word_1_177' title='bbox 631 2782 687 2832; x_wconf 89' lang='lat' dir='ltr'>uti-</span> 
     </span>
     <span class='ocr_line' id='line_1_37' title="bbox 155 2853 687 2922; baseline -0.006 -16"><span class='ocrx_word' id='word_1_178' title='bbox 155 2870 209 2922; x_wconf 88' lang='lat' dir='ltr'>que</span> <span class='ocrx_word' id='word_1_179' title='bbox 226 2869 355 2919; x_wconf 88' lang='lat' dir='ltr'>casurus;</span> <span class='ocrx_word' id='word_1_180' title='bbox 379 2854 417 2904; x_wconf 88' lang='lat' dir='ltr'>sic</span> <span class='ocrx_word' id='word_1_181' title='bbox 438 2854 519 2904; x_wconf 91' lang='lat' dir='ltr'>etiam</span> <span class='ocrx_word' id='word_1_182' title='bbox 547 2853 687 2920; x_wconf 90' lang='lat' dir='ltr'>egredien-</span> 
     </span>
     <span class='ocr_line' id='line_1_38' title="bbox 155 2924 688 2992; baseline 0.004 -17"><span class='ocrx_word' id='word_1_183' title='bbox 155 2925 230 2976; x_wconf 91' lang='lat' dir='ltr'>tibus</span> <span class='ocrx_word' id='word_1_184' title='bbox 250 2924 375 2975; x_wconf 89' lang='lat' dir='ltr'>lsraelitis</span> <span class='ocrx_word' id='word_1_185' title='bbox 390 2927 423 2976; x_wconf 87' lang='lat' dir='ltr'>de</span> <span class='ocrx_word' id='word_1_186' title='bbox 443 2926 569 2992; x_wconf 87' lang='lat' dir='ltr'>AEgypto‚</span> <span class='ocrx_word' id='word_1_187' title='bbox 597 2936 688 2977; x_wconf 85' lang='lat' dir='ltr'>exter·</span> 
     </span>
     <span class='ocr_line' id='line_1_39' title="bbox 156 2994 689 3064; baseline 0.002 -19"><span class='ocrx_word' id='word_1_188' title='bbox 156 2994 274 3045; x_wconf 88' lang='lat' dir='ltr'>minatus</span> <span class='ocrx_word' id='word_1_189' title='bbox 298 3005 338 3045; x_wconf 88' lang='lat' dir='ltr'>est</span> <span class='ocrx_word' id='word_1_190' title='bbox 360 2996 502 3062; x_wconf 88' lang='lat' dir='ltr'>AEgyptus.</span> <span class='ocrx_word' id='word_1_191' title='bbox 526 2997 588 3047; x_wconf 84' lang='lat' dir='ltr'>Haec</span> <span class='ocrx_word' id='word_1_192' title='bbox 606 2997 689 3064; x_wconf 91' lang='lat' dir='ltr'>igitur</span> 
     </span>
     <span class='ocr_line' id='line_1_40' title="bbox 154 3066 689 3132; baseline 0.007 -16"><span class='ocrx_word' id='word_1_193' title='bbox 154 3066 279 3132; x_wconf 83' lang='lat' dir='ltr'>proedicta</span> <span class='ocrx_word' id='word_1_194' title='bbox 299 3067 436 3118; x_wconf 86' lang='lat' dir='ltr'>audientes</span> <span class='ocrx_word' id='word_1_195' title='bbox 459 3068 603 3120; x_wconf 89' lang='lat' dir='ltr'>timeamus</span> <span class='ocrx_word' id='word_1_196' title='bbox 615 3080 689 3120; x_wconf 87' lang='lat' dir='ltr'>actus</span> 
     </span>
     <span class='ocr_line' id='line_1_41' title="bbox 98 3139 690 3200; baseline 0.005 -13"><span class='ocrx_word' id='word_1_197' title='bbox 98 3195 101 3200; x_wconf 43' lang='grc'>,</span> <span class='ocrx_word' id='word_1_198' title='bbox 156 3145 279 3198; x_wconf 91' lang='lat' dir='ltr'>nostros,</span> <span class='ocrx_word' id='word_1_199' title='bbox 314 3146 339 3188; x_wconf 90' lang='lat' dir='ltr'>et</span> <span class='ocrx_word' id='word_1_200' title='bbox 370 3139 403 3187; x_wconf 86' lang='lat' dir='ltr'>ab</span> <span class='ocrx_word' id='word_1_201' title='bbox 435 3139 491 3188; x_wconf 87' lang='lat' dir='ltr'>otio</span> <span class='ocrx_word' id='word_1_202' title='bbox 516 3154 546 3189; x_wconf 89' lang='lat' dir='ltr'>ac</span> <span class='ocrx_word' id='word_1_203' title='bbox 573 3139 690 3190; x_wconf 83' lang='lat' dir='ltr'>lasciviis</span> 
     </span>
     <span class='ocr_line' id='line_1_42' title="bbox 155 3207 689 3275; baseline 0.004 -17"><span class='ocrx_word' id='word_1_204' title='bbox 155 3207 252 3258; x_wconf 89' lang='lat' dir='ltr'>amodo</span> <span class='ocrx_word' id='word_1_205' title='bbox 268 3207 443 3267; x_wconf 87' lang='lat' dir='ltr'>abstinentes,</span> <span class='ocrx_word' id='word_1_206' title='bbox 458 3219 484 3258; x_wconf 91' lang='lat' dir='ltr'>et</span> <span class='ocrx_word' id='word_1_207' title='bbox 497 3209 530 3259; x_wconf 88' lang='lat' dir='ltr'>de</span> <span class='ocrx_word' id='word_1_208' title='bbox 546 3209 689 3275; x_wconf 82' lang='lat' dir='ltr'>praeteritis</span> 
     </span>
     <span class='ocr_line' id='line_1_43' title="bbox 156 3277 689 3344; baseline 0.006 -16"><span class='ocrx_word' id='word_1_209' title='bbox 156 3277 341 3344; x_wconf 85' lang='lat' dir='ltr'>poenitentiam</span> <span class='ocrx_word' id='word_1_210' title='bbox 355 3289 472 3343; x_wconf 85' lang='lat' dir='ltr'>agentes,</span> <span class='ocrx_word' id='word_1_211' title='bbox 484 3280 516 3330; x_wconf 86' lang='lat' dir='ltr'>ad</span> <span class='ocrx_word' id='word_1_212' title='bbox 529 3279 604 3330; x_wconf 89' lang='lat' dir='ltr'>illam</span> <span class='ocrx_word' id='word_1_213' title='bbox 615 3281 689 3331; x_wconf 91' lang='lat' dir='ltr'>diem</span> 
     </span>
     <span class='ocr_line' id='line_1_44' title="bbox 155 3347 689 3417; baseline 0.007 -19"><span class='ocrx_word' id='word_1_214' title='bbox 155 3347 266 3398; x_wconf 90' lang='lat' dir='ltr'>Domini</span> <span class='ocrx_word' id='word_1_215' title='bbox 284 3363 334 3398; x_wconf 89' lang='lat' dir='ltr'>nos</span> <span class='ocrx_word' id='word_1_216' title='bbox 348 3347 407 3398; x_wconf 86' lang='lat' dir='ltr'>sine</span> <span class='ocrx_word' id='word_1_217' title='bbox 422 3349 570 3400; x_wconf 87' lang='lat' dir='ltr'>cessatione</span> <span class='ocrx_word' id='word_1_218' title='bbox 584 3365 689 3417; x_wconf 78' lang='lat' dir='ltr'>praepa-</span> 
     </span>
     <span class='ocr_line' id='line_1_45' title="bbox 159 3434 259 3471; baseline 0 -1"><span class='ocrx_word' id='word_1_219' title='bbox 159 3434 259 3471; x_wconf 88' lang='lat' dir='ltr'>remus.</span> 
     </span>
    </p>

    <p class='ocr_par' dir='ltr' id='par_1_3' title="bbox 154 3489 692 3918">
     <span class='ocr_line' id='line_1_46' title="bbox 188 3489 691 3546; baseline 0.01 -5"><span class='ocrx_word' id='word_1_220' title='bbox 188 3489 203 3540; x_wconf 83' lang='lat'><strong>3</strong></span> <span class='ocrx_word' id='word_1_221' title='bbox 214 3492 254 3541; x_wconf 84' lang='lat' dir='ltr'>Dr</span> <span class='ocrx_word' id='word_1_222' title='bbox 265 3507 317 3542; x_wconf 81' lang='lat' dir='ltr'>uuo</span> <span class='ocrx_word' id='word_1_223' title='bbox 328 3507 480 3544; x_wconf 75' lang='lat' dir='ltr'>nssunauno</span> <span class='ocrx_word' id='word_1_224' title='bbox 490 3511 523 3545; x_wconf 80' lang='lat' dir='ltr'>rr</span> <span class='ocrx_word' id='word_1_225' title='bbox 533 3510 637 3545; x_wconf 71' lang='lat' dir='ltr'>turano</span> <span class='ocrx_word' id='word_1_226' title='bbox 647 3511 691 3546; x_wconf 82' lang='lat' dir='ltr'>nr·</span> 
     </span>
     <span class='ocr_line' id='line_1_47' title="bbox 156 3563 692 3629; baseline 0.009 -17"><span class='ocrx_word' id='word_1_227' title='bbox 156 3563 468 3620; x_wconf 69' lang='lat' dir='ltr'>studueram-Deinde</span> <span class='ocrx_word' id='word_1_228' title='bbox 482 3576 543 3629; x_wconf 92' lang='lat' dir='ltr'>post</span> <span class='ocrx_word' id='word_1_229' title='bbox 555 3565 692 3617; x_wconf 87' lang='lat' dir='ltr'>incertitu-</span> 
     </span>
     <span class='ocr_line' id='line_1_48' title="bbox 155 3632 692 3699; baseline 0.011 -18"><span class='ocrx_word' id='word_1_230' title='bbox 155 3632 248 3682; x_wconf 90' lang='lat' dir='ltr'>dinem</span> <span class='ocrx_word' id='word_1_231' title='bbox 263 3633 392 3698; x_wconf 87' lang='lat' dir='ltr'>temporis</span> <span class='ocrx_word' id='word_1_232' title='bbox 405 3633 507 3699; x_wconf 87' lang='lat' dir='ltr'>judicii,</span> <span class='ocrx_word' id='word_1_233' title='bbox 521 3636 639 3688; x_wconf 88' lang='lat' dir='ltr'>ostendit</span> <span class='ocrx_word' id='word_1_234' title='bbox 652 3638 692 3687; x_wconf 89' lang='lat' dir='ltr'>in·</span> 
     </span>
     <span class='ocr_line' id='line_1_49' title="bbox 154 3705 690 3773; baseline 0.009 -18"><span class='ocrx_word' id='word_1_235' title='bbox 154 3705 341 3757; x_wconf 88' lang='lat' dir='ltr'>certitudinem</span> <span class='ocrx_word' id='word_1_236' title='bbox 364 3706 457 3758; x_wconf 90' lang='lat' dir='ltr'>salutis</span> <span class='ocrx_word' id='word_1_237' title='bbox 477 3707 690 3773; x_wconf 88' lang='lat' dir='ltr'>judicandorum,</span> 
     </span>
     <span class='ocr_line' id='line_1_50' title="bbox 156 3778 691 3846; baseline 0.011 -18"><span class='ocrx_word' id='word_1_238' title='bbox 156 3792 191 3828; x_wconf 90' lang='lat' dir='ltr'>ne</span> <span class='ocrx_word' id='word_1_239' title='bbox 209 3778 271 3845; x_wconf 92' lang='lat' dir='ltr'>quis</span> <span class='ocrx_word' id='word_1_240' title='bbox 285 3780 318 3830; x_wconf 91' lang='lat' dir='ltr'>de</span> <span class='ocrx_word' id='word_1_241' title='bbox 333 3794 382 3830; x_wconf 93' lang='lat' dir='ltr'>suo</span> <span class='ocrx_word' id='word_1_242' title='bbox 403 3790 472 3831; x_wconf 91' lang='lat' dir='ltr'>statu</span> <span class='ocrx_word' id='word_1_243' title='bbox 485 3792 636 3846; x_wconf 87' lang='lat' dir='ltr'>praesumat,</span> <span class='ocrx_word' id='word_1_244' title='bbox 649 3785 691 3834; x_wconf 88' lang='lat' dir='ltr'>vel</span> 
     </span>
     <span class='ocr_line' id='line_1_51' title="bbox 156 3851 692 3918; baseline 0.011 -19"><span class='ocrx_word' id='word_1_245' title='bbox 156 3862 186 3899; x_wconf 88' lang='lat' dir='ltr'>se</span> <span class='ocrx_word' id='word_1_246' title='bbox 201 3851 292 3912; x_wconf 87' lang='lat' dir='ltr'>elevet,</span> <span class='ocrx_word' id='word_1_247' title='bbox 307 3851 371 3918; x_wconf 90' lang='lat' dir='ltr'>quia</span> <span class='ocrx_word' id='word_1_248' title='bbox 389 3852 507 3903; x_wconf 89' lang='lat' dir='ltr'>inomni</span> <span class='ocrx_word' id='word_1_249' title='bbox 527 3863 597 3905; x_wconf 89' lang='lat' dir='ltr'>statu</span> <span class='ocrx_word' id='word_1_250' title='bbox 613 3864 692 3905; x_wconf 90' lang='lat' dir='ltr'>erunt</span> 
     </span>
    </p>
   </div>
   <div class='ocr_carea' id='block_1_3' title="bbox 455 239 992 294">
    <p class='ocr_par' dir='ltr' id='par_1_4' title="bbox 455 239 992 294">
     <span class='ocr_line' id='line_1_52' title="bbox 455 239 992 294; baseline 0.004 -2"><span class='ocrx_word' id='word_1_251' title='bbox 455 241 630 293; x_wconf 85' lang='lat' dir='ltr'>SECUNDAE</span> <span class='ocrx_word' id='word_1_252' title='bbox 643 239 767 290; x_wconf 83' lang='lat' dir='ltr'><strong>PARTIS</strong></span> <span class='ocrx_word' id='word_1_253' title='bbox 781 240 898 293; x_wconf 85' lang='lat' dir='ltr'>CAPUT</span> <span class='ocrx_word' id='word_1_254' title='bbox 911 243 992 294; x_wconf 86' lang='lat' dir='ltr'><strong>XLV.</strong></span> 
     </span>
    </p>
   </div>
   <div class='ocr_carea' id='block_1_4' title="bbox 736 356 1315 3779">
    <p class='ocr_par' dir='ltr' id='par_1_5' title="bbox 736 356 1315 3779">
     <span class='ocr_line' id='line_1_53' title="bbox 736 356 1272 424; baseline 0.007 -17"><span class='ocrx_word' id='word_1_255' title='bbox 736 356 820 424; x_wconf 91' lang='lat' dir='ltr'>aliqui</span> <span class='ocrx_word' id='word_1_256' title='bbox 832 358 918 417; x_wconf 87' lang='lat' dir='ltr'>electi,</span> <span class='ocrx_word' id='word_1_257' title='bbox 930 368 956 408; x_wconf 90' lang='lat' dir='ltr'>et</span> <span class='ocrx_word' id='word_1_258' title='bbox 967 358 1050 423; x_wconf 87' lang='lat' dir='ltr'>aliqui</span> <span class='ocrx_word' id='word_1_259' title='bbox 1062 356 1180 424; x_wconf 88' lang='lat' dir='ltr'>reprobi.</span> <span class='ocrx_word' id='word_1_260' title='bbox 1194 358 1272 411; x_wconf 81' lang='lat' dir='ltr'>Tune</span> 
     </span>
     <span class='ocr_line' id='line_1_54' title="bbox 736 429 1269 495; baseline 0.006 -17"><span class='ocrx_word' id='word_1_261' title='bbox 736 429 809 479; x_wconf 89' lang='lat' dir='ltr'>enim</span> <span class='ocrx_word' id='word_1_262' title='bbox 837 431 864 481; x_wconf 86' lang='lat' dir='ltr'>in</span> <span class='ocrx_word' id='word_1_263' title='bbox 892 430 941 481; x_wconf 89' lang='lat' dir='ltr'>illa</span> <span class='ocrx_word' id='word_1_264' title='bbox 970 437 1045 482; x_wconf 83' lang='lat' dir='ltr'>noete</span> <span class='ocrx_word' id='word_1_265' title='bbox 1071 430 1269 495; x_wconf 83' lang='lat' dir='ltr'>tribulationis,</span> 
     </span>
     <span class='ocr_line' id='line_1_55' title="bbox 737 500 1270 565; baseline 0.008 -17"><span class='ocrx_word' id='word_1_266' title='bbox 737 500 801 565; x_wconf 87' lang='lat' dir='ltr'>quia</span> <span class='ocrx_word' id='word_1_267' title='bbox 814 500 1000 552; x_wconf 85' lang='lat' dir='ltr'>Antichristus</span> <span class='ocrx_word' id='word_1_268' title='bbox 1017 501 1083 551; x_wconf 91' lang='lat' dir='ltr'>hora</span> <span class='ocrx_word' id='word_1_269' title='bbox 1097 500 1270 552; x_wconf 85' lang='lat' dir='ltr'>tenebrarum</span> 
     </span>
     <span class='ocr_line' id='line_1_56' title="bbox 738 571 1271 633; baseline 0.004 -12"><span class='ocrx_word' id='word_1_270' title='bbox 738 583 786 632; x_wconf 89' lang='lat' dir='ltr'>est,</span> <span class='ocrx_word' id='word_1_271' title='bbox 801 582 827 623; x_wconf 90' lang='lat' dir='ltr'>et</span> <span class='ocrx_word' id='word_1_272' title='bbox 838 572 964 624; x_wconf 90' lang='lat' dir='ltr'>similiter</span> <span class='ocrx_word' id='word_1_273' title='bbox 978 582 1018 623; x_wconf 89' lang='lat' dir='ltr'>est</span> <span class='ocrx_word' id='word_1_274' title='bbox 1033 572 1060 621; x_wconf 89' lang='lat' dir='ltr'>in</span> <span class='ocrx_word' id='word_1_275' title='bbox 1074 582 1156 623; x_wconf 89' lang='lat' dir='ltr'>nocte</span> <span class='ocrx_word' id='word_1_276' title='bbox 1167 571 1271 633; x_wconf 91' lang='lat' dir='ltr'>mortis,</span> 
     </span>
     <span class='ocr_line' id='line_1_57' title="bbox 739 645 1273 712; baseline 0.002 -17"><span class='ocrx_word' id='word_1_277' title='bbox 739 645 791 696; x_wconf 86' lang='lat' dir='ltr'>duo</span> <span class='ocrx_word' id='word_1_278' title='bbox 808 653 886 697; x_wconf 87' lang='lat' dir='ltr'>erunt</span> <span class='ocrx_word' id='word_1_279' title='bbox 911 647 937 696; x_wconf 85' lang='lat' dir='ltr'>iu</span> <span class='ocrx_word' id='word_1_280' title='bbox 960 662 1040 712; x_wconf 83' lang='lat' dir='ltr'>agro,</span> <span class='ocrx_word' id='word_1_281' title='bbox 1057 646 1084 696; x_wconf 91' lang='lat' dir='ltr'>id</span> <span class='ocrx_word' id='word_1_282' title='bbox 1102 646 1188 697; x_wconf 87' lang='lat' dir='ltr'>estin</span> <span class='ocrx_word' id='word_1_283' title='bbox 1207 645 1273 712; x_wconf 87' lang='lat' dir='ltr'>agri·</span> 
     </span>
     <span class='ocr_line' id='line_1_58' title="bbox 738 715 1273 783; baseline 0.002 -18"><span class='ocrx_word' id='word_1_284' title='bbox 738 716 841 766; x_wconf 88' lang='lat' dir='ltr'>cultura</span> <span class='ocrx_word' id='word_1_285' title='bbox 867 715 1047 782; x_wconf 88' lang='lat' dir='ltr'>praelationis,</span> <span class='ocrx_word' id='word_1_286' title='bbox 1076 715 1124 781; x_wconf 92' lang='lat' dir='ltr'>qui</span> <span class='ocrx_word' id='word_1_287' title='bbox 1154 726 1273 783; x_wconf 79' lang='lat' dir='ltr'>praesunt</span> 
     </span>
     <span class='ocr_line' id='line_1_59' title="bbox 741 784 1271 852; baseline 0.004 -16"><span class='ocrx_word' id='word_1_288' title='bbox 741 786 875 847; x_wconf 82' lang='lat' dir='ltr'>Ecclesiis,</span> <span class='ocrx_word' id='word_1_289' title='bbox 891 798 916 839; x_wconf 93' lang='lat' dir='ltr'>et</span> <span class='ocrx_word' id='word_1_290' title='bbox 931 797 1077 852; x_wconf 85' lang='lat' dir='ltr'>operantur</span> <span class='ocrx_word' id='word_1_291' title='bbox 1099 784 1128 836; x_wconf 91' lang='lat' dir='ltr'>in</span> <span class='ocrx_word' id='word_1_292' title='bbox 1149 787 1271 839; x_wconf 80' lang='lat' dir='ltr'>Ecclesie</span> 
     </span>
     <span class='ocr_line' id='line_1_60' title="bbox 740 857 1272 924; baseline 0.008 -19"><span class='ocrx_word' id='word_1_293' title='bbox 740 857 891 908; x_wconf 89' lang='lat' dir='ltr'>ministerio</span> <span class='ocrx_word' id='word_1_294' title='bbox 915 868 1043 924; x_wconf 84' lang='lat' dir='ltr'>tanquam</span> <span class='ocrx_word' id='word_1_295' title='bbox 1068 857 1097 907; x_wconf 93' lang='lat' dir='ltr'>in</span> <span class='ocrx_word' id='word_1_296' title='bbox 1121 872 1187 924; x_wconf 88' lang='lat' dir='ltr'>agro</span> <span class='ocrx_word' id='word_1_297' title='bbox 1211 857 1272 917; x_wconf 88' lang='lat' dir='ltr'>Dei,</span> 
     </span>
     <span class='ocr_line' id='line_1_61' title="bbox 739 927 1272 994; baseline 0.004 -17"><span class='ocrx_word' id='word_1_298' title='bbox 739 937 770 977; x_wconf 95' lang='lat' dir='ltr'>ut</span> <span class='ocrx_word' id='word_1_299' title='bbox 792 939 883 994; x_wconf 84' lang='lat' dir='ltr'>surgat</span> <span class='ocrx_word' id='word_1_300' title='bbox 904 939 930 979; x_wconf 92' lang='lat' dir='ltr'>et</span> <span class='ocrx_word' id='word_1_301' title='bbox 945 928 1066 993; x_wconf 83' lang='lat' dir='ltr'>proficiat</span> <span class='ocrx_word' id='word_1_302' title='bbox 1080 927 1179 979; x_wconf 88' lang='lat' dir='ltr'>messis</span> <span class='ocrx_word' id='word_1_303' title='bbox 1193 928 1272 994; x_wconf 89' lang='lat' dir='ltr'>hujus</span> 
     </span>
     <span class='ocr_line' id='line_1_62' title="bbox 740 997 1272 1063; baseline 0.004 -17"><span class='ocrx_word' id='word_1_304' title='bbox 740 997 795 1063; x_wconf 84' lang='lat' dir='ltr'>agri</span> <span class='ocrx_word' id='word_1_305' title='bbox 818 998 954 1048; x_wconf 86' lang='lat' dir='ltr'>Dominici</span> <span class='ocrx_word' id='word_1_306' title='bbox 978 1014 985 1047; x_wconf 73' lang='grc' dir='ltr'>ε</span> <span class='ocrx_word' id='word_1_307' title='bbox 1013 1012 1080 1047; x_wconf 88' lang='lat' dir='ltr'>unus</span> <span class='ocrx_word' id='word_1_308' title='bbox 1108 1004 1272 1058; x_wconf 82' lang='lat' dir='ltr'>assumetur,</span> 
     </span>
     <span class='ocr_line' id='line_1_63' title="bbox 739 1066 1274 1134; baseline 0.006 -18"><span class='ocrx_word' id='word_1_309' title='bbox 739 1066 840 1118; x_wconf 88' lang='lat' dir='ltr'>scilicet</span> <span class='ocrx_word' id='word_1_310' title='bbox 855 1069 889 1118; x_wconf 88' lang='lat' dir='ltr'>ad</span> <span class='ocrx_word' id='word_1_311' title='bbox 903 1066 1026 1134; x_wconf 86' lang='lat' dir='ltr'>gloriam,</span> <span class='ocrx_word' id='word_1_312' title='bbox 1043 1077 1073 1116; x_wconf 90' lang='lat' dir='ltr'>ut</span> <span class='ocrx_word' id='word_1_313' title='bbox 1087 1069 1216 1132; x_wconf 86' lang='lat' dir='ltr'>praelatus</span> <span class='ocrx_word' id='word_1_314' title='bbox 1232 1069 1274 1119; x_wconf 77' lang='lat' dir='ltr'>bo</span> 
     </span>
     <span class='ocr_line' id='line_1_64' title="bbox 741 1137 1272 1204; baseline 0.004 -18"><span class='ocrx_word' id='word_1_315' title='bbox 741 1153 792 1188; x_wconf 91' lang='lat' dir='ltr'>nus</span> <span class='ocrx_word' id='word_1_316' title='bbox 805 1147 832 1188; x_wconf 88' lang='lat' dir='ltr'>et</span> <span class='ocrx_word' id='word_1_317' title='bbox 848 1138 941 1200; x_wconf 90' lang='lat' dir='ltr'>utilis;</span> <span class='ocrx_word' id='word_1_318' title='bbox 959 1137 1029 1189; x_wconf 84' lang='lat' dir='ltr'>alter</span> <span class='ocrx_word' id='word_1_319' title='bbox 1050 1137 1227 1204; x_wconf 84' lang='lat' dir='ltr'>relinquetur,</span> <span class='ocrx_word' id='word_1_320' title='bbox 1242 1139 1272 1189; x_wconf 86' lang='lat' dir='ltr'>ad</span> 
     </span>
     <span class='ocr_line' id='line_1_65' title="bbox 739 1209 1274 1273; baseline 0.004 -16"><span class='ocrx_word' id='word_1_321' title='bbox 739 1223 855 1272; x_wconf 88' lang='lat' dir='ltr'>poenam,</span> <span class='ocrx_word' id='word_1_322' title='bbox 880 1209 979 1258; x_wconf 85' lang='lat' dir='ltr'>scilicet</span> <span class='ocrx_word' id='word_1_323' title='bbox 996 1209 1122 1273; x_wconf 83' lang='lat' dir='ltr'>praelatus</span> <span class='ocrx_word' id='word_1_324' title='bbox 1139 1209 1229 1259; x_wconf 91' lang='lat' dir='ltr'>malus</span> <span class='ocrx_word' id='word_1_325' title='bbox 1250 1217 1274 1259; x_wconf 86' lang='lat' dir='ltr'>et</span> 
     </span>
     <span class='ocr_line' id='line_1_66' title="bbox 740 1277 1272 1339; baseline 0.002 -11"><span class='ocrx_word' id='word_1_326' title='bbox 740 1277 853 1328; x_wconf 88' lang='lat' dir='ltr'>inutilis.</span> <span class='ocrx_word' id='word_1_327' title='bbox 876 1278 951 1339; x_wconf 90' lang='lat' dir='ltr'>Item,</span> <span class='ocrx_word' id='word_1_328' title='bbox 974 1278 1035 1329; x_wconf 86' lang='lat' dir='ltr'>duce</span> <span class='ocrx_word' id='word_1_329' title='bbox 1050 1285 1129 1329; x_wconf 84' lang='lat' dir='ltr'>erunt</span> <span class='ocrx_word' id='word_1_330' title='bbox 1145 1278 1272 1330; x_wconf 80' lang='lat' dir='ltr'>molentes</span> 
     </span>
     <span class='ocr_line' id='line_1_67' title="bbox 739 1350 1272 1414; baseline 0.002 -14"><span class='ocrx_word' id='word_1_331' title='bbox 739 1350 766 1401; x_wconf 86' lang='lat' dir='ltr'>in</span> <span class='ocrx_word' id='word_1_332' title='bbox 781 1351 860 1414; x_wconf 86' lang='lat' dir='ltr'>mola,</span> <span class='ocrx_word' id='word_1_333' title='bbox 874 1351 901 1400; x_wconf 93' lang='lat' dir='ltr'>id</span> <span class='ocrx_word' id='word_1_334' title='bbox 913 1361 954 1402; x_wconf 88' lang='lat' dir='ltr'>est</span> <span class='ocrx_word' id='word_1_335' title='bbox 967 1351 995 1401; x_wconf 91' lang='lat' dir='ltr'>in</span> <span class='ocrx_word' id='word_1_336' title='bbox 1011 1350 1138 1401; x_wconf 87' lang='lat' dir='ltr'>exercitio</span> <span class='ocrx_word' id='word_1_337' title='bbox 1149 1350 1272 1410; x_wconf 87' lang='lat' dir='ltr'>actionis,</span> 
     </span>
     <span class='ocr_line' id='line_1_68' title="bbox 739 1420 1274 1487; baseline -0.002 -16"><span class='ocrx_word' id='word_1_338' title='bbox 739 1437 799 1487; x_wconf 81' lang='lat' dir='ltr'>quae</span> <span class='ocrx_word' id='word_1_339' title='bbox 812 1420 839 1470; x_wconf 89' lang='lat' dir='ltr'>in</span> <span class='ocrx_word' id='word_1_340' title='bbox 854 1422 966 1472; x_wconf 90' lang='lat' dir='ltr'>modum</span> <span class='ocrx_word' id='word_1_341' title='bbox 981 1423 1059 1472; x_wconf 86' lang='lat' dir='ltr'>molae</span> <span class='ocrx_word' id='word_1_342' title='bbox 1071 1421 1192 1472; x_wconf 89' lang='lat' dir='ltr'>volvitur</span> <span class='ocrx_word' id='word_1_343' title='bbox 1205 1421 1274 1473; x_wconf 91' lang='lat' dir='ltr'>solli-</span> 
     </span>
     <span class='ocr_line' id='line_1_69' title="bbox 739 1495 1271 1562; baseline 0 -17"><span class='ocrx_word' id='word_1_344' title='bbox 739 1495 914 1555; x_wconf 87' lang='lat' dir='ltr'>citudinibus,</span> <span class='ocrx_word' id='word_1_345' title='bbox 931 1506 957 1545; x_wconf 90' lang='lat' dir='ltr'>et</span> <span class='ocrx_word' id='word_1_346' title='bbox 973 1495 1089 1561; x_wconf 86' lang='lat' dir='ltr'>pertinet</span> <span class='ocrx_word' id='word_1_347' title='bbox 1102 1495 1135 1544; x_wconf 90' lang='lat' dir='ltr'>ad</span> <span class='ocrx_word' id='word_1_348' title='bbox 1158 1495 1271 1562; x_wconf 90' lang='lat' dir='ltr'>populos</span> 
     </span>
     <span class='ocr_line' id='line_1_70' title="bbox 739 1565 1274 1632; baseline 0 -17"><span class='ocrx_word' id='word_1_349' title='bbox 739 1565 788 1631; x_wconf 90' lang='lat' dir='ltr'>qui</span> <span class='ocrx_word' id='word_1_350' title='bbox 809 1565 971 1616; x_wconf 89' lang='lat' dir='ltr'>feminarum</span> <span class='ocrx_word' id='word_1_351' title='bbox 993 1565 1105 1616; x_wconf 91' lang='lat' dir='ltr'>nomine</span> <span class='ocrx_word' id='word_1_352' title='bbox 1125 1565 1274 1632; x_wconf 88' lang='lat' dir='ltr'>designan-</span> 
     </span>
     <span class='ocr_line' id='line_1_71' title="bbox 739 1635 1274 1703; baseline 0.002 -17"><span class='ocrx_word' id='word_1_353' title='bbox 739 1646 791 1699; x_wconf 89' lang='lat' dir='ltr'>tur,</span> <span class='ocrx_word' id='word_1_354' title='bbox 804 1636 868 1703; x_wconf 91' lang='lat' dir='ltr'>quia</span> <span class='ocrx_word' id='word_1_355' title='bbox 883 1646 1011 1701; x_wconf 88' lang='lat' dir='ltr'>tanquam</span> <span class='ocrx_word' id='word_1_356' title='bbox 1029 1635 1131 1686; x_wconf 79' lang='lat' dir='ltr'>infirmi</span> <span class='ocrx_word' id='word_1_357' title='bbox 1144 1651 1161 1686; x_wconf 90' lang='lat' dir='ltr'>a</span> <span class='ocrx_word' id='word_1_358' title='bbox 1174 1651 1274 1703; x_wconf 80' lang='lat' dir='ltr'>prrepo</span> 
     </span>
     <span class='ocr_line' id='line_1_72' title="bbox 739 1709 1274 1776; baseline 0.004 -17"><span class='ocrx_word' id='word_1_359' title='bbox 739 1709 800 1760; x_wconf 88' lang='lat' dir='ltr'>sitis</span> <span class='ocrx_word' id='word_1_360' title='bbox 822 1718 972 1776; x_wconf 87' lang='lat' dir='ltr'>reguntur:</span> <span class='ocrx_word' id='word_1_361' title='bbox 992 1725 1045 1761; x_wconf 79' lang='lat' dir='ltr'>utta</span> <span class='ocrx_word' id='word_1_362' title='bbox 1065 1716 1222 1762; x_wconf 81' lang='lat' dir='ltr'>assumetur</span> <span class='ocrx_word' id='word_1_363' title='bbox 1241 1709 1274 1761; x_wconf 88' lang='lat' dir='ltr'>ad</span> 
     </span>
     <span class='ocr_line' id='line_1_73' title="bbox 740 1780 1275 1847; baseline 0.006 -17"><span class='ocrx_word' id='word_1_364' title='bbox 740 1780 864 1847; x_wconf 88' lang='lat' dir='ltr'>gloriam,</span> <span class='ocrx_word' id='word_1_365' title='bbox 879 1780 980 1830; x_wconf 87' lang='lat' dir='ltr'>scilicet</span> <span class='ocrx_word' id='word_1_366' title='bbox 1001 1782 1097 1841; x_wconf 79' lang='lat' dir='ltr'>iustus,</span> <span class='ocrx_word' id='word_1_367' title='bbox 1111 1787 1139 1832; x_wconf 86' lang='lat' dir='ltr'>et</span> <span class='ocrx_word' id='word_1_368' title='bbox 1155 1795 1208 1832; x_wconf 80' lang='lat' dir='ltr'>uno</span> <span class='ocrx_word' id='word_1_369' title='bbox 1230 1794 1275 1833; x_wconf 82' lang='lat' dir='ltr'>re-</span> 
     </span>
     <span class='ocr_line' id='line_1_74' title="bbox 741 1850 1275 1917; baseline 0 -16"><span class='ocrx_word' id='word_1_370' title='bbox 741 1850 874 1917; x_wconf 83' lang='lat' dir='ltr'>linquetur</span> <span class='ocrx_word' id='word_1_371' title='bbox 894 1852 927 1901; x_wconf 91' lang='lat' dir='ltr'>ad</span> <span class='ocrx_word' id='word_1_372' title='bbox 942 1866 1060 1916; x_wconf 88' lang='lat' dir='ltr'>poenam,</span> <span class='ocrx_word' id='word_1_373' title='bbox 1076 1850 1180 1902; x_wconf 82' lang='lat' dir='ltr'>scilicet</span> <span class='ocrx_word' id='word_1_374' title='bbox 1202 1851 1275 1916; x_wconf 85' lang='lat' dir='ltr'>inju-</span> 
     </span>
     <span class='ocr_line' id='line_1_75' title="bbox 740 1921 1273 1987; baseline 0.004 -15"><span class='ocrx_word' id='word_1_375' title='bbox 740 1932 809 1972; x_wconf 88' lang='lat' dir='ltr'>stus.</span> <span class='ocrx_word' id='word_1_376' title='bbox 833 1922 908 1983; x_wconf 89' lang='lat' dir='ltr'>ltem,</span> <span class='ocrx_word' id='word_1_377' title='bbox 933 1923 985 1972; x_wconf 83' lang='lat' dir='ltr'>duo</span> <span class='ocrx_word' id='word_1_378' title='bbox 1007 1929 1086 1973; x_wconf 85' lang='lat' dir='ltr'>erunt</span> <span class='ocrx_word' id='word_1_379' title='bbox 1103 1923 1132 1973; x_wconf 88' lang='lat' dir='ltr'>in</span> <span class='ocrx_word' id='word_1_380' title='bbox 1151 1923 1229 1987; x_wconf 88' lang='lat' dir='ltr'>tecto,</span> <span class='ocrx_word' id='word_1_381' title='bbox 1246 1921 1273 1973; x_wconf 89' lang='lat' dir='ltr'>id</span> 
     </span>
     <span class='ocr_line' id='line_1_76' title="bbox 740 1994 1274 2079; baseline 0.002 -34"><span class='ocrx_word' id='word_1_382' title='bbox 740 2005 781 2045; x_wconf 91' lang='lat' dir='ltr'>est</span> <span class='ocrx_word' id='word_1_383' title='bbox 803 1994 831 2045; x_wconf 93' lang='lat' dir='ltr'>in</span> <span class='ocrx_word' id='word_1_384' title='bbox 847 1994 937 2079; x_wconf 56' lang='lat' dir='ltr'>quiete</span> <span class='ocrx_word' id='word_1_385' title='bbox 958 1994 1218 2061; x_wconf 74' lang='lat' dir='ltr'>contemplationis,</span> <span class='ocrx_word' id='word_1_386' title='bbox 1229 1995 1274 2063; x_wconf 91' lang='lat' dir='ltr'>qui</span> 
     </span>
     <span class='ocr_line' id='line_1_77' title="bbox 741 2068 1275 2137; baseline 0.002 -19"><span class='ocrx_word' id='word_1_387' title='bbox 741 2069 828 2119; x_wconf 88' lang='lat' dir='ltr'>otium</span> <span class='ocrx_word' id='word_1_388' title='bbox 843 2079 869 2119; x_wconf 92' lang='lat' dir='ltr'>et</span> <span class='ocrx_word' id='word_1_389' title='bbox 885 2068 1002 2134; x_wconf 87' lang='lat' dir='ltr'>quietem</span> <span class='ocrx_word' id='word_1_390' title='bbox 1018 2069 1135 2134; x_wconf 87' lang='lat' dir='ltr'>eligunt,</span> <span class='ocrx_word' id='word_1_391' title='bbox 1150 2079 1176 2120; x_wconf 90' lang='lat' dir='ltr'>et</span> <span class='ocrx_word' id='word_1_392' title='bbox 1190 2083 1275 2137; x_wconf 88' lang='lat' dir='ltr'>neque</span> 
     </span>
     <span class='ocr_line' id='line_1_78' title="bbox 741 2138 1276 2206; baseline -0.002 -16"><span class='ocrx_word' id='word_1_393' title='bbox 741 2138 856 2205; x_wconf 85' lang='lat' dir='ltr'>negotiis</span> <span class='ocrx_word' id='word_1_394' title='bbox 872 2138 1065 2199; x_wconf 84' lang='lat' dir='ltr'>ecclesiasticis,</span> <span class='ocrx_word' id='word_1_395' title='bbox 1092 2154 1185 2206; x_wconf 90' lang='lat' dir='ltr'>neque</span> <span class='ocrx_word' id='word_1_396' title='bbox 1206 2154 1276 2191; x_wconf 83' lang='lat' dir='ltr'>secu·</span> 
     </span>
     <span class='ocr_line' id='line_1_79' title="bbox 740 2208 1276 2274; baseline -0.002 -15"><span class='ocrx_word' id='word_1_397' title='bbox 740 2209 842 2259; x_wconf 88' lang='lat' dir='ltr'>laribus</span> <span class='ocrx_word' id='word_1_398' title='bbox 858 2208 987 2274; x_wconf 86' lang='lat' dir='ltr'>occupati,</span> <span class='ocrx_word' id='word_1_399' title='bbox 1008 2209 1055 2259; x_wconf 90' lang='lat' dir='ltr'>sed</span> <span class='ocrx_word' id='word_1_400' title='bbox 1075 2209 1152 2260; x_wconf 90' lang='lat' dir='ltr'>velut</span> <span class='ocrx_word' id='word_1_401' title='bbox 1169 2209 1204 2260; x_wconf 90' lang='lat' dir='ltr'>ad</span> <span class='ocrx_word' id='word_1_402' title='bbox 1220 2209 1276 2259; x_wconf 78' lang='lat' dir='ltr'>haee</span> 
     </span>
     <span class='ocr_line' id='line_1_80' title="bbox 741 2277 1272 2346; baseline -0.002 -16"><span class='ocrx_word' id='word_1_403' title='bbox 741 2278 842 2330; x_wconf 88' lang='lat' dir='ltr'>infirmi</span> <span class='ocrx_word' id='word_1_404' title='bbox 858 2280 985 2330; x_wconf 88' lang='lat' dir='ltr'>secedunt</span> <span class='ocrx_word' id='word_1_405' title='bbox 999 2280 1030 2329; x_wconf 89' lang='lat' dir='ltr'>ad</span> <span class='ocrx_word' id='word_1_406' title='bbox 1045 2278 1135 2330; x_wconf 89' lang='lat' dir='ltr'>otium</span> <span class='ocrx_word' id='word_1_407' title='bbox 1149 2290 1175 2331; x_wconf 93' lang='lat' dir='ltr'>et</span> <span class='ocrx_word' id='word_1_408' title='bbox 1187 2277 1272 2346; x_wconf 92' lang='lat' dir='ltr'>quieti</span> 
     </span>
     <span class='ocr_line' id='line_1_81' title="bbox 741 2350 1274 2418; baseline -0.002 -16"><span class='ocrx_word' id='word_1_409' title='bbox 741 2366 799 2402; x_wconf 86' lang='lat' dir='ltr'>esse</span> <span class='ocrx_word' id='word_1_410' title='bbox 812 2350 939 2416; x_wconf 89' lang='lat' dir='ltr'>diligunt,</span> <span class='ocrx_word' id='word_1_411' title='bbox 952 2365 1008 2401; x_wconf 91' lang='lat' dir='ltr'>non</span> <span class='ocrx_word' id='word_1_412' title='bbox 1024 2366 1053 2401; x_wconf 87' lang='lat' dir='ltr'>se</span> <span class='ocrx_word' id='word_1_413' title='bbox 1066 2351 1175 2418; x_wconf 86' lang='lat' dir='ltr'>magnis</span> <span class='ocrx_word' id='word_1_414' title='bbox 1191 2351 1274 2403; x_wconf 85' lang='lat' dir='ltr'>actio-</span> 
     </span>
     <span class='ocr_line' id='line_1_82' title="bbox 742 2423 1276 2492; baseline 0 -18"><span class='ocrx_word' id='word_1_415' title='bbox 742 2423 823 2474; x_wconf 90' lang='lat' dir='ltr'>nibus</span> <span class='ocrx_word' id='word_1_416' title='bbox 856 2423 1073 2484; x_wconf 87' lang='lat' dir='ltr'>committentes,</span> <span class='ocrx_word' id='word_1_417' title='bbox 1103 2434 1131 2475; x_wconf 93' lang='lat' dir='ltr'>et</span> <span class='ocrx_word' id='word_1_418' title='bbox 1158 2424 1276 2492; x_wconf 85' lang='lat' dir='ltr'>quodam</span> 
     </span>
     <span class='ocr_line' id='line_1_83' title="bbox 740 2493 1272 2546; baseline -0.002 0"><span class='ocrx_word' id='word_1_419' title='bbox 740 2495 822 2546; x_wconf 89' lang='lat' dir='ltr'>modo</span> <span class='ocrx_word' id='word_1_420' title='bbox 843 2494 871 2545; x_wconf 91' lang='lat' dir='ltr'>in</span> <span class='ocrx_word' id='word_1_421' title='bbox 896 2503 978 2545; x_wconf 89' lang='lat' dir='ltr'>stratu</span> <span class='ocrx_word' id='word_1_422' title='bbox 998 2493 1168 2546; x_wconf 87' lang='lat' dir='ltr'>infirmitatis</span> <span class='ocrx_word' id='word_1_423' title='bbox 1188 2495 1272 2546; x_wconf 90' lang='lat' dir='ltr'>Deum</span> 
     </span>
     <span class='ocr_line' id='line_1_84' title="bbox 740 2564 1274 2632; baseline 0.006 -18"><span class='ocrx_word' id='word_1_424' title='bbox 740 2573 874 2632; x_wconf 84' lang='lat' dir='ltr'>rogantes,</span> <span class='ocrx_word' id='word_1_425' title='bbox 891 2579 967 2626; x_wconf 80' lang='lat' dir='ltr'>unus,</span> <span class='ocrx_word' id='word_1_426' title='bbox 985 2564 1087 2615; x_wconf 88' lang='lat' dir='ltr'>scilicet</span> <span class='ocrx_word' id='word_1_427' title='bbox 1102 2564 1212 2629; x_wconf 80' lang='lat' dir='ltr'>bonus;</span> <span class='ocrx_word' id='word_1_428' title='bbox 1226 2579 1274 2617; x_wconf 84' lang='lat' dir='ltr'>as·</span> 
     </span>
     <span class='ocr_line' id='line_1_85' title="bbox 740 2638 1275 2703; baseline 0 -14"><span class='ocrx_word' id='word_1_429' title='bbox 740 2644 858 2689; x_wconf 89' lang='lat' dir='ltr'>sumetur</span> <span class='ocrx_word' id='word_1_430' title='bbox 877 2638 909 2687; x_wconf 86' lang='lat' dir='ltr'>ad</span> <span class='ocrx_word' id='word_1_431' title='bbox 930 2639 1061 2703; x_wconf 78' lang='lat' dir='ltr'>salutem3</span> <span class='ocrx_word' id='word_1_432' title='bbox 1075 2638 1160 2700; x_wconf 85' lang='lat' dir='ltr'>alter,</span> <span class='ocrx_word' id='word_1_433' title='bbox 1174 2638 1275 2691; x_wconf 87' lang='lat' dir='ltr'>scilicet</span> 
     </span>
     <span class='ocr_line' id='line_1_86' title="bbox 739 2709 1273 2775; baseline 0 -15"><span class='ocrx_word' id='word_1_434' title='bbox 739 2710 836 2769; x_wconf 83' lang='lat' dir='ltr'>malus,</span> <span class='ocrx_word' id='word_1_435' title='bbox 860 2709 1029 2775; x_wconf 89' lang='lat' dir='ltr'>relinquetur</span> <span class='ocrx_word' id='word_1_436' title='bbox 1055 2710 1089 2759; x_wconf 90' lang='lat' dir='ltr'>ad</span> <span class='ocrx_word' id='word_1_437' title='bbox 1119 2709 1273 2761; x_wconf 89' lang='lat' dir='ltr'>damnatio·</span> 
     </span>
     <span class='ocr_line' id='line_1_87' title="bbox 739 2779 1277 2847; baseline 0 -16"><span class='ocrx_word' id='word_1_438' title='bbox 739 2796 811 2832; x_wconf 91' lang='lat' dir='ltr'>nem.</span> <span class='ocrx_word' id='word_1_439' title='bbox 831 2780 861 2831; x_wconf 90' lang='lat' dir='ltr'>ln</span> <span class='ocrx_word' id='word_1_440' title='bbox 872 2780 994 2847; x_wconf 86' lang='lat' dir='ltr'>quolibet</span> <span class='ocrx_word' id='word_1_441' title='bbox 1010 2795 1075 2847; x_wconf 90' lang='lat' dir='ltr'>ergo</span> <span class='ocrx_word' id='word_1_442' title='bbox 1092 2779 1209 2832; x_wconf 89' lang='lat' dir='ltr'>istorum</span> <span class='ocrx_word' id='word_1_443' title='bbox 1222 2791 1277 2833; x_wconf 82' lang='lat' dir='ltr'>sta-</span> 
     </span>
     <span class='ocr_line' id='line_1_88' title="bbox 738 2853 1277 2919; baseline 0 -13"><span class='ocrx_word' id='word_1_444' title='bbox 738 2865 815 2906; x_wconf 91' lang='lat' dir='ltr'>tuum</span> <span class='ocrx_word' id='word_1_445' title='bbox 826 2854 975 2905; x_wconf 88' lang='lat' dir='ltr'>ostenditur</span> <span class='ocrx_word' id='word_1_446' title='bbox 984 2853 1093 2919; x_wconf 86' lang='lat' dir='ltr'>aliquos</span> <span class='ocrx_word' id='word_1_447' title='bbox 1104 2869 1164 2906; x_wconf 88' lang='lat' dir='ltr'>esse</span> <span class='ocrx_word' id='word_1_448' title='bbox 1173 2855 1277 2915; x_wconf 86' lang='lat' dir='ltr'>electos,</span> 
     </span>
     <span class='ocr_line' id='line_1_89' title="bbox 739 2925 1277 2995; baseline -0.002 -17"><span class='ocrx_word' id='word_1_449' title='bbox 739 2935 766 2978; x_wconf 87' lang='lat' dir='ltr'>et</span> <span class='ocrx_word' id='word_1_450' title='bbox 790 2925 896 2993; x_wconf 87' lang='lat' dir='ltr'>aliquos</span> <span class='ocrx_word' id='word_1_451' title='bbox 918 2926 1066 2992; x_wconf 79' lang='lat' dir='ltr'>reprobos3</span> <span class='ocrx_word' id='word_1_452' title='bbox 1103 2926 1132 2977; x_wconf 92' lang='lat' dir='ltr'>in</span> <span class='ocrx_word' id='word_1_453' title='bbox 1159 2927 1277 2995; x_wconf 86' lang='lat' dir='ltr'>quolibet</span> 
     </span>
     <span class='ocr_line' id='line_1_90' title="bbox 740 2996 1277 3063; baseline -0.004 -14"><span class='ocrx_word' id='word_1_454' title='bbox 740 2997 814 3049; x_wconf 90' lang='lat' dir='ltr'>enim</span> <span class='ocrx_word' id='word_1_455' title='bbox 830 3006 894 3047; x_wconf 91' lang='lat' dir='ltr'>sunt</span> <span class='ocrx_word' id='word_1_456' title='bbox 908 2996 973 3047; x_wconf 90' lang='lat' dir='ltr'>boni</span> <span class='ocrx_word' id='word_1_457' title='bbox 997 3006 1023 3047; x_wconf 88' lang='lat' dir='ltr'>et</span> <span class='ocrx_word' id='word_1_458' title='bbox 1039 2996 1115 3048; x_wconf 89' lang='lat' dir='ltr'>mali.</span> <span class='ocrx_word' id='word_1_459' title='bbox 1139 2998 1224 3063; x_wconf 84' lang='lat' dir='ltr'>Quia,</span> <span class='ocrx_word' id='word_1_460' title='bbox 1241 3011 1277 3048; x_wconf 86' lang='lat' dir='ltr'>se·</span> 
     </span>
     <span class='ocr_line' id='line_1_91' title="bbox 740 3067 1275 3133; baseline -0.004 -14"><span class='ocrx_word' id='word_1_461' title='bbox 740 3069 860 3119; x_wconf 90' lang='lat' dir='ltr'>cundum</span> <span class='ocrx_word' id='word_1_462' title='bbox 874 3067 1066 3133; x_wconf 79' lang='lat' dir='ltr'>Augustiuum,</span> <span class='ocrx_word' id='word_1_463' title='bbox 1080 3067 1110 3117; x_wconf 88' lang='lat' dir='ltr'>in</span> <span class='ocrx_word' id='word_1_464' title='bbox 1123 3067 1203 3119; x_wconf 89' lang='lat' dir='ltr'>omni</span> <span class='ocrx_word' id='word_1_465' title='bbox 1215 3083 1275 3120; x_wconf 87' lang='lat' dir='ltr'>con-</span> 
     </span>
     <span class='ocr_line' id='line_1_92' title="bbox 740 3137 1276 3204; baseline -0.004 -15"><span class='ocrx_word' id='word_1_466' title='bbox 740 3137 858 3198; x_wconf 87' lang='lat' dir='ltr'>ditione,</span> <span class='ocrx_word' id='word_1_467' title='bbox 889 3147 916 3188; x_wconf 92' lang='lat' dir='ltr'>et</span> <span class='ocrx_word' id='word_1_468' title='bbox 941 3137 1026 3203; x_wconf 86' lang='lat' dir='ltr'>gradu</span> <span class='ocrx_word' id='word_1_469' title='bbox 1052 3137 1169 3204; x_wconf 88' lang='lat' dir='ltr'>optimis</span> <span class='ocrx_word' id='word_1_470' title='bbox 1198 3137 1276 3189; x_wconf 85' lang='lat' dir='ltr'>mixta</span> 
     </span>
     <span class='ocr_line' id='line_1_93' title="bbox 742 3207 1277 3275; baseline -0.009 -14"><span class='ocrx_word' id='word_1_471' title='bbox 742 3219 807 3261; x_wconf 90' lang='lat' dir='ltr'>sunt</span> <span class='ocrx_word' id='word_1_472' title='bbox 830 3207 956 3275; x_wconf 85' lang='lat' dir='ltr'>pessima.</span> <span class='ocrx_word' id='word_1_473' title='bbox 980 3208 1013 3258; x_wconf 88' lang='lat' dir='ltr'>Et</span> <span class='ocrx_word' id='word_1_474' title='bbox 1035 3209 1083 3274; x_wconf 93' lang='lat' dir='ltr'>qui</span> <span class='ocrx_word' id='word_1_475' title='bbox 1097 3209 1165 3260; x_wconf 88' lang='lat' dir='ltr'>boni</span> <span class='ocrx_word' id='word_1_476' title='bbox 1181 3207 1277 3261; x_wconf 86' lang='lat' dir='ltr'>fuerint</span> 
     </span>
     <span class='ocr_line' id='line_1_94' title="bbox 741 3275 1275 3344; baseline -0.011 -12"><span class='ocrx_word' id='word_1_477' title='bbox 741 3288 914 3332; x_wconf 88' lang='lat' dir='ltr'>assumentur</span> <span class='ocrx_word' id='word_1_478' title='bbox 938 3278 971 3329; x_wconf 92' lang='lat' dir='ltr'>ad</span> <span class='ocrx_word' id='word_1_479' title='bbox 993 3278 1092 3344; x_wconf 88' lang='lat' dir='ltr'>gaudia</span> <span class='ocrx_word' id='word_1_480' title='bbox 1109 3289 1212 3331; x_wconf 79' lang='lat' dir='ltr'>aeterna</span> <span class='ocrx_word' id='word_1_481' title='bbox 1231 3275 1275 3329; x_wconf 89' lang='lat' dir='ltr'>ubi</span> 
     </span>
     <span class='ocr_line' id='line_1_95' title="bbox 742 3351 1276 3418; baseline -0.009 -14"><span class='ocrx_word' id='word_1_482' title='bbox 742 3362 769 3404; x_wconf 93' lang='lat' dir='ltr'>et</span> <span class='ocrx_word' id='word_1_483' title='bbox 780 3352 916 3410; x_wconf 83' lang='lat' dir='ltr'>Christus,</span> <span class='ocrx_word' id='word_1_484' title='bbox 933 3351 997 3418; x_wconf 89' lang='lat' dir='ltr'>quia</span> <span class='ocrx_word' id='word_1_485' title='bbox 1009 3351 1054 3402; x_wconf 85' lang='lat' dir='ltr'>ubi</span> <span class='ocrx_word' id='word_1_486' title='bbox 1066 3352 1161 3417; x_wconf 88' lang='lat' dir='ltr'>suerit</span> <span class='ocrx_word' id='word_1_487' title='bbox 1172 3361 1276 3417; x_wconf 62' lang='lat' dir='ltr'>eamus,</span> 
     </span>
     <span class='ocr_line' id='line_1_96' title="bbox 742 3421 1274 3490; baseline -0.006 -14"><span class='ocrx_word' id='word_1_488' title='bbox 742 3426 769 3476; x_wconf 91' lang='lat' dir='ltr'>id</span> <span class='ocrx_word' id='word_1_489' title='bbox 782 3435 822 3477; x_wconf 91' lang='lat' dir='ltr'>est</span> <span class='ocrx_word' id='word_1_490' title='bbox 834 3425 970 3477; x_wconf 89' lang='lat' dir='ltr'>Dominus</span> <span class='ocrx_word' id='word_1_491' title='bbox 984 3423 1012 3473; x_wconf 93' lang='lat' dir='ltr'>in</span> <span class='ocrx_word' id='word_1_492' title='bbox 1029 3439 1153 3490; x_wconf 90' lang='lat' dir='ltr'>corpore,</span> <span class='ocrx_word' id='word_1_493' title='bbox 1178 3421 1274 3474; x_wconf 84' lang='lat' dir='ltr'>scilicet</span> 
     </span>
     <span class='ocr_line' id='line_1_97' title="bbox 742 3494 1274 3563; baseline -0.004 -16"><span class='ocrx_word' id='word_1_494' title='bbox 742 3496 876 3556; x_wconf 87' lang='lat' dir='ltr'>Christus,</span> <span class='ocrx_word' id='word_1_495' title='bbox 893 3494 941 3561; x_wconf 91' lang='lat' dir='ltr'>qui</span> <span class='ocrx_word' id='word_1_496' title='bbox 962 3506 1003 3546; x_wconf 89' lang='lat' dir='ltr'>est</span> <span class='ocrx_word' id='word_1_497' title='bbox 1023 3495 1109 3546; x_wconf 89' lang='lat' dir='ltr'>homo</span> <span class='ocrx_word' id='word_1_498' title='bbox 1123 3505 1274 3563; x_wconf 78' lang='lat' dir='ltr'>corporeus,</span> 
     </span>
     <span class='ocr_line' id='line_1_98' title="bbox 743 3568 1275 3636; baseline -0.006 -15"><span class='ocrx_word' id='word_1_499' title='bbox 743 3578 769 3622; x_wconf 92' lang='lat' dir='ltr'>et</span> <span class='ocrx_word' id='word_1_500' title='bbox 783 3568 945 3636; x_wconf 86' lang='lat' dir='ltr'>aquilarum,</span> <span class='ocrx_word' id='word_1_501' title='bbox 958 3568 1039 3619; x_wconf 88' lang='lat' dir='ltr'>idest</span> <span class='ocrx_word' id='word_1_502' title='bbox 1051 3568 1209 3620; x_wconf 87' lang='lat' dir='ltr'>animarum</span> <span class='ocrx_word' id='word_1_503' title='bbox 1222 3580 1275 3618; x_wconf 87' lang='lat' dir='ltr'>san·</span> 
     </span>
     <span class='ocr_line' id='line_1_99' title="bbox 743 3639 1273 3708; baseline -0.011 -15"><span class='ocrx_word' id='word_1_504' title='bbox 743 3651 846 3693; x_wconf 84' lang='lat' dir='ltr'>ctarum</span> <span class='ocrx_word' id='word_1_505' title='bbox 868 3640 965 3708; x_wconf 81' lang='lat' dir='ltr'>praeda,</span> <span class='ocrx_word' id='word_1_506' title='bbox 981 3639 1019 3690; x_wconf 82' lang='lat' dir='ltr'>ibi</span> <span class='ocrx_word' id='word_1_507' title='bbox 1036 3640 1273 3708; x_wconf 76' lang='lat' dir='ltr'>congregabantur</span> 
     </span>
     <span class='ocr_line' id='line_1_100' title="bbox 743 3711 1315 3779; baseline -0.01 -14"><span class='ocrx_word' id='word_1_508' title='bbox 743 3718 770 3765; x_wconf 88' lang='lat' dir='ltr'>et</span> <span class='ocrx_word' id='word_1_509' title='bbox 796 3713 905 3779; x_wconf 82' lang='lat' dir='ltr'>aquilae,</span> <span class='ocrx_word' id='word_1_510' title='bbox 930 3711 1083 3778; x_wconf 87' lang='lat' dir='ltr'>spirituales</span> <span class='ocrx_word' id='word_1_511' title='bbox 1107 3711 1272 3778; x_wconf 81' lang='lat' dir='ltr'>incorpore.</span> <span class='ocrx_word' id='word_1_512' title='bbox 1310 3732 1315 3759; x_wconf 87' lang='lat'>.-</span> 
     </span>
    </p>
   </div>
   <div class='ocr_carea' id='block_1_5' title="bbox 744 3781 1272 3923">
    <p class='ocr_par' dir='ltr' id='par_1_6' title="bbox 744 3781 1272 3923">
     <span class='ocr_line' id='line_1_101' title="bbox 744 3781 1272 3853; baseline -0.004 -18"><span class='ocrx_word' id='word_1_513' title='bbox 744 3784 846 3836; x_wconf 87' lang='lat' dir='ltr'>seilicet</span> <span class='ocrx_word' id='word_1_514' title='bbox 864 3783 953 3836; x_wconf 85' lang='lat' dir='ltr'>Sancti</span> <span class='ocrx_word' id='word_1_515' title='bbox 976 3793 1002 3834; x_wconf 88' lang='lat' dir='ltr'>et</span> <span class='ocrx_word' id='word_1_516' title='bbox 1025 3782 1123 3846; x_wconf 87' lang='lat' dir='ltr'>electi,</span> <span class='ocrx_word' id='word_1_517' title='bbox 1152 3783 1201 3853; x_wconf 90' lang='lat' dir='ltr'>qui</span> <span class='ocrx_word' id='word_1_518' title='bbox 1224 3781 1272 3849; x_wconf 71' lang='lat' dir='ltr'>eiua</span> 
     </span>
     <span class='ocr_line' id='line_1_102' title="bbox 747 3852 1271 3923; baseline -0.008 -14"><span class='ocrx_word' id='word_1_519' title='bbox 747 3854 901 3909; x_wconf 84' lang='lat' dir='ltr'>Passionem</span> <span class='ocrx_word' id='word_1_520' title='bbox 915 3853 1158 3923; x_wconf 86' lang='lat' dir='ltr'>humilitatemque</span> <span class='ocrx_word' id='word_1_521' title='bbox 1174 3852 1271 3908; x_wconf 81' lang='lat' dir='ltr'>iniur-</span> 
     </span>
    </p>
   </div>
   <div class='ocr_carea' id='block_1_6' title="bbox 0 0 1324 4320">
    <p class='ocr_par' dir='ltr' id='par_1_7' title="bbox 0 0 1324 4320">
     <span class='ocr_line' id='line_1_103' title="bbox 0 0 1324 4320; baseline 0 0"><span class='ocrx_word' id='word_1_522' title='bbox 0 0 1324 4320; x_wconf 95' lang='lat' dir='ltr'> </span> 
     </span>
    </p>
   </div>
  </div>
 </body>
</html>
