2632 4320
362 284 409 334 DE
426 283 556 334 LUMBIS
572 283 799 347 PRAECINCTIS,
817 288 895 340 ETC.

62 397 217 464 ignorantia
235 407 420 462 peccaverunt;
441 407 532 463 postea
550 412 597 448 eo·

61 484 125 520 rum
158 467 205 535 qui
236 483 267 517 ex
297 468 471 530 infirmitate,
507 480 596 519 tamen

61 538 192 601 scienter;
213 547 304 604 postea
315 554 408 588 eorum
421 539 466 606 qui
479 555 510 589 ex
522 539 597 590 mali·

61 609 109 659 tia.
126 628 141 656 n
160 608 196 658 Et
221 618 283 658 nota
308 610 380 674 quod
405 609 466 659 licet
490 608 596 675 gravius

61 682 98 734 sit
119 697 226 749 peccare
248 698 280 732 ex
296 693 366 734 certa
388 683 507 743 scientia,
522 683 595 748 peri-

60 755 181 806 culosius
192 765 283 805 tamen
295 765 335 805 est
350 771 458 821 peccare
472 770 504 805 ex
516 755 595 821 igno-

60 826 157 877 rantia.

94 897 111 948 6
130 899 199 949 Pius
214 914 358 956 ounnrrun
372 915 405 948 nn
421 915 454 948 no
469 915 515 958 Qur
529 915 595 949 nnus

60 985 182 1020 nccarrr.
204 998 234 1007 -
258 969 361 1019 Deinde
384 970 471 1020 reddit
488 986 595 1021 causam

61 1041 115 1106 jam
142 1041 287 1105 dictorum,
315 1041 379 1107 quia
403 1043 436 1092 ab
463 1043 534 1093 omni
552 1043 596 1094 cui

59 1113 123 1179 plus
146 1114 237 1164 datum
261 1119 309 1175 est,
334 1122 359 1163 et
375 1114 416 1163 cui
439 1116 500 1180 plus
521 1130 596 1164 com-

63 1183 182 1234 mittitur
197 1184 230 1234 de
243 1184 344 1249 gratiis,
357 1184 422 1250 plus
436 1185 556 1250 exigetur
570 1194 596 1235 et

61 1262 198 1322 quaerelur
217 1257 296 1307 abeo
316 1275 324 1308 .·
343 1256 372 1305 in
391 1256 443 1306 hoc
466 1266 594 1323 tempore,

60 1336 167 1377 utnon
189 1327 278 1376 solum
300 1326 362 1387 sibi,
383 1327 428 1376 sed
442 1325 521 1376 etiam
535 1327 595 1377 aliis

60 1399 189 1465 proficere
205 1408 331 1461 conetur,
353 1408 379 1448 et
399 1397 427 1448 in
444 1398 487 1449 die
503 1398 593 1463 judicii

59 1469 171 1535 quando
190 1469 223 1519 de
239 1469 368 1519 omnibus
386 1468 539 1519 commissis
552 1485 594 1519 ra-

58 1541 98 1592 tio
123 1541 253 1607 exigetur.
274 1541 379 1600 Quanto
406 1540 478 1590 enim
499 1541 594 1591 Domi-

58 1630 112 1666 nus
136 1614 214 1681 plura
231 1616 317 1673 dona,
341 1624 367 1664 et
393 1614 463 1664 bona
486 1614 592 1664 homini

57 1685 181 1748 confert3
212 1694 286 1734 tanto
314 1685 420 1750 magis,
446 1693 472 1735 et
494 1685 593 1749 majore

58 1763 215 1821 contemptu
234 1753 383 1805 Dominum
407 1755 517 1804 offendit
531 1770 592 1805 curn

57 1837 167 1894 peccat,
196 1837 221 1877 et
251 1827 311 1877 ideo
337 1827 424 1892 magis
449 1827 590 1893 punietur,

57 1897 124 1964 quin
143 1899 295 1948 :Potentes
316 1903 440 1963 potenter
462 1904 592 1949 tormenta

54 1971 195 2035 patientur
201 1987 212 2033 ,·
231 1980 256 2020 et
275 1987 282 2021 :
306 1969 477 2021 Fortioribus
486 1970 593 2035 sortior

58 2041 143 2092 instat
172 2040 312 2092 cruciatio.
341 2041 376 2090 Et
402 2056 465 2106 ergo
495 2040 592 2090 merito

56 2127 220 2179 cognoscens
234 2113 303 2178 plus,
318 2122 344 2163 et
359 2128 414 2162 non
428 2128 592 2178 cognoscens

57 2184 152 2235 minus
167 2182 312 2250 vapulabit,
327 2183 392 2250 quia
409 2183 454 2234 isti
467 2184 536 2249 plus,
551 2185 591 2234 illi

58 2254 152 2306 minus
166 2265 207 2305 est
227 2254 403 2305 commissum
424 2271 431 2305 ι
454 2254 505 2304 hoc
528 2269 591 2320 spe-

56 2329 158 2387 cialiter
179 2339 266 2396 potest
283 2329 397 2395 intelligi
413 2330 445 2379 de
466 2329 509 2379 his
530 2345 590 2395 quae

56 2400 118 2452 data
132 2410 197 2451 sunt
210 2400 327 2466 praelatis
341 2400 374 2450 ad
387 2399 506 2465 regimen
521 2400 590 2450 alio-

1134 291 1185 360 349

650 415 725 460 rum,
751 401 791 451 vel
818 403 978 468 generaliter
998 404 1031 453 de
1057 404 1100 455 his
1122 422 1183 472 quae

650 469 710 520 data
741 481 804 521 sunt
833 472 979 538 unicuique
1005 475 1037 524 ad
1063 476 1184 541 regimen

650 540 788 606 proprium
795 557 803 604 ;
824 552 850 592 et
871 543 921 594 hoc
953 544 1008 594 sive
1033 545 1089 594 sint
1110 546 1181 597 bona

650 621 758 672 naturae,
778 613 833 664 sive
857 614 981 677 sortunae,
1005 617 1061 666 sive
1080 618 1180 683 gratiae.

650 685 728 736 Unde
743 686 819 736 Beda
836 704 844 736 :
860 688 1004 737 «Multum
1024 702 1093 753 saepe
1107 689 1185 739 datur

649 755 729 805 etiarn
748 756 910 822 quibusdam
934 757 1057 822 privatis,
1079 758 1181 823 quibus

649 826 729 876 etiam
750 828 867 894 cognitio
888 828 1035 879 Dominicae
1052 830 1181 881 volunta-

649 897 692 959 tis,
713 907 738 948 et
759 899 921 964 exsequendi
944 915 1005 966 quae
1019 913 1183 967 cognoscunt

648 966 760 1019 facultas
779 969 940 1034 impeditur3
957 970 1076 1020 multum
1089 981 1179 1022 autem

648 1039 849 1089 commendatur
869 1039 908 1089 illi
933 1039 975 1090 cui
996 1057 1057 1090 cum
1073 1056 1181 1093 suasa·
1254 1081 1258 1087 .

648 1110 704 1160 lute
730 1111 867 1162 Dominici
894 1128 1002 1178 quoque
1020 1113 1108 1179 gregis
1131 1130 1181 1180 pa-

648 1181 736 1232 scendi
749 1197 810 1231 cura
825 1182 1012 1244 committitur,
1028 1183 1123 1248 majori
1136 1200 1180 1234 er-

648 1266 681 1316 go
705 1251 788 1317 gratia
810 1253 936 1311 donatos,
963 1253 986 1302 si
1009 1253 1179 1319 deliquerint,

648 1322 734 1387 major
752 1322 868 1373 vindicta
885 1334 1048 1389 sequetur.»
1064 1325 1141 1375 Unde
1154 1336 1181 1376 et

648 1394 859 1459 chrysostomus
885 1413 893 1445 :
918 1412 931 1441 «
961 1395 1068 1454 Quanto
1105 1396 1178 1447 enim

647 1468 733 1532 majus
757 1467 855 1533 aliquis
879 1467 1038 1519 beneficium
1065 1469 1179 1535 accipit,

647 1550 721 1591 tanto
749 1541 835 1606 magis
864 1550 904 1591 est
932 1541 1067 1593 obnoxius
1090 1559 1177 1608 poenae

646 1612 767 1678 ingratus
781 1611 909 1673 existens,
929 1623 955 1662 et
970 1629 1058 1679 neque
1075 1613 1178 1666 honore

646 1683 743 1733 melior
758 1684 881 1745 effectus3
902 1692 1010 1748 propter
1023 1683 1074 1733 hoc
1085 1684 1180 1752 utique

646 1766 672 1807 et
691 1756 787 1807 divites
815 1757 979 1822 pauperibus
1008 1757 1095 1822 magis
1126 1773 1179 1822 pu-

646 1827 768 1888 niuntur,
789 1827 853 1876 mali
874 1826 1027 1887 existentes,
1046 1827 1177 1892 quoniam

647 1913 734 1965 neque
749 1899 777 1948 in
792 1897 949 1963 copiositate
959 1897 1019 1948 facti
1030 1909 1095 1948 sunt
1106 1914 1179 1949 man·

646 1970 713 2021 sueti
726 1987 733 2021 :
745 1989 759 2018 »
773 1971 829 2020 haec
841 1970 1060 2037 Chrysostomus.
1075 1971 1108 2020 Et
1124 1986 1178 2021 non

644 2051 750 2094 tantum
775 2043 917 2111 reddemus
941 2042 1072 2092 rationem
1086 2043 1119 2093 de
1133 2042 1178 2092 his

645 2131 706 2182 quae
727 2116 887 2181 accepimus,
913 2115 959 2165 sed
982 2114 1062 2164 etiam
1081 2115 1115 2165 de
1134 2115 1178 2165 his

645 2202 704 2253 quae
722 2185 839 2251 accipere
857 2184 1004 2252 potuimus,
1025 2185 1047 2235 si
1069 2201 1115 2252 per
1128 2202 1178 2237 nos

645 2273 700 2308 non
718 2257 843 2316 stetisset,
860 2257 932 2322 quod
952 2256 1133 2321 intelligentes
1153 2265 1179 2307 et

644 2330 749 2382 desides
768 2329 844 2381 valde
866 2338 963 2379 terrere
985 2329 1099 2379 deberet.

552 2618 687 2671 ORATIO

88 2789 206 2841 Domine
219 2791 281 2841 lesu
303 2789 419 2851 Christe,
439 2790 486 2857 qui
509 2789 610 2856 jussisti
634 2800 660 2840 et
683 2789 792 2841 lumbos
816 2788 983 2855 restringere,
1006 2797 1032 2838 et
1055 2784 1177 2839 lucernas

57 2862 182 2913 ardentes
193 2870 293 2923 tenere,
308 2870 338 2911 tu
351 2861 409 2926 ipse
423 2861 531 2912 lumbos
545 2870 651 2911 nostros
666 2860 806 2927 praecinge,
820 2869 851 2909 ut
866 2861 939 2909 nulla
955 2858 1032 2908 nobis
1047 2857 1174 2910 domine·

56 2942 101 2984 tur
115 2930 257 2996 iniquitas,
281 2942 308 2981 et
332 2931 365 2980 ad
386 2932 491 2982 nullum
517 2930 687 2997 declinemus,
702 2939 855 2997 peccatum;
882 2931 1003 2979 lucernas
1027 2937 1133 2980 nostras
1146 2938 1176 2980 tu

56 3002 116 3070 ipse
139 3000 183 3052 fac
201 3002 302 3063 ardere,
328 3002 504 3068 ardentesque
520 3002 639 3063 custodi,
659 3011 690 3052 ut
711 3017 766 3052 non
790 3000 943 3066 refrigescat
961 3010 1053 3051 nostra
1071 2999 1176 3065 caritas,

56 3077 104 3128 sed
120 3090 229 3140 semper
244 3075 277 3124 ad
300 3084 374 3125 tuam
394 3076 524 3140 justitiam
539 3075 688 3126 faciendam
703 3074 794 3125 omnis
810 3083 901 3123 nostra
916 3073 1052 3140 cogitatio,
1066 3074 1176 3139 locutio,

55 3158 81 3198 et
95 3145 217 3213 operatio
238 3145 378 3212 dirigatur.
404 3147 455 3196 Fac
480 3161 533 3210 me,
555 3145 680 3207 Domine,
704 3145 847 3211 vigilanter
859 3154 886 3194 et
900 3145 1014 3195 sollicite
1030 3146 1175 3196 adventum

55 3228 136 3270 tuum
152 3227 314 3284 exspectare,
335 3228 366 3268 ut
387 3218 465 3269 laetus
479 3228 506 3270 te
519 3218 668 3285 suscipiens
683 3217 714 3268 ad
734 3215 831 3283 gaudia
845 3226 943 3268 aeterna
956 3217 1068 3278 valeam,
1082 3226 1107 3268 te
1121 3216 1176 3269 mi-

55 3300 173 3357 serante,
187 3290 335 3359 pervenire.
352 3291 448 3341 Amen.
