2632 4320
157 279 206 329 302
440 270 614 322 SECUNDAE
630 266 755 317 PARTIS
771 264 888 319 CAPUT
901 265 958 315 XL.

153 405 179 445 et
195 403 333 444 ostentans
347 404 375 440 se
399 395 523 453 tanquam
546 387 582 438 sit
601 386 684 436 Deus.

154 468 183 515 ln
196 467 255 514 loco
269 462 342 513 enirn
362 458 580 510 sanctificationis
595 455 685 517 stabit,

153 547 183 586 ut
203 535 250 584 ubi
274 535 434 583 Sanctorum
465 529 589 595 precibus
614 526 687 575 Deus

153 605 334 665 invocabatur,
356 602 394 651 ibi
418 602 451 650 ab
471 599 625 648 infidelibus
644 612 687 646 re-

152 686 254 741 ceptus,
274 674 325 724 Dei
346 673 448 722 honore
469 668 628 720 venerabilis
644 667 687 716 di-

152 762 223 813 gnus
243 745 374 795 videatur.
400 743 483 808 Cujus
507 740 611 806 species
633 740 702 803 jam·

154 817 288 883 praecedit,
303 816 368 882 quia
382 815 442 882 jam
457 811 616 879 mysterium
635 809 688 860 ini-

153 887 266 953 quitatis
279 892 406 952 operatur
423 885 450 933 in
472 881 602 932 membris
620 879 686 930 suis.

155 959 300 1018 Moraliter,
318 960 442 1025 praelatus
464 955 551 1005 malus
571 963 611 1003 est
628 953 688 1002 ido-

153 1032 211 1081 lum
229 1027 447 1086 abominationis,
463 1037 489 1076 et
502 1023 686 1083 desolationis,

153 1106 226 1155 unde
242 1105 271 1154 in
283 1102 409 1153 Zacharia
423 1118 429 1151 ε
447 1101 470 1150 0
478 1106 575 1164 pastor
589 1105 614 1149 et
628 1097 688 1148 ido-

155 1178 217 1239 lum,
233 1177 417 1240 derelinquens
436 1172 564 1238 gregem!
584 1170 688 1220 Dicitur

152 1258 243 1298 autern
269 1245 446 1304 abominatio,
475 1252 583 1307 propter
610 1240 687 1290 insti-

153 1318 229 1367 dium
255 1325 376 1380 respectu
405 1314 473 1371 Dei,
496 1310 687 1361 abominabilis

153 1389 225 1438 enim
244 1398 283 1438 est
300 1388 355 1437 Deo
374 1403 380 1434 ι
403 1395 511 1450 propter
531 1383 686 1448 pravitatem

154 1461 250 1520 cordis,
271 1469 378 1524 propter
398 1458 563 1523 impietatem
587 1455 685 1520 operis,

154 1541 262 1596 propter
272 1530 459 1594 indignitatem
470 1526 623 1587 oblationis,
635 1542 687 1574 un-

153 1603 185 1650 de
205 1611 278 1651 totus
294 1611 333 1649 est
350 1599 557 1662 abominabilis;
573 1598 619 1646 sed
636 1596 688 1645 ad-

62 1720 65 1727 .
152 1674 234 1734 ditur,
250 1673 433 1733 desolationis
449 1681 557 1736 propter
575 1670 686 1734 dispen-

152 1739 685 1807 diumsivedamnumrespectuproximi,

151 1818 286 1867 desolatur
305 1815 377 1864 enirn
395 1814 526 1879 populum
548 1829 555 1862 :
576 1812 618 1861 vel
640 1827 687 1876 per

150 1887 344 1954 negligentiam
366 1885 462 1942 officii,
489 1884 532 1933 vel
556 1898 602 1947 per
625 1898 686 1932 cor-

151 1960 305 2024 ruptionem
322 1956 447 2021 exempli,
462 1956 503 2004 vel
519 1970 565 2019 per
580 1953 686 2003 subtra-

151 2030 268 2080 ctionem
297 2028 452 2092 temporalis
483 2025 606 2075 subsidii.
635 2026 685 2075 Sed

151 2106 206 2149 stat
223 2101 249 2149 in
272 2099 329 2148 loco
351 2103 452 2157 sancto,
477 2106 585 2160 propter
605 2111 686 2143 mon-

150 2181 236 2220 strum
253 2180 375 2234 respectu
390 2167 486 2229 officii,
510 2176 549 2216 est
563 2167 637 2215 enirn
651 2166 685 2215 fi-

151 2256 216 2307 gura
227 2239 398 2300 Antichristi,
411 2239 457 2304 qui
474 2237 575 2286 sedebit
587 2237 612 2285 iu
623 2243 686 2287 tem·

149 2313 194 2376 plo
218 2312 285 2372 Dei,
316 2321 341 2360 et
365 2311 424 2360 ideo
444 2312 497 2374 iam
525 2309 685 2359 Antichristi

151 2391 216 2432 sunt
234 2380 323 2431 multi.
348 2381 424 2430 Tunc
437 2379 483 2444 qui
497 2379 564 2444 legit
585 2379 685 2429 iutelli-

149 2459 209 2519 gat,
230 2452 355 2503 videlicet
379 2450 506 2500 Ecclesiae
528 2450 686 2500 destructio·

150 2538 223 2583 nem,
241 2522 343 2588 praelati
360 2520 572 2581 damnationem,
592 2521 684 2586 populi

148 2594 380 2660 periclitationem.
397 2592 449 2643 Ubi
465 2593 562 2642 Beda:
579 2610 593 2638 u
608 2592 685 2641 iuxta

148 2681 212 2716 vero
234 2679 329 2714 sensus
347 2663 509 2728 spirituales,
531 2678 592 2712 cum
614 2662 686 2712 vide-

149 2738 237 2788 rimus
258 2735 483 2786 abominationem
509 2735 684 2785 desolationis

149 2817 219 2858 stare
238 2806 285 2855 ubi
308 2821 364 2854 non
382 2805 469 2863 debet,
492 2804 543 2853 hoc
564 2815 605 2854 est
625 2806 684 2854 hae-

149 2895 221 2929 reses
241 2888 268 2928 et
292 2877 393 2943 flagitia
417 2892 527 2943 regnare
550 2877 684 2927 intereos

149 2950 196 3016 qui
211 2948 366 2999 coelestibus
378 2948 513 3013 mysteriis
524 2948 685 2998 videbantur

149 3035 207 3069 esse
223 3016 379 3077 consecrati,
394 3033 456 3066 curn
471 3028 613 3082 operantes
628 3017 684 3066 ini-

149 3090 290 3156 quitatem,
303 3089 444 3152 loquentes
457 3089 639 3148 mendacium,
649 3088 684 3139 vi-

149 3177 194 3211 ros
204 3159 367 3225 sanguinum
377 3168 403 3206 et
412 3159 531 3219 dolosos,
538 3175 608 3225 quos
617 3160 684 3209 abo-

149 3231 298 3281 minabitur
309 3228 443 3278 Dominus
456 3245 547 3293 pacem
562 3229 684 3279 fidelium

148 3305 256 3354 turbare
279 3301 514 3367 perpenderimus;
535 3312 600 3351 tunc
619 3303 684 3367 qui-

148 3389 257 3440 cunque
280 3373 309 3422 in
324 3372 425 3430 ludaea,
443 3371 494 3420 hoc
510 3382 551 3421 est
572 3371 599 3421 in
619 3387 684 3421 con·

148 3444 264 3495 sessione
275 3458 344 3494 verre
359 3441 419 3491 fidei
432 3441 611 3506 persistimus,
626 3459 684 3493 non

148 3517 263 3568 terrenis
283 3515 439 3580 intimisque
457 3515 562 3565 actibus
581 3516 684 3566 manci-

148 3588 215 3652 pari,
231 3588 277 3638 sed
290 3597 363 3637 tanto
378 3586 458 3636 altius
476 3585 608 3635 virtutum
625 3586 684 3635 cul-

148 3675 211 3709 men
221 3657 507 3716 debemusascendere
517 3669 618 3721 quanto
628 3658 685 3723 plu-

147 3746 191 3781 res
217 3732 305 3796 ampla
328 3739 355 3780 et
378 3728 529 3779 errabunda
554 3729 684 3779 vitiorum

147 3802 226 3868 sequi
241 3803 338 3853 itinera
345 3801 474 3865 ,videmus
485 3816 492 3850 :
503 3818 517 3847 n
528 3799 584 3849 haec
597 3801 683 3850 Beda.

180 3888 195 3922 a
219 3874 291 3924 Tnns
313 3887 461 3924 restauras
483 3887 593 3922 ararica
618 3888 684 3923 raas

722 421 728 444 ,
741 396 863 431 nonrnuu
879 394 977 430 srnrus
992 392 1148 428 uastantur.
1158 405 1189 414 -
1199 377 1276 428 Unde

740 461 936 516 consequenter
955 458 1057 511 monet,
1077 457 1108 497 ut
1132 455 1203 510 tunc,
1223 448 1276 497 sci-

740 523 802 572 licet
814 521 937 572 veniente
948 518 1126 579 Antichristo,
1136 520 1183 585 qui
1196 520 1222 569 in
1231 521 1278 568 Ju-

741 595 802 644 doea
816 600 886 655 sunt,
893 594 1019 659 fugiant,
1033 591 1097 657 quia
1113 591 1200 642 ludaei
1215 607 1276 640 eum

740 667 868 733 primitus
887 665 1045 730 suscipient,
1061 674 1087 714 et
1106 663 1144 713 ibi
1169 673 1278 730 propter

740 738 908 803 corporalem
923 734 1085 785 Antichristi
1106 734 1277 799 praesentiam

741 809 826 874 major
844 807 997 874 persecutio
1016 805 1080 868 orit;
1089 804 1222 870 fugiant,
1237 804 1276 854 in-

741 895 833 946 quam,
846 879 884 929 ad
897 883 1006 939 rnontes,
1023 876 1050 926 id
1063 888 1102 926 est
1116 878 1150 925 ad
1167 877 1227 925 loca
1240 890 1278 925 se·

740 966 821 1013 creta,
841 960 866 1000 et
886 951 1000 1008 deserta,
1021 948 1068 998 ubi
1089 948 1195 998 latitare
1211 963 1277 1014 pos-

740 1023 806 1074 sint.
830 1022 908 1072 Unde
933 1019 1063 1070 Hilarius
1085 1037 1094 1068 :
1120 1038 1133 1065 n
1157 1019 1277 1068 Judaeam

740 1093 827 1145 deseri
842 1103 934 1143 monet
953 1102 979 1142 et
995 1090 1126 1158 transfugi
1147 1091 1177 1140 in
1199 1107 1279 1140 mon-

740 1176 789 1226 tes,
804 1181 839 1215 ne
852 1164 1017 1215 admixtione
1032 1164 1117 1229 plebis
1130 1163 1205 1214 illius
1219 1178 1279 1230 qua

741 1238 875 1288 creditura
898 1246 939 1286 est
963 1234 1144 1298 Antichrism,
1169 1235 1212 1285 ris
1234 1244 1279 1284 aut

741 1312 864 1378 contagio
885 1310 1025 1371 afferatur;
1044 1315 1070 1359 et
1089 1309 1135 1374 qui
1159 1309 1185 1359 in
1211 1314 1279 1360 tecto

742 1396 813 1445 sunt,
829 1384 856 1433 id
875 1394 914 1433 est
928 1383 957 1433 in
974 1383 1120 1432 eminentia
1138 1381 1279 1446 perfectio-

741 1459 793 1522 nis,
809 1472 860 1508 noa
881 1457 1043 1507 descendant
1058 1455 1167 1519 aliquid
1186 1455 1281 1505 tollere

742 1532 775 1580 de
794 1531 871 1581 donno
890 1541 949 1591 sua,
971 1543 1018 1593 per
1038 1527 1214 1592 cupiditatem
1237 1541 1279 1576 re-

739 1618 802 1653 rum
816 1601 990 1660 secularium,
1004 1608 1113 1665 propter
1125 1615 1195 1665 quas
1210 1615 1279 1665 saepe

740 1673 820 1724 etiarn
833 1672 942 1738 perfecti
956 1671 1120 1736 dejiciuntur
1133 1671 1278 1720 aculmine

741 1746 929 1813 perfectionis,
959 1755 1080 1808 tempore
1104 1744 1276 1810 persecutio-

741 1820 784 1870 nis
797 1837 804 1869 :
817 1838 831 1865 n
843 1818 899 1869 haec
909 1818 1048 1867 Hilarius.
1061 1817 1100 1866 Et
1114 1817 1198 1882 quiin
1207 1831 1276 1883 agro

738 1900 820 1954 sunt,
847 1891 1000 1940 laborantes
1027 1903 1075 1954 pro
1103 1889 1194 1939 fructu
1220 1889 1275 1939 bo-

740 1979 838 2013 norum
860 1977 982 2027 operum,
1004 1970 1137 2025 quantum
1158 1961 1193 2010 ad
1212 1960 1276 2011 acti-

739 2050 796 2097 vos,
821 2047 872 2083 nou
896 2037 1066 2083 revertantur
1087 2032 1184 2083 tollere
1206 2032 1276 2083 tuni-

740 2117 799 2155 cam
820 2118 905 2164 suam,
929 2101 956 2151 id
976 2112 1015 2150 cst
1037 2117 1092 2150 non
1114 2102 1225 2152 redeant
1243 2102 1275 2151 ad

738 2175 932 2241 occupationes
957 2173 1039 2224 seculi
1060 2183 1203 2238 peccatum
1222 2173 1276 2223 im·

739 2252 878 2317 plicantes,
893 2263 954 2315 quae
969 2247 1161 2313 intelliguntur
1177 2263 1225 2314 per
1238 2258 1276 2297 tu-

739 2323 836 2371 nicam.
851 2320 893 2368 nd
909 2319 1026 2369 litteram
1046 2319 1104 2367 vult
1126 2319 1274 2373 ostendere.

738 2392 811 2458 quod
827 2400 937 2455 propter
950 2389 1107 2438 instantiam
1119 2388 1274 2439 tribulatio-

738 2480 805 2513 num
831 2461 1013 2511 etmalorum
1034 2459 1226 2524 praeentiam,
1247 2473 1275 2509 ac

737 2541 847 2600 propter
872 2529 1101 2595 exspectationem
1126 2529 1223 2594 judicii
1249 2540 1273 2579 et

737 2604 871 2653 malornm
896 2599 1068 2658 iumrorum,
1094 2614 1150 2649 non
1174 2598 1273 2650 vamba

737 2673 818 2724 alicui
835 2672 975 2721 intendere
988 2670 1107 2736 negotiis
1116 2669 1272 2736 temporali-

738 2745 806 2808 bus;
821 2743 867 2793 scd
879 2742 978 2792 melius
992 2751 1031 2790 est
1045 2741 1120 2806 epod
1133 2741 1219 2791 salvet
1228 2739 1271 2788 ui-

738 2826 794 2865 tam
807 2830 884 2864 stram
900 2829 982 2879 quana
1000 2828 1056 2863 rem
1073 2826 1237 2877 possessam,
1248 2821 1271 2860 et

737 2886 836 2952 cogitet
861 2885 999 2950 quomodo
1023 2892 1151 2933 occurrat
1176 2881 1272 2933 iudicis

738 2955 939 3021 conspectibus.
954 2952 1066 3020 Mystice
1081 2961 1175 3003 autem
1187 2948 1271 3002 distin

738 3027 785 3093 gui
802 3034 912 3092 possent
932 3040 980 3090 per
1000 3022 1126 3090 praedicta
1145 3022 1207 3082 tria,
1224 3031 1272 3071 tras

737 3107 824 3147 status
839 3095 994 3146 hominurn.
1005 3094 1057 3143 Per
1068 3108 1116 3142 eos
1130 3093 1179 3159 qui
1192 3093 1219 3142 is
1231 3091 1270 3142 Je-

737 3169 799 3219 daea
820 3173 891 3229 sunt,
906 3164 1020 3230 intelligi
1037 3174 1127 3229 potest
1142 3174 1226 3215 status
1238 3162 1270 3211 in·

736 3239 908 3305 cipientium,
926 3237 975 3303 qui
995 3246 1102 3287 tantum
1125 3235 1157 3286 in
1171 3232 1267 3287 conten

738 3311 816 3360 sione
827 3309 891 3360 fidei
907 3317 1029 3366 manent,
1042 3307 1194 3357 secundum
1208 3303 1268 3355 illud

737 3379 861 3446 Apostoli
876 3396 882 3428 :
899 3378 991 3428 Corde
1004 3376 1127 3497 crqut‘qr
1144 3373 1269 3442 adjusti-

737 3450 813 3500 tiam.
825 3450 875 3500 Per'
889 3448 951 3499 illas
959 3447 1006 3513 qui
1015 3447 1045 3496 in
1109 3461 1129 3497 o
1140 3456 1213 3503 sunt.
1221 3453 1268 3495 sta-

737 3533 781 3573 tus
805 3521 1021 3588 proficientium,
1041 3520 1089 3585 qui
1113 3520 1170 3585 jam
1195 3529 1268 3583 supra
1307 3529 1310 3544 ³

736 3608 855 3652 carnem,
867 3608 927 3658 quae
942 3601 982 3642 est
997 3591 1096 3655 domus
1107 3591 1267 3650 animuu-

737 3679 784 3730 pra
805 3662 947 3719 mundum,
968 3660 1015 3727 qui
1035 3670 1080 3711 est
1098 3661 1202 3711 minus
1220 3658 1267 3709 hu·

736 3733 856 3793 minum,
865 3747 946 3798 supra
956 3746 1055 3790 aerem,
1066 3730 1115 3796 qui
1125 3740 1168 3781 est
1178 3730 1268 3781 domn

735 3803 900 3865 daemonum,
915 3801 1106 3860 ascenderunt,
1126 3798 1266 3851 secuudum

738 3873 805 3925 illud
826 3871 977 3922 Psalmistae
1000 3887 1008 3921 ι
1036 3871 1077 3921 Et
1091 3871 1194 3936 factus
1216 3878 1266 3921 m:
