2632 4320
306 240 353 293 DE
368 242 481 294 SIGNIS
497 241 690 295 ADVENTUS
705 243 843 306 DOMINI,
861 244 939 296 ETC.

57 357 179 410 secundo
201 372 252 409 suo
277 357 410 421 adventu,
435 368 526 410 statim
547 373 593 410 re-

57 428 178 496 spondit,
193 429 240 480 sed
247 429 280 480 de
292 429 371 480 malis
385 431 486 498 quibus
500 430 592 483 statim

57 499 225 552 obviandum
237 509 301 551 erat.
316 519 330 548 a

90 570 160 623 3An
178 588 228 624 nos
252 588 462 626 nnauuuraunos
480 588 520 625 ars
541 589 593 624 aa·

55 661 176 698 arcuum·
187 647 328 698 Cnnrsrus.
343 675 374 684 -
388 647 539 698 Praemunit
554 662 593 697 er·

55 731 92 782 go
108 715 245 766 Dominus
254 716 355 778 fideles,
371 733 405 768 ne
419 717 591 779 seducantur,

55 787 85 838 id
102 797 144 838 est
160 803 312 839 seorsuma
327 789 437 840 veritate
454 788 516 840 fidei
538 789 592 840 du·

55 867 160 909 cantur.
178 859 257 910 Multi
272 859 345 910 enim
370 860 590 926 pseudo-christi,

55 936 85 980 et
97 928 358 996 pseudoprophetae,
372 930 451 981 idest
469 929 590 981 simulati

56 1008 85 1048 et
107 996 177 1060 falsi,
194 1000 305 1064 venient,
329 1000 513 1051 adscribentes
539 1000 591 1051 sibi

29 1121 33 1129 ,
56 1084 160 1121 nomen
181 1071 285 1124 Christi
311 1088 343 1127 ex
365 1073 591 1140 presumptione,

55 1146 85 1192 et
99 1141 218 1193 dicentes
232 1143 320 1210 :Ego
339 1158 398 1195 sum
412 1143 546 1206 Christus,
565 1148 591 1196 et

56 1212 184 1265 seducent
197 1212 303 1280 multbs,
322 1229 368 1280 per
379 1215 474 1265 falsam
489 1215 592 1266 doctri-

55 1299 131 1346 nam,
151 1301 199 1351 per
218 1285 371 1338 simulatam
386 1285 478 1347 vitam,
493 1301 540 1352 per
559 1286 593 1336 si-

55 1371 111 1422 gna
137 1356 280 1408 mirabilia.
307 1358 385 1408 Unde
422 1356 592 1408 Athanasius

56 1426 144 1478 dicit:
160 1446 174 1474 u
189 1428 220 1478 ln
239 1443 398 1494 unaquaque
415 1426 511 1479 haeresi
536 1427 592 1478 dia-

56 1497 140 1549 bolus
175 1498 305 1564 figuratus
331 1499 419 1551 dicit:
438 1499 503 1565 Ego
532 1513 591 1550 sum

58 1568 196 1632 Christus
213 1579 239 1621 et
255 1571 326 1637 apud
340 1585 385 1621 me
397 1579 437 1620 est
455 1570 562 1621 veritas.
579 1588 592 1617 n

57 1641 139 1692 Multi
151 1642 233 1692 etiam
244 1642 370 1694 videntur
387 1643 438 1693 hoc
454 1643 544 1694 dicere
558 1641 593 1694 fa-

55 1722 114 1778 cto;
127 1713 191 1780 quia
206 1723 302 1766 statuta
318 1730 367 1767 sua
388 1715 537 1766 districtius
551 1713 592 1766 fa·

54 1783 133 1834 ciunt
145 1784 280 1836 observari
295 1800 378 1852 quam
389 1795 520 1852 praccepta
532 1784 591 1845 Dei,

54 1856 176 1907 volentes
189 1856 275 1925 magis
293 1856 346 1907 sibi
363 1872 445 1922 quam
458 1857 513 1907 Deo
523 1856 592 1906 obe-

54 1925 118 1977 diri.
147 1927 199 1978 Sed
217 1942 273 1977 non
296 1937 336 1978 est
357 1936 487 1979 venturus
508 1926 592 1977 Chri-

55 2005 125 2056 stus,
147 1997 202 2048 nisi
229 1999 381 2063 praecedant
403 1997 480 2065 signa
502 1998 536 2048 ab
559 2013 591 2049 eo

55 2069 194 2137 praedicta.
217 2072 284 2132 Quae
309 2071 370 2122 ideo
397 2071 477 2123 nobis
493 2070 592 2123 Domi-

56 2157 109 2192 nus
137 2142 215 2194 Jesus
243 2143 416 2209 praenuntiat,
440 2153 471 2195 ut
488 2160 538 2195 nos
558 2144 593 2195 ab

55 2226 150 2264 amore
172 2213 269 2264 mundi
289 2224 450 2280 compescat,
466 2224 493 2265 et
507 2214 593 2265 timo·

56 2298 114 2336 rem
134 2283 363 2352 formidinemque
375 2286 455 2337 nobis
469 2285 591 2347 incutiat,

57 2370 87 2407 ac
101 2371 211 2423 semper
224 2357 366 2423 vigilantes
380 2368 407 2410 et
418 2369 524 2423 paratos
542 2374 593 2409 nos

59 2427 189 2489 inveniat,
201 2429 265 2495 quia
282 2431 369 2480 multo
384 2429 477 2480 minus
491 2429 593 2481 feriunt

57 2497 142 2562 jacula
155 2513 218 2565 quae
227 2508 289 2550 ante
300 2499 414 2565 praevisa
426 2509 499 2550 sunt.

87 2587 106 2637 4
121 2573 229 2622 Sarrana
246 2588 316 2622 uana
326 2588 470 2623 unvauruu
481 2573 594 2624 Cuarsrr

58 2656 239 2695 rancassurui.
252 2672 285 2682 -
299 2645 333 2694 Et
345 2643 486 2710 praemittit
497 2643 594 2694 Domi-

59 2731 110 2767 nus
124 2715 216 2782 primo
232 2715 261 2765 in
273 2715 390 2783 generali
401 2715 478 2782 signa
492 2715 593 2782 priora,

59 2786 162 2839 scilicet
179 2786 288 2852 praelia,
301 2796 434 2853 quantum
454 2787 486 2836 ad
502 2786 594 2837 hostes

58 2866 209 2914 extraneos.
232 2865 258 2908 et
282 2856 438 2917 seditiones,
459 2866 593 2923 quantum

58 2928 89 2979 ad
114 2927 289 2979 domesticos.
317 2927 421 2977 Deinde
454 2928 546 2979 subdit
563 2928 593 2979 in

58 2997 168 3066 speciali
187 3013 281 3049 eorum
297 2998 512 3060 multitudinem,
530 3007 593 3050 tan·

57 3084 123 3136 gena
137 3070 209 3120 mala
222 3078 335 3136 septem,
354 3084 416 3136 quae
439 3080 526 3120 sunt:
544 3069 594 3120 ini-

57 3140 170 3192 micitiae
195 3140 369 3206 populorum,
397 3139 461 3206 quia
478 3154 593 3192 consur·

10 3266 12 3273 ,
57 3219 104 3281 get
120 3226 193 3280 geas
212 3217 306 3264 contra
324 3218 445 3278 gentem
459 3211 594 3263 discordia

57 3282 225 3349 principum,
248 3283 313 3349 quia
330 3297 443 3348 reguum
460 3282 593 3333 aduersus

59 3367 192 3421 regnum
201 3352 349 3403 commotio
360 3354 481 3404 locorum
493 3367 545 3418 per
557 3352 593 3404 lo·

60 3438 108 3488 aa3
135 3420 299 3475 infectiones
323 3424 497 3485 morborum,
527 3424 593 3490 quia

55 3495 237 3564 pestilentiae3
266 3494 385 3547 defectus
418 3495 592 3560 victualium,

59 3566 125 3635 quia
139 3567 243 3634 sames3
275 3576 360 3618 terror
372 3566 521 3618 caelestium
537 3565 592 3616 im-

58 3638 244 3708 pressionum,
256 3638 321 3706 quia
335 3646 453 3691 terrores
465 3638 498 3689 de
511 3639 595 3703 caelo,-

59 3709 168 3762 novltas
196 3718 342 3760 eventuum
375 3709 594 3769 mundanorum,

59 3780 126 3848 quia
147 3779 232 3848 signa
248 3794 350 3847 magna
363 3785 449 3832 eruut.
470 3780 519 3830 Per
540 3779 596 3830 haec

58 3863 153 3907 autem
166 3861 270 3920 septem
289 3868 350 3920 quae
369 3853 414 3904 hic
439 3862 595 3920 tanguntur,

1130 261 1182 314 ²97

645 369 760 426 possunt
774 360 890 428 intelligi
903 369 1007 428 septem
1028 361 1109 422 mala,
1120 374 1182 428 quae

643 432 726 484 hodie
753 433 871 485 Ecclesia
898 435 946 486 Dei
969 434 1094 501 patitur:
1111 449 1182 501 quo·

645 517 707 554 rum
723 503 842 569 primum
855 514 896 555 est
909 505 1043 556 discordia
1055 504 1181 556 ecclesia-

645 589 722 637 rum,
737 575 897 635 secundum,
928 575 1095 643 impugnatio
1120 576 1181 626 hm-

645 645 804 709 reticorum;
843 646 973 707 tertium,
1012 646 1181 699 turbationes

645 716 822 779 secularium3
838 727 975 783 quartum,
990 718 1113 783 exempla
1128 733 1183 768 ma-

645 787 750 850 lorum;
782 786 928 854 quintum,
962 787 1082 838 defectus
1121 788 1180 838 Do-

645 867 766 922 ctorum;
804 869 934 920 sextum,
976 858 1182 910 fulminationes

646 928 851 992 sententiarum
865 929 1020 995 septimum,
1029 938 1183 980 monstruo—

645 999 711 1050 sitas
751 1001 954 1052 ordinationum
993 985 1178 1053 ecclesiardm.

646 1073 730 1123 Multa
743 1088 806 1140 ergo
821 1075 890 1125 mala
914 1076 1073 1140 praecedent,
1095 1074 1132 1124 ita
1150 1085 1181 1125 ut

645 1142 790 1211 impleatur
809 1146 882 1212 quod
907 1146 1005 1197 dicitur
1020 1146 1183 1212 :Pugnabit

646 1227 704 1265 cum
725 1228 756 1267 eo
777 1217 851 1267 orbis
871 1222 1006 1268 terrarum
1028 1223 1121 1270 contra
1137 1216 1180 1267 iu-

645 1294 778 1350 sensatos,
800 1297 831 1337 ut
850 1287 898 1353 qui
918 1298 1011 1339 contra
1032 1289 1177 1338 Auctorem

645 1356 771 1407 omniurn
804 1358 951 1422 procaciter
979 1366 1179 1425 pugnaverunt,

645 1427 715 1493 justo
728 1437 792 1478 tunc
812 1427 861 1478 Dei
881 1428 982 1493 judicio
1003 1429 1037 1479 ab
1051 1428 1181 1480 omnibus

645 1506 849 1564 oppugnantur3
867 1507 893 1548 et
907 1498 997 1565 quiin
1017 1499 1181 1550 cunctisde-

646 1568 801 1634 liquerunt,
842 1569 871 1619 in
902 1570 1007 1620 cunctis
1039 1570 1179 1621 feriantur.

647 1640 766 1708 Oportet,
788 1650 814 1691 et
831 1642 995 1693 conveniens
1009 1653 1051 1694 est
1062 1643 1180 1709 primum
1260 1676 1263 1682 ·

644 1712 702 1763 hoec
719 1711 789 1771 fieri,
806 1722 935 1778 tanquam
958 1728 974 1764 a
994 1715 1051 1764 Deo
1073 1714 1179 1765 ordina·

645 1794 681 1847 ta,
704 1784 808 1837 malitia
834 1785 978 1837 hominum
1006 1786 1129 1854 exigente
1153 1796 1181 1837 et
1240 1838 1246 1853 ἱ

645 1857 702 1908 Deo
716 1857 819 1908 bonum
835 1856 898 1909 inde
922 1858 1053 1920 eliciente,
1077 1858 1181 1910 scilicet

645 1926 678 1979 ad
694 1928 879 1994 probationem
895 1939 921 1980 et
932 1929 1078 1980 utilitatem
1089 1929 1180 1979 bono·

644 2015 717 2062 rum,
730 2010 757 2051 et
771 2001 804 2052 ad
820 2001 1031 2053 destructionem
1050 2009 1076 2052 ct
1087 2000 1179 2068 perdi-

645 2071 749 2123 tionem
774 2072 922 2137 malorum;
938 2072 1003 2140 quia
1017 2073 1075 2125 lraec
1089 2071 1180 2124 omnia

646 2143 723 2193 initia
745 2136 771 2194 et
781 2143 859 2210 quasi
880 2144 1014 2210 praeconia
1030 2150 1092 2194 sunt
1103 2142 1181 2195 dolo·

646 2228 706 2264 rum
722 2212 886 2275 futurorum,
909 2215 957 2266 sed
982 2214 1097 2267 nondum
1122 2220 1181 2266 sta·

646 2285 693 2335 tim
716 2292 757 2337 est
766 2286 844 2354 fluis,
860 2297 887 2338 et
907 2286 1108 2338 consummatio
1132 2300 1180 2337 eo·

646 2358 793 2424 rum,quia
806 2358 858 2410 ista
879 2369 944 2410 sunt
965 2359 1043 2425 signa
1066 2367 1180 2421 remota,

647 2445 702 2480 non
718 2430 886 2496 propinqua;
901 2432 953 2489 vel,
972 2431 1037 2497 quia
1050 2430 1100 2480 ista
1116 2438 1182 2480 sunt

646 2500 813 2566 temporalia,
835 2501 880 2550 sed
905 2500 1105 2552 consummatio
1127 2499 1180 2550 do·

646 2564 735 2623 lorum
749 2572 801 2622 erit
815 2583 922 2624 aeterna.
933 2571 1091 2637 Magnitudo
1106 2570 1180 2620 enim

646 2643 790 2706 malorum,
804 2642 935 2708 judicium
949 2641 1072 2708 generale
1087 2655 1182 2705 praece·

645 2712 780 2773 dentium,
793 2723 832 2763 est
855 2712 940 2779 figura
955 2711 1128 2778 sequentium
1143 2709 1183 2761 in·

646 2782 861 2849 comparabiliter
877 2783 1041 2849 graviorum.
1056 2782 1134 2842 Nam,
1150 2790 1182 2832 ut

646 2853 712 2904 dicit
738 2853 901 2919 Gregorius,
929 2869 976 2920 per
998 2853 1091 2904 crebra
1111 2852 1182 2903 mala

646 2940 706 2991 quae
726 2924 903 2991 praeveniunt,
929 2924 1085 2975 indicantur
1110 2922 1181 2974 mala

647 3007 774 3063 perpetua
784 3011 846 3062 quae
861 3007 1020 3062 sequuntur,
1035 2996 1100 3063 quia
1113 2994 1183 3046 mul·

646 3077 673 3118 ta
691 3067 787 3118 debent
799 3069 870 3118 mala
890 3082 1062 3134 praecurrere,
1076 3078 1108 3119 ut
1119 3081 1182 3118 ma·

646 3139 703 3189 lum
716 3139 822 3190 valeant
833 3139 892 3189 sine
906 3138 960 3190 fine
974 3139 1107 3190 nuntiare.
1119 3137 1182 3203 Spi-

645 3207 788 3270 ritualiter‚
812 3210 962 3261 secundum
987 3208 1181 3270 Ambrosium,

646 3287 710 3329 sunt
733 3288 760 3329 et
786 3279 839 3330 alia
867 3280 936 3332 bella
958 3295 1018 3346 quae
1039 3279 1081 3330 vir
1100 3275 1183 3327 sentit

647 3349 837 3412 Christianus,
874 3351 976 3402 scilicet
1012 3350 1182 3401 diversarum

647 3421 740 3487 praelia
779 3422 986 3489 cupiditatum,
1027 3419 1181 3471 studiorum

647 3493 801 3559 conflictus;
826 3497 912 3545 multo
935 3495 1015 3546 etiam
1046 3492 1182 3560 graviores

647 3576 713 3617 sunt
736 3566 829 3618 hostes
851 3565 1002 3626 domestici,
1027 3579 1110 3631 quam
1131 3578 1181 3613 ex-

647 3636 741 3688 tranei.
758 3637 804 3698 Et,
829 3632 977 3687 secundum
1011 3635 1181 3701 chrysosto-

649 3723 719 3758 mum
740 3725 749 3758 .·
771 3727 785 3755 ι(
803 3705 985 3773 Spiritualiter
1007 3705 1035 3755 in
1065 3703 1183 3755 Ecclesia

644 3780 808 3847 pestilentia
847 3777 995 3830 carnalium
1031 3776 1184 3837 vitiorum,

645 3852 738 3918 sames
760 3849 836 3902 verbi
862 3848 964 3914 divini,
993 3857 1071 3899 terrae
1097 3853 1184 3900 motus
