2632 4320
138 307 184 358 DE
201 305 311 356 PRIMO
328 305 374 355 ET
391 302 528 364 MAGNO,
541 299 587 351 AC
602 297 766 351 SECUNDO
783 300 886 350 LEGIS
901 295 1085 350 MANDATO.
1119 314 1171 366 277

57 425 101 473 bo.
119 422 211 473 Primo
230 437 262 472 ex
281 437 312 471 eo
329 420 401 487 quod
416 418 501 469 David
515 426 590 467 vocat

58 509 121 544 eum
137 492 296 551 Dominum,
312 502 337 541 et
351 491 403 540 hoc
421 489 459 539 sic
475 505 482 538 ι
499 488 590 537 nullus

56 575 131 630 pater
146 563 234 614 tilium
255 579 345 624 suum,
369 561 416 628 qui
439 560 521 611 trahit
540 574 590 608 na-

57 647 147 686 turam
162 651 239 685 suam
257 636 291 685 ab
313 634 381 700 ipso,
404 642 518 683 testatur
534 630 590 679 Do·

58 707 167 757 minum
181 722 280 770 suum;
302 706 346 755 sed
372 703 466 767 David,
488 701 591 768 Spiritu

57 783 156 831 Sancto
180 780 337 846 inspiratus,
360 786 473 829 testatur
496 775 592 826 Domi-

59 866 128 902 num
142 866 224 902 suum
239 851 393 914 Christum,
406 864 469 914 ergo
483 864 538 898 non
552 861 592 896 so·

57 924 115 972 lum
129 922 212 972 habet
233 932 355 972 naturam
370 935 452 986 quam
466 919 546 968 traxit
557 918 591 968 ab

57 994 127 1058 ipsu,
145 993 192 1043 sed
207 992 339 1053 altiorem,
352 993 500 1042 secundum
509 1005 591 1056 quam

56 1064 157 1115 dicitur
170 1062 304 1114 Dominus
325 1064 391 1128 ejus,
407 1061 507 1112 scilicet
521 1059 592 1110 divi-

57 1151 131 1196 nam,
149 1134 283 1201 quianon
303 1144 344 1185 est
366 1135 449 1185 homo
469 1132 543 1183 filius
566 1141 592 1182 et

59 1207 189 1257 dominus
209 1206 328 1268 alterius,
350 1207 500 1257 secundum
516 1220 592 1255 eam-

58 1277 121 1328 dem
136 1287 282 1328 naturam:
298 1293 361 1344 ergo
378 1287 418 1327 est
432 1276 484 1326 alia
498 1284 592 1325 natura

58 1349 206 1399 secundum
223 1364 305 1415 quam
322 1357 362 1398 est
383 1347 466 1407 filius,
493 1356 519 1396 et
533 1345 591 1395 haec

58 1431 99 1473 est
112 1423 251 1485 humana,
270 1423 320 1472 alia
346 1422 494 1472 secundum
509 1432 595 1486 quam·

59 1502 99 1544 est
114 1493 259 1553 Dominus,
276 1503 301 1542 et
316 1493 374 1542 haec
388 1500 429 1542 est
445 1490 546 1540 divina.
561 1517 591 1527 -

58 1565 185 1616 Secundo
197 1565 323 1630 probatur
340 1563 411 1613 idem
426 1562 464 1613 sic
480 1578 486 1611 :
501 1576 591 1628 quan-

60 1635 95 1686 do
112 1635 197 1685 David
215 1635 266 1685 hoc
281 1635 356 1696 dixit,
377 1634 498 1684 nondum
518 1634 591 1683 Mes-

59 1705 114 1756 sias
127 1705 211 1756 homo
228 1715 292 1770 erat,
307 1705 444 1772 quomodo
458 1720 521 1770 ergo
536 1703 592 1753 Do-

61 1777 154 1827 minus
177 1777 235 1842 ejus
252 1787 317 1841 erat,
331 1777 379 1843 qui
394 1777 514 1826 nondum
526 1784 590 1836 erat,

57 1849 147 1916 etqui
164 1865 218 1899 non
231 1860 293 1900 ante
305 1865 377 1911 eum,
400 1850 446 1900 sed
464 1858 525 1915 post
543 1864 591 1898 ex-

58 1919 142 1971 stitit?
167 1921 241 1986 Ergo
262 1930 373 1987 ⁸oportet
396 1935 495 1986 ponere
512 1919 591 1969 aliam

59 2001 193 2056 naturam,
204 1994 352 2044 secundum
367 2008 448 2059 quam
459 2001 521 2042 ante
530 2006 591 2042 eum

59 2072 125 2114 erat.
145 2064 176 2101 —'
200 2064 293 2114 Tertio
319 2064 447 2130 probatur
471 2063 542 2115 idem
550 2071 592 2112 'ex

58 2133 122 2193 hoc,
138 2133 214 2199 quod
229 2134 351 2201 sequitur
366 2151 372 2184 ε
387 2134 458 2185 Sede
479 2148 497 2184 a
518 2134 591 2185 dex-

60 2206 128 2257 teris
155 2206 230 2270 meis,
254 2206 422 2272 impossibile
449 2215 488 2256 est
518 2205 591 2256 enim

57 2291 167 2342 purum,
183 2276 323 2327 hominem
343 2277 433 2328 sedere
448 2293 462 2327 a
475 2276 592 2327 dexteris

57 2347 118 2397 Dei.
132 2345 210 2396 Dicat
221 2362 284 2413 ergo
295 2347 379 2398 David
391 2363 398 2397 t
409 2348 493 2398 Dixit
503 2347 595 2397 Domi-

58 2433 119 2482 nur,
150 2419 252 2470 scilicet
278 2422 352 2471 Deus
375 2420 459 2481 Pater,
478 2421 593 2470 Domino

59 2505 127 2554 meu,
143 2491 223 2542 idest
237 2493 347 2544 Christo
360 2493 429 2543 Filio
444 2509 503 2553 sue,
518 2493 593 2558 cujus

57 2563 149 2614 dicere
163 2573 203 2614 est
219 2565 349 2630 aequalem
364 2564 417 2632 sibi
432 2564 533 2614 Filium
546 2578 594 2630 ge-

59 2648 170 2698 nerare;
185 2649 258 2701 erge,
272 2634 386 2684 Domino'
397 2649 461 2697 meo,
478 2649 534 2683 non
550 2649 594 2683 se-

58 2705 183 2757 cundum
209 2707 282 2772 quod
310 2706 494 2773 temporaliter
511 2706 595 2756 homo

58 2776 146 2829 factus
160 2788 209 2838 est,
226 2779 272 2828 sed
287 2779 438 2829 secundum
453 2778 526 2845 quod
541 2778 594 2829 Pa-

59 2847 111 2900 tris
130 2858 248 2899 aeternus
270 2848 358 2900 Filius
386 2865 392 2897 :
419 2848 491 2899 Sede
504 2847 595 2914 quiete

58 2920 137 2988 regni
162 2920 274 2987 potitus,
296 2936 314 2972 a
331 2921 454 2973 dexteris
468 2921 541 2984 meir,
566 2921 594 2970 id

59 3003 101 3045 cst
124 2992 155 3045 in
176 2993 327 3060 aequalitate
350 3009 417 3055 mea,
444 2994 594 3044 secundum

58 3064 134 3131 quod
147 3064 233 3128 Deus3
244 3065 287 3114 vel
297 3063 325 3115 in
342 3063 492 3130 potioribus
504 3064 593 3127 bonis,

59 3136 212 3189 secundum
227 3137 299 3202 quod
313 3136 407 3197 homo,
428 3135 493 3203 quia
508 3144 538 3185 ut
559 3134 595 3184 sit

58 3206 89 3257 in
102 3205 192 3273 gloria
203 3215 299 3272 praeest
313 3205 437 3272 Angelis;
454 3206 537 3256 donec
547 3219 595 3270 po·

59 3290 132 3341 narn,
156 3274 297 3337 inclusive,
326 3292 384 3327 non
407 3277 480 3343 quod
504 3285 595 3342 postea

59 3364 116 3401 non
136 3351 237 3414 sedeat,
262 3349 327 3417 quia
349 3365 455 3416 semper
481 3348 593 3409 sedebit,

60 3420 185 3472 inimicos
201 3426 273 3482 tuos,
285 3430 311 3471 et
332 3420 516 3471 inobedientes
533 3419 593 3481 tibi,

61 3490 208 3542 scabellum
234 3490 333 3557 pedum
364 3496 479 3553 tuorum,
505 3490 532 3539 id
554 3501 595 3540 est

60 3563 147 3618 donec
160 3563 289 3615 homines
300 3564 412 3615 rebelles
426 3563 475 3614 tibi
498 3564 594 3629 subiu-

61 3648 168 3700 gavero,
182 3635 226 3686 vel
238 3636 308 3686 bona
321 3644 348 3686 et
359 3634 508 3685 voluntaria
525 3635 593 3684 sub-

59 3704 184 3769 jectione,
206 3705 307 3758 scilicet
326 3713 357 3755 ut
380 3705 489 3755 credant
503 3715 529 3755 te
544 3720 593 3755 ve-

60 3789 123 3827 rum
135 3775 225 3826 Deum
238 3785 265 3826 et
281 3775 420 3826 hominem
433 3784 538 3840 sponte,
550 3776 593 3824 vel

62 3856 154 3899 coacta
168 3847 340 3913 subjectione,
355 3855 385 3897 ut
400 3846 485 3897 indie
501 3846 594 3913 judicii

63 3916 214 3983 puniantur
229 3928 256 3969 et
270 3919 377 3968 credant
391 3916 482 3978 invite,
504 3917 541 3968 ita
554 3927 594 3978 ut,

641 413 725 465 velint
742 414 837 474 nolint,
850 413 960 479 subiecti
975 413 1030 464 sint
1042 413 1102 478 tibi,
1118 415 1176 465 sic·
1257 420 1262 427 ’

643 495 674 536 ut
697 485 846 536 scabellum
876 484 990 550 pedibus
1019 495 1060 534 est
1083 487 1175 551 subje-

643 569 727 608 ctum.
745 559 808 608 Haec
823 559 896 608 enim
916 559 1047 623 subjectio
1065 559 1179 625 comple·

643 628 718 678 bitur
749 629 777 679 in
804 628 919 695 judicio,
950 628 1058 693 quando
1085 629 1178 679 omnia

644 701 760 767 perfecte
783 701 960 767 subjicientur
971 701 1180 752 homini-Chri-

643 783 694 824 sto.
716 773 749 823 Si
770 788 837 839 ergo
851 771 943 822 David
957 778 1035 822 vocat
1050 787 1108 822 eum
1122 773 1178 823 Do-

643 845 750 906 minum,
780 844 928 894 secundum
943 844 1090 907 veritatem,
1110 860 1177 910 quo-

644 917 721 968 modo
723 917 804 983 filius
816 916 874 983 ejus
886 923 935 977 est,
948 916 1049 966 scilicet
1060 928 1175 979 tantum,

644 1003 706 1038 cum
728 987 802 1037 filius
825 987 1016 1052 propagatione
1041 986 1177 1051 subjectus

644 1059 679 1110 sit
695 1059 772 1125 patri,
786 1069 812 1109 et
826 1059 942 1109 maxime
957 1059 1105 1109 secundum
1115 1075 1177 1108 con·

645 1129 814 1182 suetudinem
844 1140 950 1195 patrum
976 1130 1174 1195 antiquorum?

645 1202 737 1259 Potius
751 1202 824 1253 enim
836 1214 958 1268 parentes
971 1211 1035 1253 sunt
1046 1213 1071 1252 et
1082 1203 1177 1253 dicun-

643 1285 688 1326 tur
704 1276 809 1326 domini
824 1275 953 1336 tiliorum,
967 1291 1049 1342 quam
1064 1275 1112 1326 filil
1132 1277 1178 1327 do

644 1349 713 1399 mini
737 1359 898 1414 parentum;
922 1349 995 1399 filius
1014 1349 1087 1399 enim
1102 1349 1179 1400 debet

644 1436 701 1472 esse
715 1421 851 1486 subjectus
867 1421 944 1486 patri,
967 1430 993 1471 et
1013 1438 1068 1471 non
1087 1421 1178 1471 domi-

645 1491 713 1542 nari.
738 1491 821 1550 Quasi
848 1491 970 1541 diceret:
987 1490 1056 1541 Cum
1078 1507 1179 1542 secun-

644 1565 711 1615 dum
734 1573 856 1614 naturam
880 1563 1028 1614 humanam
1049 1564 1084 1614 sit
1106 1564 1179 1616 filius

643 1638 737 1699 David,
759 1646 785 1687 et
801 1653 847 1702 per
866 1652 1035 1703 consequens
1057 1655 1088 1688 eo
1108 1637 1179 1688 infe-

642 1709 708 1769 rior,
736 1718 842 1774 oportet
866 1723 965 1773 ponere
990 1708 1017 1757 in
1046 1724 1076 1758 eo
1098 1708 1178 1758 aliam
1244 1720 1247 1730 “

643 1793 775 1844 naturam,
801 1799 848 1849 per
872 1799 954 1849 quam
978 1783 1014 1832 sit
1042 1782 1178 1833 Dominus

643 1857 700 1921 ejus
715 1865 742 1906 et
755 1871 786 1906 eo
800 1855 932 1920 superior,
946 1865 972 1905 et
983 1855 1040 1904 haec
1055 1864 1094 1904 est
1105 1854 1178 1905 divi-

643 1943 693 1991 na;
715 1942 779 1993 ergo
793 1927 822 1977 in
838 1927 947 1979 Christo
973 1936 1034 1978 sunt
1048 1927 1108 1977 duoe
1123 1941 1176 1976 na-

642 2007 719 2062 turoe,
741 1996 843 2048 scilicet
858 2013 864 2046 :
882 1996 976 2048 divina
1000 2007 1027 2047 et
1048 1997 1177 2047 humana.

644 2067 691 2121 Est
716 2067 808 2134 itaque
826 2068 899 2119 filius
923 2068 1008 2118 David
1030 2079 1056 2119 et
1081 2067 1179 2118 Domi-

644 2153 696 2189 nus
712 2154 718 2188 :
737 2138 783 2188 sed
799 2137 873 2189 filius
890 2138 920 2189 in
934 2149 1066 2204 quantum
1081 2138 1176 2199 homo,

644 2208 777 2260 Dominus
798 2209 827 2261 in
849 2220 981 2276 quantum
996 2210 1084 2272 Deus;
1100 2218 1127 2259 et
1139 2209 1179 2260 sic

646 2291 727 2332 restat
741 2282 814 2348 quod
840 2282 966 2333 Christus
989 2291 1030 2332 est
1051 2282 1136 2332 homo
1155 2290 1181 2331 et

645 2354 726 2404 Deus.
749 2353 810 2403 Non
834 2369 898 2420 ergo
925 2354 1057 2415 errabant,
1079 2369 1128 2403 nec
1144 2368 1183 2403 re·

645 2425 870 2490 prehenduntur,
896 2424 960 2491 quia
984 2423 1124 2473 Christum
1154 2423 1183 2472 fi-

645 2494 713 2544 lium
728 2495 813 2544 David
828 2495 937 2556 dicunt;
954 2494 1000 2543 sed
1012 2493 1076 2558 quia
1090 2493 1181 2556 ipsum

647 2581 745 2631 purum
759 2564 910 2623 hominem,
935 2574 960 2613 et
986 2579 1040 2613 non
1065 2563 1113 2612 Dei
1137 2562 1182 2611 Fi-

647 2638 714 2687 lium
736 2637 858 2687 credunt.
881 2635 1006 2686 Christus
1019 2644 1110 2685 autem
1126 2649 1180 2684 non

646 2720 751 2760 tantum
770 2708 864 2771 David,
891 2709 987 2759 sedet
1007 2707 1057 2757 Dei
1078 2706 1180 2756 Filium

647 2796 675 2830 se
687 2794 743 2830 esse
756 2778 888 2844 probavit,
899 2789 924 2829 et
937 2793 983 2844 per
996 2776 1180 2828 auctoritatem

647 2850 733 2915 ipsius
749 2848 835 2899 David
852 2864 898 2899 eos
911 2849 1036 2900 convicit.
1051 2849 1090 2898 Et
1105 2862 1180 2899 nemo

642 2927 752 2986 poterat
763 2920 788 2970 ei
802 2920 964 2985 respondere
983 2920 1101 2981 verbum,
1115 2918 1180 2985 quia

647 3006 702 3040 non
717 2997 840 3055 poterant
851 2989 1018 3055 Scripturam
1036 3004 1141 3056 negare,
1154 2998 1181 3040 et

627 3083 637 3103 ο
647 3059 830 3125 irrefragabile
841 3069 897 3110 erat
909 3069 1100 3126 argumentum
1111 3075 1118 3122 ;
1141 3074 1183 3129 ne·

646 3148 696 3199 que
704 3147 788 3183 ausus
796 3131 858 3196 suit
871 3133 1011 3199 quisquam
1026 3148 1064 3184 ex
1077 3134 1126 3183 illa
1138 3132 1182 3182 die

646 3220 704 3257 eum
716 3204 833 3270 amplius
847 3205 1028 3272 interrogare,
1044 3205 1108 3271 quia
1123 3203 1182 3269 pla-

647 3294 680 3329 ne
692 3277 849 3327 testimonio
866 3288 892 3328 et
906 3278 1010 3329 ratione
1024 3286 1100 3328 erant
1113 3291 1182 3326 con-

646 3349 719 3401 victi.
745 3350 823 3400 Unde
849 3351 1037 3416 Hieronymus
1061 3367 1069 3399 .·
1091 3347 1183 3398 «Ideo

646 3420 776 3472 confutati
790 3423 961 3472 sermonibus
978 3423 1048 3471 ultra
1063 3436 1119 3470 non
1134 3418 1181 3468 in-

646 3503 792 3558 terrogant,
807 3493 854 3542 sed
877 3491 1045 3558 apertissime
1059 3503 1183 3554 compre-

645 3565 763 3619 hensum
777 3565 905 3614 Romanae
918 3563 1028 3613 tradunt
1040 3559 1175 3626 potestati.

644 3636 688 3688 Ex
707 3651 762 3702 quo
788 3634 965 3700 intelligimus
990 3646 1093 3697 venena
1114 3627 1184 3679 invi-

645 3708 696 3758 diae
726 3723 804 3773 posse
825 3706 936 3773 quidem
966 3703 1109 3769 superari,
1134 3702 1182 3753 sed

645 3777 754 3842 difficile
783 3791 860 3842 posse
883 3776 1020 3845 quiescere
1043 3790 1049 3822 :
1077 3792 1090 3821 u
1124 3773 1181 3823 haec

645 3848 841 3914 Hieronymus
