2632 4320
201 286 248 336 DE
264 285 459 337 EFFUSIONE
475 285 661 337 UNGUENTI
677 284 792 336 SUPER
807 284 923 337 CAPUT
940 284 1032 335 JESU.
1117 284 1178 357 ‚¹⁸7

552 561 688 612 ORATIO

93 741 152 791 Lux
167 740 245 804 lucis,
270 750 296 791 et
315 739 375 790 fons
394 738 517 798 luminis,
533 738 649 789 Domine
666 739 738 798 Jesu,
754 738 801 804 qui
821 738 938 789 duorum
954 753 1085 788 caecorum
1103 738 1136 788 ad
1156 749 1181 792 te

58 811 237 863 clamantium
254 811 348 861 affectu
363 808 553 860 misericordia
576 808 713 869 misertus,
730 809 825 858 oculos
848 823 942 858 eorum
963 817 1078 873 tangere,
1098 819 1124 859 et
1144 810 1182 862 sic

59 897 107 933 eos
125 881 281 932 illuminare
295 881 420 947 dignatus
441 896 478 940 es,
497 889 586 946 tange,
602 894 705 945 quaeso,
719 879 812 929 oculos
826 894 901 929 meos
920 879 1082 944 spirituales,
1096 889 1122 929 et
1135 896 1181 932 ra·

44 953 114 1004 diis
126 964 181 1003 tuae
198 952 270 1003 lucis'
285 951 478 1003 conscientiam
493 965 581 1001 meam
593 949 707 1010 illustra,
721 951 754 1000 ad
769 960 795 1001 te
816 950 1063 1016 contemplandum,
1081 952 1114 1000 ad
1136 967 1179 1002 me

58 1024 286 1089 cognoscendum,
297 1023 330 1073 ad
344 1021 498 1088 proximum
508 1021 699 1071 instruendum
711 1031 737 1071 et
746 1021 905 1087 juvandum.
916 1022 1021 1072 Illustra
1033 1037 1180 1072 cormeum

58 1095 172 1147 luminae
190 1106 243 1147 tuae
256 1096 347 1160 gratiae
361 1095 468 1156 divine,
481 1106 511 1145 ut
526 1104 552 1145 te
566 1094 707 1145 ductorem
721 1094 750 1144 in
766 1094 896 1146 omnibus
909 1095 961 1146 viis
973 1094 1042 1144 meis
1056 1094 1179 1151 habeam,

52 1167 86 1220 'te
106 1168 239 1219 imitando
258 1184 369 1235 sequar;
385 1177 411 1219 et
424 1179 459 1229 te,
477 1168 524 1235 qui
542 1183 571 1218 es
587 1183 667 1233 super
688 1167 787 1228 omnia,
806 1183 860 1234 prae
880 1168 1009 1219 omnibus
1029 1167 1139 1217 timeam
1155 1179 1181 1218 et

58 1239 183 1306 diligam,
197 1250 326 1307 tuamque
343 1239 371 1290 in
385 1239 514 1290 omnibus
533 1238 628 1289 faciam
647 1238 823 1289 voluntatem.
836 1245 933 1290 Arnen.

394 1629 396 1632 ’
480 1565 648 1690 CAPUT
673 1619 775 1687 XXV

207 1924 260 1991 De
282 1921 453 2014 qfusione
477 1923 649 2015 unguenti
675 1943 780 2014 super
802 1933 905 2014 capnt
927 1922 1022 1990 Jesn.

161 2193 305 2256 Matthaei
326 2215 393 2277 cap.
412 2197 463 2272 26,
482 2194 583 2256 Marci
606 2214 673 2276 cap.
693 2215 732 2277 14
752 2207 782 2256 et
801 2194 935 2257 Joannis
960 2216 1027 2278 cap.
1048 2216 1095 2257 12.

92 2428 107 2479 ι’
130 2427 270 2492 Donmus,
292 2430 448 2480 Berunumsr
468 2447 593 2492 vulsinus,

57 2515 158 2553 utrm
178 2516 272 2550 norrun
291 2501 399 2551 Smoms
418 2518 537 2552 arenosi.
562 2530 593 2539 -

55 2572 298 2640 Appropinquante
309 2584 429 2640 ternpore
438 2575 468 2624 in
478 2590 533 2640 quo
544 2576 594 2625 Do·

59 2644 594 2713 minuspatidisposuit,appropinquavit

60 2716 117 2782 ipse
130 2715 200 2777 loco,
213 2715 242 2765 in
254 2733 309 2782 quo
323 2716 442 2783 ejusdem
457 2718 592 2769 Passionis

61 2785 289 2852 dispensationem
302 2785 387 2838 facere
397 2788 495 2851 voluit;
506 2796 536 2838 ut
546 2804 593 2854 per

60 2854 111 2906 hoc
135 2855 281 2915 intimaret,
299 2857 372 2923 quod
394 2857 544 2909 voluntarie
568 2868 593 2908 et

60 2942 107 2980 sua
134 2939 231 2995 sponte
261 2939 394 2995 pateretur
423 2940 448 2981 et
478 2942 592 2982 mortem

61 3000 171 3051 subiret.
182 3000 267 3065 Igitur
277 3007 338 3051 ante
351 3016 403 3052 sex
417 3003 483 3065 dies,
498 3004 593 3054 solem·

61 3070 103 3120 nis
124 3071 251 3133 Paschae,
268 3072 295 3121 id
318 3081 358 3122 est
375 3083 449 3124 sexta
466 3073 510 3124 die
530 3083 592 3125 ante

61 3138 169 3204 Pascha,
184 3140 288 3192 scilicet
300 3142 410 3192 sabbato
422 3153 483 3193 ante
502 3158 592 3194 ramos

63 3208 225 3272 Palmarum‚
241 3213 312 3263 venit
324 3214 491 3281 Bethanium.
507 3215 590 3265 lntel-

61 3280 125 3349 ligas
150 3283 196 3334 hic
218 3284 290 3334 diem
316 3286 424 3336 Paschae
447 3303 500 3336 non
522 3287 592 3338 deci-

62 3367 131 3403 mam
145 3365 269 3421 quartam
282 3355 362 3420 primi
373 3354 484 3417 mensis,
499 3356 592 3423 inqua

60 3422 92 3472 ad
120 3439 259 3490 vesperam
293 3425 482 3476 immolabatur
506 3443 591 3493 agnus

61 3494 206 3557 paschalis3
232 3496 278 3545 sed
301 3496 425 3563 quintam
445 3497 588 3559 decimam,

60 3564 159 3617 scilicet
187 3567 263 3618 illam
300 3569 329 3619 in
354 3585 407 3637 qua
432 3585 527 3636 passus
551 3582 591 3622 est

60 3634 194 3699 Christus,
220 3655 281 3705 quae
299 3649 354 3691 tota
375 3651 430 3691 erat
450 3640 544 3693 festiva
564 3653 591 3695 et

61 3707 196 3786 solemnis.
210 3711 290 3762 Unde
308 3712 517 3780 Theophilum«
534 3717 588 3766 De-

61 3789 129 3830 cima
145 3790 236 3831 autem
254 3781 297 3831 die
313 3782 414 3833 mensis
428 3798 529 3850 agnum
546 3787 590 3836 Ju-

61 3845 108 3897 dai
124 3849 234 3916 capiunt
253 3851 449 3904 immolandum
470 3854 499 3904 in
519 3856 587 3908 festo

647 2431 769 2494 Pasehae3
791 2448 824 2482 ex
845 2442 909 2482 tunc
934 2431 1008 2481 enim
1029 2428 1179 2480 festivitatis

647 2503 787 2570 praelibant
807 2504 948 2563 solemnia,
969 2512 1132 2569 quapropter
1148 2502 1177 2550 in

646 2574 690 2624 die
702 2589 763 2640 quae
778 2585 818 2625 est
832 2589 903 2624 nona
916 2572 1026 2636 mensis,
1043 2581 1068 2622 et
1082 2585 1177 2638 praece-

646 2646 686 2696 dit
698 2656 800 2696 sextam
815 2646 888 2696 diem
904 2655 965 2696 ante
980 2642 1091 2703 Pascha,
1106 2659 1174 2708 epu-

646 2717 735 2766 lantur
749 2715 898 2782 splendide,
913 2726 939 2766 et
960 2714 1101 2766 exordium
1116 2712 1177 2764 festi

647 2786 716 2837 hanc
734 2786 807 2836 diem
826 2786 1010 2850 constituunt;
1027 2802 1081 2852 quo
1103 2783 1133 2835 fit
1146 2793 1177 2834 ut

646 2857 724 2907 lesus
741 2873 850 2923 quoque
873 2872 985 2922 pergens
1006 2855 1175 2911 Bethaniam,

646 2929 830 2980 convivaretur
853 2946 860 2979 ι
881 2948 896 2977 n
923 2930 980 2980 haec
1005 2928 1176 2995 Theophilus.

646 3001 707 3050 ldeo
732 3011 822 3051 autem
850 3001 923 3051 venit
947 3001 1116 3062 Bethaniam,
1148 3009 1179 3050 ut

647 3070 738 3120 Lazari
760 3072 927 3123 resuscitatio
948 3084 1132 3135 renovaretur;
1148 3086 1178 3122 ac

646 3143 784 3194 memoriae
797 3146 920 3196 omnium
933 3146 1032 3197 arctius
1041 3145 1179 3211 imprime-

646 3226 729 3276 retur,
744 3227 770 3266 et
786 3227 816 3268 ut
833 3217 1029 3269 inexcusabiles
1044 3215 1129 3267 ludaei
1144 3215 1176 3264 de

645 3298 731 3338 morte
752 3289 820 3339 tanti
848 3289 1015 3340 suscitatoris
1036 3295 1177 3339 tractantes

644 3361 883 3427 confunderentur,
897 3374 923 3414 et
937 3379 969 3413 ex
981 3360 1111 3412 memoria
1127 3358 1177 3407 mi·
1268 3394 1271 3399 .

644 3431 727 3481 raculi
748 3431 849 3483 ibidem
884 3432 945 3483 facti
981 3432 1058 3483 turba
1082 3428 1175 3494 populi

645 3515 796 3555 moveretur
824 3505 858 3556 ad
880 3521 943 3556 eum
964 3503 1108 3555 honorifice
1129 3517 1175 3552 re-

644 3576 798 3642 cipiendum
813 3577 842 3628 in
855 3578 1000 3628 Jerusalem
1020 3585 1081 3626 ante
1099 3589 1177 3624 suam

644 3647 811 3708 Passionem,
826 3649 897 3699 sicut
912 3648 998 3698 fuerat
1019 3645 1176 3712 pradictum

644 3733 690 3783 per
713 3717 869 3768 Zachariam
895 3717 1065 3783 Prophetam,
1080 3715 1176 3766 dicen-

644 3797 717 3838 tem:
734 3788 857 3839 Exsulta
866 3787 1013 3854 satis,filia
1023 3787 1099 3850 Sion,
1107 3786 1179 3854 jubi-

645 3858 684 3923 la,
712 3857 771 3916 tilia
784 3858 952 3922 Jerusalem
967 3871 1026 3909 ecce
1044 3872 1099 3909 rex
1119 3865 1180 3909 tuus
