2632 4320
360 281 406 331 DE
421 282 549 332 TRIBUS
562 282 768 348 PARABOLIS,
784 285 862 335 ETC.
1135 288 1170 356 59

10 392 12 397 '
52 395 116 444 bom
129 410 215 460 opera
231 394 411 460 disponendo,
427 397 464 446 ad
476 403 583 461 pan-em

52 479 131 525 suum,
145 465 207 530 ejus
219 465 333 531 gratiam
346 465 518 531 requirendo.
533 467 584 517 Est

51 549 137 588 tuem
159 549 235 604 peter
257 540 433 590 redeuntibus
450 542 581 591 clemens.

51 609 123 659 Nam*
138 611 267 675 sequitur
284 627 290 660 :
306 611 374 660 Cum
391 617 478 661 autem
497 612 584 662 adhuc

51 682 128 748 louge
151 689 237 745 estet,
256 682 282 731 id
300 693 341 732 est
359 684 467 733 attritus
479 696 507 733 et
521 699 583 734 mo-

52 765 91 804 tus
110 755 148 804 ad
176 755 385 820 poenitendum,
414 772 469 805 non
491 754 582 806 tamen

53 827 163 892 perfecte
173 827 316 889 contritus,
331 828 365 877 ed
379 830 452 893 quod
463 829 583 895 requiri-

21 908 24 915 ’
51 910 91 950 tur
119 901 207 967 gretie
233 901 285 950 Dei
315 903 493 966 preveniens,
523 903 583 952 ideo

53 971 174 1021 subditur
187 988 196 1020 z
224 973 299 1021 Vidit
307 971 386 1022 illum
395 973 581 1038 pateripsius,

55 1041 124 1090 outlo
139 1042 302 1092 clementie.
322 1043 357 1092 Ut
374 1043 440 1092 dicit
449 1044 584 1109 Chryses·

56 1117 148 1175 mus,
174 1112 264 1162 sensit
284 1123 358 1178 ptter
380 1115 582 1179 poenitentiatn3

57 1184 584 1250 touexspectnvitrecipereconfessionis

57 1255 135 1315 tuba,
150 1257 198 1305 sed
213 1257 343 1321 prevenit
359 1258 513 1323 petitionem
527 1259 583 1308 mi-

57 1327 218 1378 sericorditer
232 1345 331 1395 agens;
352 1332 424 1381 unde
435 1332 581 1381 subditur:

10 1410 12 1451 ζ
60 1397 88 1446 tt
98 1400 290 1450 mesericordia
305 1409 392 1452 motae
403 1409 456 1464 est,
472 1402 582 1452 miseri·

61 1470 164 1520 corditer
180 1471 208 1520 ei
230 1471 388 1536 inspintndo
403 1484 508 1524 motum
524 1491 584 1539 pue-

63 1540 187 1601 titentiae,
211 1550 239 1592 et
266 1544 393 1594 velociter
426 1560 581 1609 uomens,

64 1609 140 1674 ipsum
151 1628 217 1662 cum
224 1612 330 1664 umoris
337 1616 509 1680 amplexibus
523 1634 583 1667 con-

64 1685 218 1751 fltingendm
235 1703 287 1754 ‘per
305 1688 519 1740 misericordiam
537 1693 583 1741 in-

64 1754 201 1816 thoantem,
210 1760 310 1809 cecidit
319 1761 505 1824 supercollnm
514 1762 582 1827 ejece,

66 1839 118 1875 cum
138 1829 238 1878 emotis
256 1830 427 1894 amplexibus
443 1833 583 1881 constrin-

67 1896 141 1959 gendo
160 1913 205 1962 per
217 1899 432 1949 misericordiam
445 1902 584 1951 concomi-

65 1977 169 2037 tantem3
202 1979 230 2022 et
254 1974 399 2023 ⁴oseulatur
430 1981 475 2024 eet
505 1990 582 2036 emet,

68 2037 161 2091 dulciter
173 2043 265 2108 ipsum
277 2043 332 2092 sibi
347 2044 460 2108 perfecte
468 2045 585 2094 reconci-

67 2108 150 2173 litndo,
169 2129 216 2179 per
229 2114 343 2179 gretiam
364 2115 582 2180 subsequentem.

70 2181 177 2235 Occurrit
213 2187 314 2252 qnippe
342 2188 416 2237 Deus
443 2189 583 2254 poenitenti

70 2260 227 2324 pergratiam
241 2261 498 2324 praevenientem,.et
512 2262 584 2312 teci-

69 2325 98 2387 pit
106 2343 165 2380 ectu
180 2346 229 2396 per
238 2332 412 2381 clemonem
422 2333 515 2382 omnia
526 2349 584 2383 sce-

70 2395 111 2450 bro
125 2402 316 2453 dimittentem.
335 2404 413 2454 Unde
431 2405 584 2470 Gregorius

68 2466 198 2534 Nyctem
211 2490 251 2522 :n
266 2473 457 2524 Cmtiessionis
469 2476 584 2525 medita-

67 2537 96 2589 tio
115 2544 224 2608 plteaut
236 2545 262 2594 ei
279 2555 385 2610 patrem
397 2555 428 2596 ut
437 2547 545 2596 obviam
560 2548 583 2597 ei

66 2610 113 2678 itu,
124 2629 152 2668 et
167 2619 261 2669 oscttla
280 2618 423 2669 conferret.
437 2639 454 2666 n
470 2621 547 2670 Unde
558 2631 585 2670 et

67 2684 264 2752 ffiysoetoms
283 2707 291 2739 :
310 2709 324 2735 α
349 2690 422 2750 Quid
446 2690 521 2740 enim
545 2700 585 2741 est

63 2758 124 2809 liud
143 2764 215 2827 quod
234 2762 361 2821 occurrit,
382 2763 436 2812 nisi
455 2763 520 2829 quie
536 2780 584 2814 nos

61 2832 164 2891 peccetis
179 2832 400 2898 impedientibus,
417 2843 508 2883 nostra
525 2834 584 2883 vir-

64 2904 153 2952 need
169 2917 236 2952 eum
251 2903 390 2968 peruenire
407 2919 463 2953 uon
473 2915 584 2969 potera·

61 2984 123 3034 mus,
136 2976 291 3040 ipseeutem
302 2987 398 3042 potens
407 2978 441 3026 td
451 2977 584 3027 invalidos

10 3078 15 3131 Ι
63 3049 200 3108 pertenire,
225 3049 376 3099 descendit?
398 3068 411 3096 n
436 3049 585 3100 Osculttur

10 3134 14 3169 t
59 3124 140 3167 ntem
157 3134 190 3168 os
203 3119 262 3183 ejus
282 3134 329 3184 per
341 3119 417 3184 quod
440 3119 538 3169 emissa
552 3119 585 3169 de

10 3182 14 3197 ¹
59 3192 130 3242 corde
148 3193 284 3244 confessio
301 3193 456 3259 penitentis
474 3193 583 3254 exierat,

57 3273 133 3325 qnam
157 3274 233 3328 peter
255 3265 334 3314 lectus
358 3263 464 3328 excipit.
488 3263 585 3330 incipit

58 3342 140 3382 entem
158 3335 213 3399 jam
230 3345 337 3400 peccata
356 3333 476 3384 confiteri
491 3335 584 3385 :unde

10 3444 12 3453 .
59 3404 173 3469 equitu-
195 3405 302 3456 :Dixit
325 3405 350 3455 ei
366 3405 440 3462 ttius
462 3407 583 3467 :Palen

57 3478 157 3534 mavi
168 3475 198 3525 t‘n
213 3476 317 3537 coeltntt,
331 3481 360 3525 et
372 3489 463 3526 ωναηι
474 3481 503 3525 te
507 3491 517 3536 ,·
524 3475 585 3542 jam

60 3557 105 3595 un
119 3562 178 3598 tum
197 3548 299 3613 dignes
311 3548 493 3613 vocarifiline
512 3554 583 3609 tuus,

10 3642 12 3667 ι
59 3619 125 3681 qnod
145 3620 269 3686 intellige
292 3630 323 3670 ut
351 3636 443 3685 suprm
465 3620 512 3670 sed
539 3620 586 3670 hic

59 3687 107 3750 itm
123 3706 179 3740 non
199 3689 263 3740 lacit
279 3690 446 3740 mentionem
467 3691 500 3740 de
511 3700 585 3740 stetu

10 3758 13 3817 j
59 3761 219 3822 mercenarii,
238 3761 304 3828 quia
322 3770 466 3827 postquam
483 3761 587 3811 suevis·

60 3827 154 3881 simun
163 3833 287 3882 osculum
299 3832 409 3898 recepit,
420 3841 525 3882 extunc
536 3842 587 3882 stt·

10 3928 14 3935 ·
62 3906 112 3951 tom
122 3902 279 3954 mercemrii
297 3902 471 3968 dedignatum
482 3903 540 3965 sed,
554 3911 586 3952 ut
615 3954 616 3958 ,

636 399 702 448 dicit
729 401 818 462 Beda,
848 411 923 467 peter
949 417 1091 452 occurrens
1115 418 1169 453 non

637 481 778 522 contentus
795 473 905 523 minora
924 475 1076 534 concedere,
1100 485 1171 524 utm-

637 558 689 607 que
699 544 785 608 gradu
794 544 854 593 sine
864 544 993 595 dilatione
1007 554 1169 606 transcurso,

636 613 758 677 pnsttne
772 613 892 664 filiorum
902 616 1021 665 restituit
1029 616 1169 682 dignitati3

637 701 684 734 nec
705 687 758 751 iam
783 687 816 736 de
842 688 962 736 mercede
991 688 1170 749 conductoriS,

635 760 682 810 sed
700 760 733 810 de
747 760 894 810 hereditate
909 760 972 810 fecit
991 763 1107 827 cogitare
1120 778 1170 828 pa-

637 832 729 882 nentis.

671 918 703 967 14
720 903 791 962 Qum
810 919 837 951 nt
853 919 936 953 sessu
952 921 1063 955 tu‘srtco
1084 921 1170 956 stone

636 991 731 1035 rurus,
754 991 892 1035 innotus,
921 993 1110 1027 caecutirem
1136 995 1170 1028 rr

636 1063 752 1098 vnucus
766 1047 926 1098 sternutus}
941 1078 970 1086 —
986 1050 1068 1099 Dixit
1082 1057 1170 1101 autem

632 1125 722 1184 pater,
737 1118 838 1168 scilicet
851 1119 931 1178 Deus,
947 1120 985 1169 ad
994 1134 1087 1170 sonos
1097 1136 1168 1182 suos,

636 1191 663 1238 id
677 1200 718 1239 est
733 1190 878 1254 Apostolos
892 1200 922 1239 et
941 1191 1065 1241 Ecclesiae
1082 1193 1171 1242 mini—

635 1274 714 1324 stros,
725 1264 826 1329 quibus
841 1264 967 1314 Christus
979 1266 1107 1330 praecepit
1122 1266 1171 1315 be-

636 1334 717 1399 nigne
738 1334 855 1399 recipere
879 1335 1038 1400 prenitentes
1056 1346 1083 1404 et
1105 1352 1171 1385 con-

635 1403 740 1454 fitentes
777 1421 783 1452 ε
821 1405 882 1454 Cito
912 1406 1038 1470 proferte
1074 1406 1171 1457 stolam

631 1477 757 1540 primam,
773 1476 801 1525 id
816 1487 856 1526 est
873 1476 926 1527 cito
941 1478 1131 1542 proferendam
1145 1490 1172 1528 et

635 1547 827 1597 restituendam
845 1563 906 1597 vere
921 1549 1115 1613 poenitentibus
1131 1549 1171 1599 in-

635 1617 789 1667 nocentiam
812 1618 934 1669 nuntiate
952 1629 979 1669 et
1005 1621 1169 1686 promittite3

635 1693 660 1736 et
671 1687 777 1736 induite
788 1687 874 1749 illum,
894 1689 921 1736 id
941 1700 980 1739 est
993 1691 1128 1740 ostendite
1145 1702 1171 1741 et

636 1755 777 1806 certificate
786 1756 865 1805 illum
876 1757 1058 1821 induendnm3
1071 1766 1097 1808 et
1109 1761 1172 1810 date

635 1826 778 1888 uirtutum,
804 1826 831 1875 id
852 1837 894 1877 est
919 1828 981 1878 fidei
1004 1830 1171 1895 signaculum

636 1898 728 1946 docete
744 1896 867 1945 dandum
888 1897 915 1946 in
938 1913 1054 1960 manum,
1081 1900 1106 1949 id
1132 1911 1172 1949 est

636 1985 717 2034 opere
734 1967 801 2034 ερας,
816 1978 848 2019 ut
869 1985 916 2034 per
932 1986 1014 2035 opera
1035 1971 1101 2020 fides
1115 1973 1172 2022 cle-

637 2051 729 2101 ment,
748 2050 778 2090 et
800 2057 847 2106 per
871 2041 953 2092 iidem
971 2058 1053 2107 opera
1069 2043 1171 2093 confir-

637 2124 759 2176 mentur3
785 2113 904 2163 annulus
924 2113 1000 2163 enim
1027 2116 1171 2174 rotundus,

636 2202 698 2236 cum
719 2202 773 2235 non
797 2186 880 2237 habet
900 2187 1065 2252 principium
1084 2203 1173 2254 neque

636 2259 728 2320 finem,
742 2259 876 2325 significat
889 2260 970 2310 fidem
986 2272 1092 2311 aeternae
1107 2262 1173 2311 Tri-

637 2331 738 2391 nitatiS,
763 2347 819 2396 quo
833 2329 920 2381 fidelis
943 2333 1033 2382 anima
1051 2334 1109 2382 Deo
1123 2333 1172 2383 de-

636 2416 799 2470 sponsetur3
824 2405 897 2455 hunc
915 2408 1047 2456 annulum
1073 2407 1173 2456 debent

637 2475 755 2525 ministri
782 2476 910 2525 Ecclesiae
937 2476 965 2524 in
990 2491 1072 2525 manu
1096 2478 1172 2529 dare.

637 2547 758 2597 docendo
774 2547 867 2610 ipsum
885 2547 1037 2595 habendum
1058 2547 1087 2595 in
1103 2562 1173 2612 ope-

634 2633 665 2666 re
698 2633 704 2665 :
736 2616 825 2665 Ft'dee
859 2616 927 2666 enim
958 2617 1015 2665 sine
1046 2617 1173 2680 operibns

638 2692 744 2737 mortue
767 2693 817 2748 eet,
839 2697 866 2736 et
885 2686 1012 2736 similiter
1028 2702 1098 2752 opus
1114 2687 1173 2738 sine

636 2757 689 2807 title
718 2773 772 2806 non
797 2756 920 2819 sufficit,
948 2764 977 2808 et
1005 2759 1172 2809 calceamen-

636 2837 684 2894 ta,
704 2830 731 2879 id
748 2840 791 2880 est
814 2832 974 2880 Sanctorum
996 2833 1127 2897 exempla,
1148 2833 1174 2882 in

634 2901 718 2965 pedes
732 2901 806 2967 ejus,·
824 2901 929 2951 scilicet
940 2902 968 2951 in
990 2902 1127 2952 intellectu
1148 2916 1174 2953 et

637 2973 741 3024 effectu.
760 2974 914 3022 Secundum
928 2975 1171 3041 ctnyeonomum,

636 3044 670 3092 nd
696 3059 750 3091 non
772 3044 939 3108 tangendum
962 3054 1074 3106 terrene,
1089 3055 1123 3096 et
1140 3047 1173 3096 ed

637 3113 826 3178 corrigendum
848 3113 930 3174 viam,
950 3125 981 3165 ut
1007 3131 1057 3181 per
1084 3117 1172 3166 lubri-

636 3203 699 3236 cum
712 3187 807 3236 mundi
824 3187 904 3237 istius
923 3186 972 3238 iter
987 3189 1057 3238 fixus
1074 3199 1099 3238 et
1116 3189 1172 3238 im-

638 3259 789 3307 maculatus
804 3257 918 3307 incedat.
930 3259 970 3308 Et
990 3259 1116 3309 adducite
1129 3258 1173 3307 vi-

638 3331 721 3380 tulum
739 3331 905 3396 saginatum,
922 3332 949 3380 id
965 3343 1006 3382 est
1021 3332 1171 3390 Christum,

639 3417 730 3466 quem,
757 3402 905 3451 secundum
937 3402 1173 3470 Chrysostommn,

638 3472 749 3521 vitulum
767 3471 905 3530 nominet,
925 3483 1034 3536 propter
1055 3468 1173 3518 hostiam

638 3552 664 3593 et
686 3541 903 3593 immolationem
927 3541 1048 3607 corporis
1071 3540 1173 3589 imma-

640 3615 735 3676 culati3
775 3615 919 3681 saginatus
948 3623 1038 3663 eutem
1073 3611 1174 3662 dicitur

639 3697 749 3753 propter
764 3687 910 3752 ¹gratiarum
930 3682 1125 3750 pinguedinem
1150 3694 1176 3734 et

641 3758 849 3823 plenitudinem,
865 3756 928 3822 quia
941 3754 1050 3820 pinguis
1072 3765 1099 3805 et
1119 3754 1176 3820 opi-

643 3845 705 3879 mus
715 3829 792 3878 omni
809 3826 942 3893 spirituali
957 3824 1055 3876 virtute
1071 3825 1103 3876 in
1114 3834 1177 3876 tan-

641 3909 700 3949 tum
715 3909 765 3957 est,
779 3908 811 3948 ut
821 3914 870 3963 pro
883 3896 966 3947 totius
980 3897 1075 3946 mundi
1089 3897 1176 3946 salute
