2632 4320
199 290 247 341 DE
262 290 432 342 SERMONE
448 289 494 340 ET
510 288 695 339 ORATIONE
712 288 841 341 DOMINI
859 288 894 340 IN
910 287 1026 340 OOENA.

55 405 156 473 operis.
171 404 227 456 Nos
240 420 303 472 ergo
322 405 374 456 hoc
385 403 507 469 exemplo
527 401 585 455 effi-

56 476 153 529 caciter
166 486 193 526 et
206 475 342 527 fructuose
361 475 475 526 invicem
490 473 587 540 diliga-

56 563 129 611 mus,
141 547 290 598 secundum
302 546 369 597 illud
382 545 489 597 loannis
502 561 510 596 :
524 545 587 596 Non

56 619 205 685 diligamus
221 618 309 680 verbo,
325 631 407 684 neque
420 618 525 684 lingua,
540 616 589 667 sed

56 703 138 757 opere
156 695 183 740 et
204 689 330 740 veritate.
346 689 382 739 Et
402 689 488 739 multo
502 687 589 753 magis

56 764 145 814 Deum
159 761 315 828 diligamus,
337 771 368 814 ut
390 775 543 813 sermonem
562 769 589 811 et

56 833 182 884 mandata
200 833 257 897 ejus
282 847 427 883 servemus.
447 860 477 871 -
496 830 588 882 Tertio

56 912 145 963 recte,
174 902 239 968 quia
263 903 332 954 hanc
354 903 525 954 dilectionem
555 901 588 953 ad

56 984 177 1026 nostram
194 976 390 1027 beatitudinem
404 975 548 1038 ordinavit,
562 983 589 1026 et

57 1054 88 1096 ut
101 1044 135 1096 ad
150 1045 236 1117 Deum
252 1061 302 1096 nos
316 1047 444 1110 traheret;
456 1062 510 1097 non
520 1045 589 1096 sicut

56 1116 186 1169 homines
200 1132 259 1169 sese
273 1117 389 1170 invicem
401 1119 550 1183 carnaliter,
563 1127 589 1169 et

57 1201 107 1252 pro
137 1189 279 1238 commodo
306 1198 412 1240 terreno
436 1189 588 1256 diligentes.

58 1258 103 1310 Sic
125 1273 189 1326 ergo
207 1269 234 1311 et
248 1275 299 1311 nos
317 1260 346 1310 in
370 1259 511 1326 proximis,
533 1276 589 1310 non

57 1329 132 1396 quod
152 1330 273 1382 beneficii
289 1341 338 1392 est,
351 1346 406 1383 seu
426 1331 589 1392 dilectionis,

57 1401 105 1452 sed
122 1402 197 1468 quod
207 1403 255 1454 Dei
270 1414 310 1455 est
324 1405 454 1456 debemus
474 1403 590 1470 iiligere,

59 1483 86 1527 et
100 1474 215 1526 invicem
229 1478 262 1527 ad
277 1477 338 1538 hoc,
353 1487 383 1528 ut
398 1477 483 1528 Deun.
498 1476 592 1528 babea-

59 1563 131 1598 mus.
148 1548 218 1599 Sunt
229 1548 302 1599 enim
316 1567 323 1600 ε
338 1549 418 1601 amici
432 1559 544 1613 naturae,
563 1559 590 1600 et

58 1629 124 1670 sunt
138 1619 217 1670 amici
237 1620 362 1682 fortuna,
385 1633 411 1672 et
427 1631 489 1672 sunt
511 1619 590 1671 amici

57 1692 159 1760 gratiae,
174 1703 200 1744 et
221 1692 250 1743 hi
269 1693 359 1745 ultimi
373 1695 424 1745 soli
438 1695 591 1761 approban-

58 1773 102 1814 tur
117 1778 133 1814 a
150 1764 217 1816 Deo.
233 1763 307 1815 Licet
319 1764 393 1815 enim
408 1765 436 1816 in
449 1765 592 1816 dilectione

59 1833 197 1899 proximi,
225 1834 377 1886 includatur
406 1835 515 1886 dilectio
542 1835 590 1886 Dei

59 1916 190 1974 tanquam
214 1907 397 1973 principalior,
420 1907 484 1974 quia
498 1908 591 1974 proxi-

58 1993 121 2029 mus
141 1988 255 2029 nonest
276 1976 429 2045 diligendus
451 1978 504 2029 nisi
525 1994 592 2044 pro-

58 2057 118 2114 pter
149 2049 248 2113 Deum;
282 2049 401 2099 Salvator
431 2059 519 2100 tamen
547 2048 592 2099 hic

58 2117 147 2184 magis
166 2117 230 2170 facit
251 2119 417 2171 mentionem
436 2134 591 2185 expressam

57 2189 92 2240 de
113 2188 257 2241 dilectione
279 2189 407 2256 proximi,
427 2205 509 2257 quam
533 2189 609 2250 Dei„

58 2277 122 2313 cum
134 2261 209 2326 dicit,
224 2263 344 2326 invicem,
357 2263 421 2330 quia
437 2262 593 2314 intendebat

57 2333 205 2400 Apostolos
231 2335 356 2385 inducere
382 2336 415 2386 ad
436 2334 592 2386 edificatio-

59 2421 133 2466 nem,
146 2414 172 2457 et
186 2407 397 2458 consolationem
412 2406 544 2466 fidelium,
566 2417 593 2458 et

57 2477 90 2527 ad
108 2475 280 2543 perferendas
294 2477 483 2528 tribulationes
499 2493 592 2543 perse-

58 2559 200 2611 cutorum,
223 2551 256 2600 ad
280 2551 353 2617 quod
380 2550 529 2601 necessaria
553 2561 593 2601 est

58 2619 157 2670 caritas
186 2621 313 2686 proximi,
340 2636 402 2688 quae
436 2631 537 2685 tamen,
562 2632 593 2672 ut

59 2688 229 2751 dictumest,
246 2690 360 2741 includit
374 2690 509 2742 caritatem
532 2691 590 2744 Dei.

91 2756 108 2808 6
134 2759 215 2809 Sioua
238 2776 412 2811 oraacrtorus.
435 2789 466 2800 -
492 2762 525 2812 Et
539 2762 592 2813 ite-

58 2846 121 2882 rum
151 2848 158 2881 ι
186 2831 323 2899 Maiorem
352 2834 403 2884 hac
425 2833 593 2886 dilectionem

60 2915 137 2953 nemo
156 2902 242 2966 habet,
261 2909 291 2954 ut
304 2903 421 2954 animam
442 2918 518 2955 suam
538 2921 592 2971 po-

60 2979 110 3024 rtal*
128 2973 188 3039 quis
204 2989 257 3040 pro
274 2974 369 3024 amicis
383 2975 449 3025 suis.
464 2976 593 3027 Dilectio-

60 3061 125 3097 nem
138 3058 215 3098 vocat
228 3047 273 3098 hic
286 3047 407 3113 signum,
422 3059 448 3099 et
462 3050 594 3114 probatio-

59 3133 121 3169 nem
134 3119 296 3180 dilectionis,
311 3120 338 3169 id
348 3131 389 3171 est
397 3121 592 3173 exhibitionem

60 3188 160 3255 operis,
178 3189 341 3240 transferens
351 3191 384 3240 de
398 3205 476 3242 causa
487 3192 520 3242 ad
535 3192 594 3243 effe·

61 3268 145 3311 ctum.
173 3259 209 3311 Et
233 3260 345 3326 quidem
374 3261 480 3311 nullum
506 3263 593 3327 majus

60 3328 215 3381 dilectionis
235 3341 425 3396 argumentum
442 3343 490 3392 est,
510 3349 592 3400 quam

60 3415 161 3466 ponere
188 3400 309 3452 animam
335 3417 383 3467 pro
403 3403 516 3465 amicis,
541 3404 593 3455 hoc

61 3470 135 3522 enim
154 3479 195 3523 est
210 3471 336 3522 ultimum
350 3473 459 3539 signum
483 3476 592 3536 amoris,

59 3543 130 3593 ultra
143 3544 217 3610 quod
236 3560 292 3594 non
311 3554 351 3595 est
370 3544 443 3595 aliud
466 3546 592 3597 inveniri.

59 3614 145 3665 Amor
171 3629 289 3680 namque
311 3630 356 3680 per
378 3627 493 3681 quatuor
516 3617 592 3683 signa

61 3693 150 3750 potest
161 3684 325 3736 manifestari
342 3703 349 3736 ι
360 3687 457 3752 primo,
471 3703 517 3753 per
530 3702 593 3738 ver-

61 3754 103 3816 ba,
123 3756 233 3821 quando
253 3756 326 3806 enim
355 3772 401 3807 cor
419 3757 539 3808 abundat
563 3757 591 3808 in
608 3821 610 3824 y

59 3839 162 3888 amore,
173 3836 238 3878 tunc
248 3842 278 3876 os
287 3828 406 3879 abundat
416 3827 444 3877 in
457 3843 592 3889 sermone,

62 3896 135 3964 quia,
153 3913 191 3951 ex
209 3899 373 3955 abundantia
394 3900 484 3952 cordis
502 3914 533 3951 os
549 3900 592 3951 lo-

1124 303 1175 354 421

646 402 752 468 quitur-3
779 403 907 466 secundo,
933 418 980 469 per
1006 402 1101 452 collata
1129 402 1178 454 be-

647 474 750 552 neficia,
771 485 797 527 et
814 475 887 527 istud
906 485 947 527 est
967 475 1054 540 majus
1068 474 1177 540 signum

647 546 886 613 quamprimum,
918 546 983 614 quia
1010 545 1089 597 multi
1120 560 1178 596 ser-

645 617 733 669 virent
759 618 793 668 de
817 617 906 669 verbis
937 618 1009 679 suis,
1043 616 1091 683 qui
1122 631 1177 667 non

647 687 777 739 servirent
804 687 837 738 de
862 687 919 738 suis
949 688 1047 751 rebus;
1080 685 1177 746 tertio,

645 776 693 827 per
720 759 848 827 obsequia
870 760 1031 826 personalia,
1059 769 1085 810 et
1107 758 1177 810 istud

646 841 686 882 est
713 830 800 882 adhuc
834 831 922 895 majus
951 829 1061 895 signum
1095 843 1177 895 quam

647 902 767 968 primum
802 902 844 952 vel
880 900 1052 960 secundum,
1098 899 1177 950 multi

646 975 721 1025 enim
743 974 874 1026 servirent
894 975 928 1024 de
948 988 996 1024 sua
1019 973 1179 1033 substanna,

647 1047 764 1114 quinon
785 1046 916 1097 servirent
934 1045 1028 1095 desua
1049 1059 1178 1110 persona3

647 1129 743 1186 quarto
763 1134 810 1184 per
824 1119 941 1179 adversa,
956 1117 1065 1183 quando
1079 1115 1181 1166 scilicet

647 1191 709 1258 quis
736 1206 785 1257 pro
808 1206 897 1243 amore
922 1189 1001 1241 amici
1025 1204 1054 1240 se
1071 1187 1182 1254 exponit

649 1263 740 1325 morti,
764 1262 842 1313 multi
870 1260 945 1313 enim
970 1261 1064 1311 darent
1086 1274 1181 1326 perso-

650 1350 712 1385 nam
731 1335 764 1385 ad
790 1333 971 1395 serviendum,
988 1331 1036 1399 qui
1064 1347 1120 1382 non
1134 1330 1183 1380 da·

649 1414 709 1455 rent
722 1404 842 1456 animam
857 1418 935 1454 suam
948 1402 981 1452 ad
999 1400 1182 1452 moriendum.

649 1479 679 1529 ln
695 1477 747 1528 hoc
760 1492 824 1543 ergo
838 1476 912 1542 quod
924 1474 1050 1526 Christus
1065 1490 1113 1542 pro
1125 1488 1179 1525 no-

650 1549 692 1601 bis
704 1546 823 1613 crucifigi
847 1556 873 1598 et
892 1546 961 1597 mori
974 1546 1068 1607 voluit,
1085 1544 1182 1597 infini-

650 1630 704 1671 tam
724 1620 804 1670 nobis
824 1618 961 1669 caritatem
979 1618 1105 1690 ostendit.
1129 1615 1183 1669 Ubi

651 1693 830 1760 Gregorius:
848 1710 861 1738 c
876 1690 945 1741 Mori
960 1691 1040 1740 etiam
1064 1706 1113 1756 pro
1136 1688 1186 1740 ini-

651 1765 730 1816 micis
756 1762 891 1814 Dominus
914 1771 1029 1823 venerat,
1053 1770 1183 1812 ettamen

650 1835 802 1902 positurum
832 1848 861 1884 se
881 1832 1000 1883 animam
1024 1848 1073 1899 pro
1090 1830 1184 1883 amicis
1215 1892 1221 1905 1

650 1907 763 1967 dicebat,
777 1914 808 1956 ut
834 1902 913 1954 nobis
936 1903 1097 1962 ostenderet,
1119 1900 1184 1968 quia

650 1994 712 2029 cum
726 1976 862 2043 diligendo
876 1975 980 2024 lucrum
997 1973 1082 2024 facere
1091 1973 1124 2023 de
1134 1970 1184 2022 ini·

650 2051 728 2101 micis
747 2064 902 2116 possumus,
924 2047 1006 2098 etiam
1028 2046 1080 2113 ipsi
1100 2044 1179 2097 amici

651 2131 712 2173 sunt
726 2120 775 2187 qui
787 2128 992 2187 persequuntur.
1008 2118 1184 2183 Consequens

650 2209 713 2260 ergo
733 2202 784 2253 est,
799 2201 830 2243 ut
846 2191 1078 2259 quemadmodum
1101 2187 1184 2253 Chri-

651 2274 709 2315 stus
738 2264 858 2314 animam
891 2276 940 2328 pro
970 2260 1050 2312 nobis
1083 2259 1183 2326 posuit,

651 2335 690 2386 sic
709 2343 735 2385 et
762 2334 867 2385 animas
884 2348 932 2398 pro
954 2330 1083 2382 iratribus
1099 2345 1185 2396 pona-

651 2421 722 2457 mus.
737 2426 751 2453 n
764 2407 887 2466 Quatuor
901 2402 975 2454 enim
990 2416 1054 2454 sunt
1067 2403 1185 2467 diligen-

651 2479 684 2527 da
708 2491 756 2542 per
775 2476 901 2526 ordinem
917 2488 949 2523 ex
964 2473 1083 2533 caritate,
1109 2471 1184 2523 scili-

651 2547 817 2607 cet2Deus,
844 2545 950 2606 anima,
979 2543 1130 2609 proximus,
1158 2551 1184 2591 et

651 2633 757 2684 corpus.
773 2617 806 2667 Et
826 2616 887 2666 ideo
900 2632 962 2667 cum
976 2614 1072 2665 caritas
1084 2612 1121 2662 sit
1137 2627 1185 2662 or-

651 2692 742 2741 dinata
756 2707 764 2740 ι
777 2704 826 2756 pro
840 2688 901 2754 ipso
923 2689 994 2751 Deo,
1013 2685 1060 2752 qui
1072 2693 1112 2735 est
1125 2684 1184 2750 pri-

652 2777 728 2812 mum
749 2769 776 2812 et
803 2757 954 2810 maximum
979 2755 1127 2823 diligibile,
1152 2769 1183 2805 ex

652 2833 761 2884 caritate
789 2831 889 2883 debent
916 2829 967 2881 alia
993 2829 1044 2879 tria
1069 2825 1183 2892 exponi,

652 2906 721 2956 sicut
741 2903 832 2953 minus
850 2917 898 2968 pro
914 2900 1026 2966 majori3
1045 2913 1095 2965 pro
1119 2896 1181 2948 ani-

652 2992 696 3028 ma
706 2990 769 3027 vero
783 2973 892 3041 propria
913 2973 992 3023 debet
1006 2971 1147 3038 proximus
1159 2979 1185 3021 et

646 3063 749 3113 corpus
765 3044 904 3112 proprium
929 3042 1077 3106 contemni;
1096 3052 1122 3094 ct
1137 3056 1185 3108 pro

652 3119 736 3170 salute
759 3116 876 3183 proximi
894 3115 973 3166 debet
986 3113 1041 3166 vita
1060 3128 1186 3180 corpora-

653 3192 687 3242 lis
704 3189 813 3254 exponi.

685 3278 701 3325 7
723 3260 869 3310 Cantrnrts
889 3274 1079 3310 excaecatam.
1102 3256 1186 3306 -Et

653 3333 751 3384 iterum
765 3348 773 3382 ι
785 3331 855 3382 Haec
874 3332 971 3382 mando
986 3329 1060 3380 vobis
1078 3334 1107 3379 ul
1120 3327 1186 3378 dili-

652 3406 727 3473 gatis
746 3404 867 3466 invicem,
889 3403 952 3470 quia
977 3401 1055 3452 aliter
1080 3400 1184 3450 nullum

653 3475 781 3528 solatium
795 3474 941 3534 habebitis,
953 3472 1005 3523 nisi
1017 3472 1046 3521 in
1057 3471 1136 3523 vobis
1149 3472 1188 3522 in-

652 3548 738 3599 vicem
765 3545 894 3608 habeatis,
918 3545 964 3597 sed
988 3543 1090 3609 absque
1117 3542 1188 3592 dile—

652 3617 751 3678 ctione,
759 3617 895 3674 solatium‚
903 3625 929 3665 et
938 3613 1148 3665 consolationem
1159 3612 1188 3662 in

652 3689 730 3740 vobis
751 3687 867 3737 invicem
880 3686 978 3736 habere
991 3701 1046 3734 non
1064 3683 1187 3749 potestis.

653 3761 817 3823 Praeceptum
832 3756 985 3806 dilectionis
1010 3770 1115 3820 semper
1141 3753 1188 3803 in-

652 3832 746 3889 culcat,
754 3839 782 3879 et
793 3839 922 3893 tanquam
937 3828 993 3878 sola
1002 3826 1109 3876 dilectio
1121 3839 1187 3891 prae-

652 3900 775 3966 cipienda
791 3899 835 3960 sit,
849 3913 909 3949 eam
922 3912 1029 3964 semper
1044 3912 1186 3948 commen-
