2632 4320
156 253 202 304 DE
222 246 460 302 SAMARITANIS
473 239 668 293 HOSPITIUM
683 235 827 288 DOMINO
842 236 1075 290 NEGANTlBUS.
1131 239 1181 307 159

59 371 133 425 nihil
153 369 226 422 aliud
246 367 305 428 tibi,
326 374 373 416 aut
392 363 468 414 aliter
487 359 594 411 evenire

57 446 142 498 velles
151 453 198 493 aut
212 441 279 492 velle
290 439 417 498 deberes;
431 444 457 485 et
470 433 531 483 ideo
545 447 601 496 pro

58 515 178 582 singulis
190 514 213 564 ei
229 510 327 579 gratias
342 519 368 560 et
380 508 473 558 laudes
490 519 561 570 agas.

90 603 109 653 4
133 587 221 635 Zetus
245 595 415 632 mnrscaarus
428 579 594 636 ‚Aeosroao-

56 666 125 702 nun.
150 677 181 686 -
210 644 272 695 lrati
301 644 393 709 itaque
421 639 535 690 lacobus
570 646 595 687 et

55 723 172 773 loannes
191 725 284 766 contra
299 712 489 769 samaritanos,
506 709 595 758 volue-

55 800 122 841 runt
145 789 237 855 ignem
259 801 273 835 e
290 785 357 834 coelo
378 783 412 832 ad
428 793 593 831 consumen-

55 864 124 914 dum
146 877 192 911 eos
207 860 359 924 impetrare,
376 856 497 904 dicentes
514 852 594 902 :Do-

56 935 145 995 mine,
176 932 202 980 si
234 929 294 992 vir,
326 926 440 977 dicimus
467 931 495 974 ut
520 923 595 989 ignis

57 1005 206 1058 descendat
228 1003 262 1052 de
286 1000 362 1063 coelo,
387 999 414 1048 id
430 1007 470 1048 est
486 997 520 1046 de
540 996 593 1046 alto

57 1079 129 1129 sicut
154 1075 261 1141 fulgura
284 1083 310 1123 et
339 1069 507 1136 hujusmodi,
533 1082 593 1133 quae

56 1145 268 1198 omniaveniunt
279 1145 311 1192 de
323 1142 389 1192 coelo
400 1156 486 1197 aereo,
499 1145 525 1188 et
536 1153 595 1189 con-

57 1223 149 1270 sumat
162 1217 226 1268 illos
243 1226 270 1265 te
283 1213 403 1279 recipere
420 1213 553 1262 nolentes.
569 1210 593 1259 0

57 1300 160 1358 quanta
186 1287 285 1338 fiducia
304 1301 403 1336 eorum
429 1284 457 1333 in
475 1282 593 1332 Domino

54 1371 121 1421 erat,
137 1360 185 1426 qui
198 1360 256 1408 solo
269 1357 352 1407 verbo
364 1371 394 1406 se
408 1368 487 1420 posse
501 1352 594 1402 crede-

55 1436 123 1486 bant
130 1443 160 1483 ut
168 1432 240 1498 ignis
250 1431 283 1481 de
291 1430 360 1480 coelo
369 1427 540 1477 descenderet
548 1423 596 1474 lAt

50 1504 217 1573 'hujusmodi
227 1502 348 1554 vindicta
362 1515 424 1566 quae
437 1499 543 1548 laudata
554 1507 595 1547 est

55 1580 85 1630 in
98 1577 171 1637 Elia,
192 1575 219 1625 in
242 1574 302 1625 istis
318 1582 360 1623 est
380 1587 396 1622 a
413 1569 530 1620 Domino
551 1585 593 1619 re-

55 1650 178 1716 probata,
205 1645 268 1712 quia
290 1645 342 1695 hoc
357 1658 413 1693 non
435 1640 594 1706 appetebant

56 1736 90 1771 ex
117 1718 231 1769 caritate
254 1725 281 1766 et
306 1729 398 1765 amore
421 1711 594 1762 correctionis

57 1805 164 1847 eorum,
177 1788 220 1838 vel
234 1786 359 1837 finiendae
368 1785 397 1834 in
409 1783 464 1833 illis
474 1783 592 1840 malitiae,

57 1861 127 1912 sicut
138 1860 185 1909 ille
196 1874 202 1920 ;
214 1860 261 1907 sed
278 1872 309 1907 ex
323 1853 489 1920 impatientia
503 1853 594 1919 potius

57 1926 594 1995 etindiscretioneetappetituvindictae.

58 2006 88 2057 ln
108 2022 165 2072 quo
180 2003 272 2055 innuit
288 2001 433 2061 Dominus,
453 2000 526 2066 quod
540 2015 594 2048 non

57 2080 127 2131 valet
141 2079 226 2138 zelus,
241 2075 294 2126 nisi
312 2075 348 2126 sit
363 2073 478 2124 discreta
495 2072 594 2122 volun-

59 2159 105 2200 tas.
136 2148 215 2200 Unde
251 2146 341 2197 verbis
370 2143 492 2210 Apostoli
524 2142 594 2193 Petri

61 2219 174 2272 Ananias
187 2228 214 2270 et
225 2234 295 2268 uxor
312 2218 369 2282 ejus
383 2216 521 2266 exanimes
531 2215 596 2264 ceci·

62 2291 165 2354 derunt,
177 2306 231 2340 non
248 2288 320 2347 odio,
332 2287 378 2337 sed
387 2288 456 2352 justa
465 2285 595 2349 vindicta3

63 2372 85 2412 et
97 2362 199 2412 Paulus
214 2358 359 2426 quemdam
373 2366 538 2422 peccatorem
548 2365 597 2405 tra-

62 2433 126 2484 didit
149 2433 256 2482 Satanae
277 2430 306 2479 in
332 2428 472 2478 interitum
497 2427 594 2486 carnis,

65 2514 90 2554 ut
110 2504 200 2555 anima
217 2512 287 2553 esset
306 2502 385 2552 salva.
400 2499 475 2550 Unde
492 2499 569 2548 Beda
587 2516 595 2548 .-

66 2572 270 2640 «Reprehendit
281 2571 311 2622 in
325 2569 531 2623 istisDominus
541 2580 595 2619 non

66 2646 214 2711 &emplum
225 2642 368 2708 Prophetae
381 2640 476 2700 sancti,
491 2641 538 2692 sed
547 2656 596 2690 vo·

67 2712 191 2766 luntatem
216 2712 389 2771 vindicandi,
415 2727 477 2778 quae
508 2710 596 2761 adhuc

68 2795 116 2836 erat
128 2786 157 2836 in
170 2784 288 2835 rudibus
296 2798 309 2847 ς
322 2782 536 2832 animadvertens
549 2797 597 2832 eos

70 2868 117 2905 aon
132 2869 225 2908 amore
247 2853 451 2914 correctionem,
468 2853 515 2902 sed
533 2853 596 2904 odio

69 2922 212 2976 desiderare
225 2924 397 2975 vindictam:
412 2942 425 2971 n
438 2923 495 2973 haec
509 2923 596 2974 Beda.

69 2991 137 3046 Unde
147 2994 216 3046 dicit
230 2996 287 3045 eis:
301 2993 425 3045 Nescitis
439 2994 516 3060 cujus
529 2993 597 3060 Spi-

68 3065 130 3119 nur
144 3068 220 3131 estis,
242 3065 347 3118 scilicet
365 3065 486 3131 Spiritus
507 3065 596 3116 Sancti

72 3137 110 3201 qui
132 3137 223 3188 bonus
246 3145 285 3187 est
307 3145 334 3186 et
363 3134 463 3196 suavis,
481 3135 534 3186 hoc
558 3145 598 3185 est

71 3222 117 3260 non
126 3210 194 3261 bene
203 3207 396 3276 recognoscitis
407 3208 484 3273 cujus
495 3206 597 3273 Spiritu

70 3277 158 3345 signati
167 3279 245 3339 estis,
254 3289 280 3329 et
289 3278 349 3328 ideo
356 3277 439 3328 vultis
450 3293 496 3343 per
503 3277 596 3327 odium

35 3408 39 3415 ¹
70 3362 182 3402 exercere
196 3350 355 3410 vindictam,
370 3349 445 3415 quod
467 3365 520 3399 non
537 3349 598 3399 licet

69 3420 111 3474 Dei
135 3423 236 3474 servis..
255 3424 286 3473 ln
315 3423 390 3472 Novo
410 3421 485 3473 enim
506 3423 598 3472 Testa-

69 3503 164 3555 neum,
177 3493 251 3560 quod
268 3502 309 3543 est
323 3493 433 3556 amoris,
448 3494 597 3558 proceden-

68 3559 127 3619 dum
147 3573 189 3614 est
210 3562 328 3613 suaviter
348 3572 375 3612 et
397 3562 520 3628 benigne,
540 3578 597 3612 non

66 3634 132 3686 sicut
154 3636 184 3686 in
197 3635 298 3687 .Veteri
320 3635 503 3695 Testamento,
524 3635 597 3702 quod

65 3714 101 3756 est
109 3704 228 3766 timoris,
244 3704 291 3755 ubi
303 3705 494 3771 procedebatur
505 3720 598 3771 aspere

10 3786 12 3795 ·
64 3787 89 3828 et
109 3778 207 3844 rigide.
232 3777 312 3829 Unde
334 3777 457 3828 Glorra:
477 3796 491 3825 n
514 3778 598 3842 Cujus

63 3848 164 3915 Spiritu
185 3847 286 3915 signati
305 3847 378 3913 estis,
404 3849 462 3914 ejus
489 3859 515 3900 et
541 3857 599 3899 acta

647 353 803 414 imitemini,
819 370 892 404 nunc
907 353 951 420 pie
965 357 1133 409 consolantes
1154 372 1181 412 et

647 427 673 476 in
699 425 823 491 praesenti
847 425 1002 491 patientiam
1031 428 1178 495 habentes;

647 498 693 547 sed
710 498 737 546 in
751 496 842 546 futuro
855 496 924 561 juste
944 495 1100 560 judicantes,
1117 516 1179 552 cum

647 571 773 622 sedebitis
798 584 878 634 super
902 569 979 618 sedes
1002 571 1178 625 duodecim.»

648 643 681 693 Et
695 641 835 707 subjungit
849 639 983 691 Dominus
1003 661 1010 692 :
1027 643 1117 694 Filius
1129 646 1181 698 ho-

646 713 726 762 minis
736 726 787 762 non
802 710 873 760 venit
885 710 991 761 animas
995 714 1120 778 perdere,
1133 732 1181 781 per

647 782 764 848 rigorem
788 780 897 845 justitiae
924 781 1015 831 statim
1038 783 1180 838 inferendo

648 869 754 920 poenam
781 851 885 911 mortis,
916 852 986 902 sicut
1017 869 1063 904 vos
1088 858 1180 919 vultis,

646 925 770 991 quinimo
782 924 897 990 perditio
909 934 949 974 est
970 939 1002 974 ex
1018 927 1096 977 vobis
1110 945 1116 990 ;
1132 931 1181 980 sed

647 997 718 1048 venit
738 997 846 1047 salvare
869 996 981 1059 animas,
1004 1013 1051 1062 per
1070 1000 1181 1052 miseri-

646 1069 764 1118 cordiam
776 1078 802 1119 et
814 1083 901 1133 poenae
916 1069 1115 1131 relaxationem,
1131 1074 1182 1124 sic·

647 1148 677 1188 ut
690 1138 796 1204 expedit
816 1138 938 1188 miseris:
954 1139 1090 1190 salvantur
1106 1144 1181 1195 enim

647 1211 746 1261 melius
759 1210 909 1271 clementia,
924 1226 1007 1278 quam
1021 1213 1129 1264 saevitia.
1147 1217 1182 1268 Et

646 1286 675 1336 in
697 1286 750 1335 hoc
776 1286 856 1335 datur
877 1286 1031 1351 exemplum
1051 1291 1179 1353 praelatis,

646 1367 744 1407 utnon
763 1355 863 1417 statim,
879 1365 978 1407 etcum
1001 1358 1103 1424 impetu
1116 1377 1181 1427 pec-

646 1444 701 1481 cata
716 1431 831 1497 puniant
840 1446 847 1494 ;
862 1431 908 1481 sed
930 1431 1016 1498 magis
1033 1442 1141 1500 tempus
1153 1448 1179 1488 et

646 1503 736 1552 locum
762 1511 931 1568 exspectent,¹
952 1518 1000 1552 nec
1026 1520 1132 1572 semper
1154 1508 1182 1559 in

645 1582 783 1637 peccantes
791 1571 936 1623 vindictam
944 1586 1091 1626 exerceant.
1103 1578 1182 1629 Unde

646 1642 825 1693 Ambrosius:
840 1660 854 1688 «
868 1642 938 1700 Quia
951 1659 1015 1693 vero
1030 1644 1180 1712 discipulos

647 1711 803 1777 increpavit,
829 1727 861 1761 eo
889 1713 962 1777 quod
988 1713 1079 1778 ignem
1101 1732 1183 1784 super

647 1799 693 1834 eos
707 1783 867 1833 descendere
880 1783 1037 1849 gestiebant,
1058 1788 1105 1853 qui
1126 1807 1181 1841 non

647 1864 799 1920 receperant
812 1853 961 1911 Christum,
972 1857 1121 1908 ostenditur
1130 1876 1183 1910 no-

648 1927 690 1978 bis
710 1943 765 1976 non
787 1942 893 1992 semper
910 1926 937 1975 in
956 1929 1066 1995 eosqui
1086 1947 1180 1995 pecca-

647 2009 742 2050 verunt
753 1998 948 2049 vindicandum
959 2015 967 2063 3
983 2001 1047 2066 quia
1059 2019 1183 2055 nonnun-

647 2086 729 2138 quam
756 2069 874 2135 amplius
903 2071 1012 2136 prodest
1040 2074 1181 2127 clementia

647 2142 697 2193 tibi
719 2143 750 2193 ad
767 2141 932 2208 patientiam,
948 2143 1022 2208 lapso
1039 2145 1071 2194 ad
1090 2162 1183 2199 corre-

649 2213 775 2262 ctionem.
790 2210 914 2277 Denique
927 2213 1089 2267 Samaritani
1102 2217 1183 2269 citius

648 2284 832 2344 crediderunt,
860 2298 875 2332 a
907 2284 1007 2349 quibus
1038 2287 1089 2337 hoc
1125 2290 1183 2339 loco

649 2355 719 2421 ignis
732 2364 844 2404 arcetur.
870 2354 1004 2405 Dominus
1022 2367 1112 2408 autem
1136 2376 1183 2410 nec

648 2428 677 2476 in
689 2427 741 2476 hos
756 2427 879 2476 indevote
897 2426 1044 2476 Dominum
1061 2429 1184 2479 refutan-

649 2509 689 2548 tes
700 2497 840 2563 proprium
851 2507 1044 2557 commovetur,
1056 2509 1086 2548 ut
1098 2511 1184 2550 osten-

648 2569 723 2618 deret
740 2566 804 2632 quia
825 2581 880 2615 non
897 2566 978 2616 habet
994 2567 1107 2617 ultionis
1121 2579 1183 2619 stu-

648 2641 726 2689 dium
747 2637 861 2696 perlecta
875 2638 980 2702 virtus,
1003 2654 1052 2690 nec
1073 2641 1129 2691 ulla
1152 2641 1183 2694 fit

649 2711 804 2772 iracundia,
830 2710 877 2761 ubi
899 2711 1039 2777 plenitudo
1063 2723 1104 2764 est
1135 2731 1182 2766 ca-

649 2781 746 2844 ritatis,
769 2798 818 2832 nec
840 2783 1006 2834 excludenda
1028 2783 1182 2847 infirmitas,

649 2856 696 2905 sed
708 2854 831 2919 iuvanda.
847 2853 940 2904 Procul
956 2854 1120 2920 areligiosis
1135 2857 1181 2907 in-

649 2925 778 2992 dignati0,
792 2925 885 2989 procul
902 2940 918 2975 a
931 2926 1116 2990 magnanimis
1131 2944 1182 2978 cu-

648 2995 747 3061 piditas
761 2993 885 3055 ultionis,
898 2997 994 3060 procul
1007 3011 1023 3046 a
1038 2998 1183 3062 prudenti-

649 3069 701 3118 bus
710 3067 878 3118 considerata
886 3068 1033 3118 commotio
1041 3079 1067 3120 et
1077 3070 1184 3122 incauta

649 3137 827 3204 simplicitas!
843 3157 857 3186 a
873 3138 931 3191 hoec
949 3140 1119 3192 Ambrosius.
1135 3143 1184 3192 Per

648 3210 776 3259 iacobum
797 3218 824 3259 et
850 3209 992 3270 Joannem,
1018 3211 1065 3276 qui
1092 3211 1181 3261 adhuc

649 3278 798 3345 imperfecti
822 3289 904 3339 erant,
925 3279 1109 3345 significantur
1131 3281 1183 3330 ho-

649 3349 737 3400 mines
760 3349 909 3415 imperfecti
929 3360 1080 3416 quaerentes
1101 3349 1183 3403 nimis

649 3422 715 3472 dure
728 3421 869 3482 vindicari,
886 3423 933 3472 sed
948 3423 1076 3488 Magister
1092 3421 1182 3487 perfe-

647 3496 747 3547 ctionis
762 3495 888 3561 prohibet
898 3495 950 3545 hoc
961 3493 1029 3544 fieri.

675 3565 695 3617 Ι5
714 3569 761 3618 lna
776 3584 809 3617 ar
824 3583 906 3616 uarro
922 3582 1042 3616 uranon
1061 3580 1137 3616 suar.
1153 3593 1184 3606 --

649 3637 685 3688 Et
705 3637 770 3704 quia
786 3636 946 3687 Samaritani
962 3635 1107 3685 noluerunt
1125 3637 1184 3686 Do-

649 3708 756 3758 minum
778 3707 880 3766 Jesurn,
904 3715 931 3755 et
955 3705 1102 3770 discipulos
1127 3708 1185 3771 ejus

650 3779 722 3828 intra
747 3775 882 3827 civitatem
904 3790 981 3825 suam
1007 3775 1125 3842 recipere
1151 3778 1185 3828 ad

651 3848 857 3914 hospitandum,
893 3846 1016 3897 abierunt
1052 3847 1079 3899 in
1106 3849 1185 3901 aliud
