2632 4320
157 272 205 322 DE
220 270 327 321 CAEOO
343 268 567 320 ammam
583 266 680 319 ANTE
697 268 899 321 INGRESSUM
917 268 1082 321 lumerto.
1128 268 1179 336 175

51 398 79 440 et
94 386 243 437 mendicat.
264 387 458 436 Praetereumes
469 400 534 434 aero
549 384 589 433 si-

51 461 169 512 lentium
179 475 248 509 caeco
259 459 400 523 imponere
412 458 516 511 rolant,
527 457 592 522 quia

51 532 192 585 immundi
200 531 313 597 spiritus
322 531 411 580 acrius
421 542 515 580 coam
527 545 591 578 eum

51 620 135 672 quem
164 603 200 652 ad
227 601 333 652 veniam
362 602 449 651 redire
475 601 593 650 tideriat

53 682 235 740 consurgunt,
252 682 280 722 et
295 688 328 722 ne
350 683 471 736 pecmm
483 673 517 721 ad
530 688 593 735 po:-

647 384 861 434 misericordiam
876 385 1012 435 Dominus
1027 386 1186 451 peanitenti-

646 457 699 506 bus
718 456 852 517 exhibeat,
872 460 952 524 quale
974 460 1107 508 auxilium
1130 475 1184 525 pu-

646 527 794 592 gnantibus
805 540 898 577 contra
908 540 1046 592 peccatam
1057 530 1182 593 praebeat.

646 610 840 663 consequenter
861 599 1017 649 declaratur.
1040 601 1094 660 Qui
1108 602 1182 651 enim

647 667 723 732 prius
741 669 872 718 transibat
894 681 1001 733 propter
1023 671 1184 721 tentationes

52 746 199 798 nitentiam
212 745 311 803 redeat,
325 744 519 794 contradicunt.
538 745 593 793 Nec
618 760 624 833 q
646 753 715 821 quas
729 738 758 787 in
772 738 896 788 oratione
909 740 1037 804 patimur,
1052 742 1074 790 si
1088 741 1115 789 in
1126 756 1183 791 ora·

53 821 143 871 solum
163 816 299 867 immundi
313 815 435 881 spiritus.
449 818 496 866 sed
509 817 589 866 edam
645 823 718 861 tione
732 812 998 877 perseterarerimus,
1015 814 1090 878 quasi
1110 826 1184 864 stans

54 891 111 956 ipsa
142 886 312 939 consuetudo
341 887 466 952 peccandi
498 888 593 937 durius

55 960 151 1026 incipit
171 959 310 1018 rebellare,
330 975 392 1008 cum
406 961 519 1010 senserit
532 972 593 1026 post

56 1040 162 1083 assueta
178 1031 248 1080 mala
265 1029 299 1078 ad
321 1029 435 1079 virtutes
452 1031 592 1080 hominem

54 1103 118 1153 velle
131 1101 230 1152 redire.
244 1100 296 1150 Sed
310 1115 364 1165 quo
373 1100 461 1150 acrius
471 1116 501 1151 se
513 1103 594 1151 sentit

54 1171 209 1238 impugnari
221 1185 237 1219 a
247 1170 429 1235 malignorum
444 1172 592 1236 spirituum

54 1245 215 1302 tentatione,
243 1259 291 1293 seu
317 1243 351 1292 ab
383 1243 441 1307 ipsa
467 1246 593 1309 peccandi

53 1315 257 1374 consuetudine,
268 1329 300 1365 eo
311 1314 408 1365 lortius
418 1316 497 1366 debet
507 1333 595 1369 erem.

55 1388 96 1452 plo
127 1385 213 1449 hujus
240 1385 300 1434 caeci
328 1401 449 1450 pugnare
475 1387 505 1436 in
531 1404 593 1438 ora-

55 1458 125 1508 tione
140 1457 292 1516 clamando,
305 1472 352 1522 per
367 1457 541 1519 desiderium,
556 1462 590 1510 ad

58 1531 155 1593 Deum;
180 1530 282 1579 clamor
302 1530 375 1579 enim
392 1544 507 1594 magnus
535 1549 592 1582 ma-

58 1615 137 1665 gnum
159 1598 261 1648 indicat
281 1599 456 1650 desiderium.
480 1602 512 1652 Et
530 1618 590 1652 rere

58 1667 160 1735 expedit
174 1668 304 1734 peccatori
317 1669 441 1728 clamare,
457 1671 521 1736 quia
536 1674 591 1722 lon-

60 1753 87 1803 ge
97 1738 179 1789 distat
189 1753 204 1788 a
215 1739 271 1787 Deo
286 1754 293 1787 ι
309 1739 404 1803 Longe
414 1739 485 1789 enim
499 1756 516 1791 a
529 1757 591 1807 pec·

61 1811 192 1861 coloribus
205 1812 291 1861 salus.
304 1812 346 1871 Et,
360 1813 510 1864 secundum
525 1817 589 1864 Hu-

62 1895 160 1946 gonem‚
184 1879 207 1930 si
225 1880 257 1929 ad
282 1881 384 1946 primas
396 1881 534 1948 lacrymas,
547 1886 589 1935 rel

64 1967 146 2018 preces
170 1953 244 2003 Deus
272 1969 328 2002 non
361 1954 476 2017 exaudit,
506 1956 589 2008 homo

65 2039 145 2089 preces
162 2025 260 2074 iterare
276 2040 329 2074 noa
351 2025 456 2076 desinat
462 2043 470 2089 ;
493 2044 590 2094 magna

65 2097 129 2149 enim
143 2113 256 2148 munera
276 2107 340 2147 sunt
360 2098 453 2149 multis
466 2102 590 2166 precibus

67 2170 243 2236 comparanda.
273 2171 366 2236 Neque
398 2171 470 2221 enim
500 2172 591 2225 divina

68 2239 140 2303 pietas
162 2240 327 2305 adjutorium
342 2256 371 2290 se
392 2242 491 2306 petenti
507 2260 590 2310 nega-

70 2308 109 2370 bit,
128 2310 150 2361 si
168 2310 213 2360 ille
234 2310 333 2360 orando
351 2312 510 2376 apetitione
534 2331 590 2365 non

10 2434 12 2453 Ι
69 2378 190 2431 defecerit.
213 2380 268 2430 Nec
285 2381 318 2430 de
338 2381 395 2431 suis
415 2383 520 2434 meritis
538 2385 590 2435 ali-

71 2451 124 2516 quid
137 2463 298 2519 praesumat;
317 2453 362 2502 sed
376 2453 405 2502 in
421 2454 494 2505 illius
508 2457 591 2507 mise-

71 2522 171 2575 ricordia
191 2524 318 2581 confidat.
339 2525 382 2574 cui
400 2524 454 2592 'per
475 2529 591 2578 Psalmi-

72 2602 126 2646 stam
152 2596 250 2648 dicitur
273 2613 280 2646 :
305 2597 336 2648 In
368 2599 427 2649 Deo
455 2599 592 2663 faciemus

72 2664 190 2730 virtutem,
210 2667 308 2732 etipse
325 2667 363 2717 ad
382 2667 493 2718 nihilum
506 2670 592 2720 dedu-

72 2740 102 2785 rel
113 2737 270 2789 tribulantes
284 2752 340 2789 nor.
356 2738 488 2797 Quantam
502 2750 592 2790 autem

647 899 698 933 nos
711 885 743 933 ad
757 899 786 933 se
798 883 894 933 adduci
905 884 988 945 jubet,
997 886 1106 949 quando
1116 898 1184 936 tran-

647 955 809 1020 quillitatem
828 956 927 1005 mentis
946 956 1076 1005 redditam
1089 958 1183 1008 dulce-

646 1028 711 1075 dine
722 1042 778 1077 suae
792 1027 1036 1092 contemplationis,
1047 1030 1088 1076 rel
1100 1030 1183 1078 tenui-

646 1112 687 1150 ter
700 1100 862 1150 manifestat.
878 1100 915 1150 Et
937 1099 1002 1165 quia
1018 1100 1046 1149 in
1063 1101 1183 1151 oratione

645 1182 708 1222 ante
729 1171 822 1221 omnia
836 1181 963 1222 aeternam
978 1171 1091 1237 gloriam
1106 1187 1184 1237 qua>-

645 1261 704 1295 rere
724 1246 863 1303 debemus,
880 1258 951 1296 recte
963 1261 1048 1296 aecus
1062 1246 1153 1296 lumen
1168 1261 1184 1297 a

646 1317 765 1367 Domino
777 1318 877 1383 petisse
890 1316 983 1367 fertur.
997 1317 1032 1367 Et
1052 1318 1181 1382 quoniam

645 1391 803 1456 quicunque
827 1406 882 1440 non
909 1391 1022 1456 negligit
1045 1391 1182 1457 penitere.

644 1463 678 1510 de
691 1461 769 1511 venia
783 1477 838 1510 non
852 1461 931 1511 debet
944 1461 1095 1526 despemre.
1113 1475 1182 1513 recte

643 1531 742 1579 dicitur
756 1547 764 1579 :
778 1531 862 1580 Fides
875 1537 921 1580 tua
931 1537 957 1580 te
970 1530 1073 1581 sairam
1080 1531 1182 1597 fecit...

644 1601 807 1665 Quocunque
821 1600 890 1650 enim
909 1601 977 1651 liora
988 1609 1116 1665 peccator
1135 1618 1182 1654 re-

644 1687 672 1720 re
686 1670 840 1736 poenitendo
854 1671 1023 1735 ingemuerit,
1038 1679 1065 1722 et
1076 1687 1182 1724 corruer-

643 1756 691 1791 sus
703 1741 803 1805 fuerit,
827 1741 920 1790 salvus
942 1741 1003 1790 erit.
1026 1743 1181 1792 Secundum

643 1811 834 1876 Augustinum,
854 1809 876 1860 si
897 1810 1005 1861 Jericho
1027 1812 1125 1872 latiam,
1155 1824 1182 1864 et

643 1883 679 1931 ob
693 1882 746 1931 hoc
771 1881 960 1931 mortalitatem
981 1881 1181 1947 interpretatur.

644 1953 724 2002 morti
738 1952 923 2018 propinquans
935 1953 1067 2002 Dominus
1080 1954 1180 2004 iudeis

642 2025 709 2075 solis
722 2025 814 2075 lumen
829 2025 967 2090 Evangelii
981 2026 1093 2090 jusserat
1109 2041 1180 2092 prte-

643 2095 736 2154 dicari,
759 2110 829 2161 quos
856 2093 1018 2161 significarit
1033 2095 1084 2146 iste
1107 2112 1179 2148 unus

644 2183 729 2217 caecus
743 2177 804 2217 ante
827 2166 980 2233 ingressum
993 2167 1099 2218 Jericlto
1114 2168 1179 2220 illu·

644 2239 771 2298 minatus,
781 2255 863 2305 quem
877 2240 961 2290 Lucas
971 2253 1179 2295 commemorat:

644 2329 659 2364 a
682 2313 798 2364 mortuis
818 2322 907 2364 autem
931 2329 1072 2380 resurgens
1099 2326 1181 2382 atque

643 2387 800 2445 ascendens,
823 2396 850 2436 et
869 2387 969 2437 ludaeis
993 2398 1019 2436 et
1040 2387 1183 2441 Gentibus.

644 2471 714 2523 quos
738 2456 806 2505 duos
828 2456 942 2520 populos
965 2455 1117 2520 significare
1138 2457 1182 2506 vi-

644 2529 742 2576 dentur
758 2526 813 2575 duo
830 2525 891 2575 cceci
908 2536 969 2590 post
983 2540 1123 2590 egressum
1136 2527 1182 2577 le-

645 2599 721 2648 richo
746 2597 908 2655 illuminati,
934 2598 1087 2663 dequibus
1113 2598 1182 2649 Mat·

646 2669 732 2720 thaeus
746 2677 833 2719 narrat
847 2668 933 2739 utini
945 2701 969 2719 r.

551 2962 687 3013 ORATIO

92 3125 326 3192 Obenignissinre
350 3127 423 3191 lesu,
445 3144 500 3178 non
521 3144 650 3193 personas
667 3129 813 3180 hominum
838 3127 964 3194 respicis;
981 3143 1077 3180 omnes
1091 3144 1181 3194 exspe·

10 3204 12 3209 '
64 3202 121 3256 ctas,
131 3196 251 3260 Creat0r;
268 3196 392 3247 omnium
408 3197 552 3261 misereris,
565 3199 745 3265 Redemptor;
760 3198 887 3249 omnibus
904 3198 1039 3266 indulges,
1049 3199 1178 3249 Salvator.

65 3264 127 3327 Quis
141 3266 235 3333 igitur,
252 3268 306 3318 nisi
322 3282 378 3318 suae
396 3269 491 3319 salutis
507 3269 660 3331 immemor,
677 3269 792 3320 tardabit
805 3270 839 3320 ad
858 3280 883 3320 te
903 3268 1033 3333 converti,
1046 3269 1084 3319 sic
1100 3264 1178 3317 botn-

64 3336 189 3400 gaissime
209 3347 421 3404 exspectantem,
438 3340 477 3390 sic
491 3341 523 3390 ad
543 3341 646 3391 ostium
661 3342 823 3407 pulsantem,
838 3351 864 3392 et
879 3356 926 3406 per
940 3340 1052 3407 gratiam
1068 3337 1180 3389 introire

63 3407 212 3461 uolentem?
229 3411 269 3461 Da
283 3426 355 3476 ergo,
372 3411 490 3462 Domine
504 3413 576 3464 Deus
588 3429 675 3474 meus,
690 3413 760 3463 mihi
776 3429 844 3465 caeco
860 3423 887 3463 et
900 3412 1008 3472 misero,
1019 3421 1048 3461 ut
1065 3426 1079 3460 a
1094 3419 1118 3459 tc
1135 3424 1180 3459 vo·

62 3488 135 3531 uatus
157 3480 279 3547 aperiam
303 3481 353 3532 tibi
369 3498 415 3532 cor
433 3499 535 3545 meum,
552 3495 690 3549 peccatum
714 3485 778 3535 inde
801 3484 968 3550 expellendo,
984 3492 1010 3533 et
1025 3493 1111 3547 tepet
1126 3494 1181 3547 gra·

58 3551 124 3604 tiam
138 3553 304 3619 recipiendo,
319 3564 350 3604 ut
365 3555 533 3608 illuminatus
550 3567 576 3609 te
591 3573 688 3624 sequar
707 3573 779 3608 nunc
803 3558 830 3608 in
844 3556 973 3622 operibus
993 3553 1130 3609 virtuosis.
1152 3562 1179 3605 et

59 3634 120 3688 poet
134 3624 194 3676 haec
207 3624 241 3675 de
255 3634 301 3676 tua
313 3625 419 3679 visione
434 3642 541 3696 semper
557 3629 671 3695 gaudere
684 3644 787 3681 merear
801 3628 831 3679 in
848 3625 930 3679 coelis.
945 3627 1038 3676 Anien.
