2632 4320
10 3472 15 3523 't

161 208 211 258 DE
226 150 323 257 until:
338 206 401 266 Qut
412 207 550 258 vowrr
565 207 648 256 RAT.
660 206 805 258 rosnat:
817 207 893 259 ctist
907 209 1009 259 stiur.
1021 211 1106 262 SUI&
1155 227 1192 280 79

67 325 214 381 ditantur,
234 325 289 374 hoc
315 325 382 373 dicit
407 341 416 372 :
443 325 489 374 Ne
512 324 605 373 tardes
628 329 636 363 l
659 322 748 371 adhuc
762 334 906 387 exspoetat,
923 339 986 374 cum
1005 326 1192 391 lacrymisve-

67 397 189 447 conrem'
204 397 245 444 ad
260 396 413 457 Βοιὶιυοιι,
427 403 454 445 et
473 410 506 444 ne
523 395 604 463 diffe-
629 386 634 473 ,
660 395 724 443 nite.
747 395 955 447 Considerantes
977 413 1094 464 namque
1117 403 1192 465 quod

66 482 118 517 ras
136 468 174 516 de
193 467 239 515 die
261 467 290 515 ιἰι
314 467 403 527 diem
423 468 513 517 subito
534 468 604 516 enim
659 465 747 525 justus
760 464 805 517 sit.
820 478 927 530 peccata
941 480 1029 518 sesua
1040 470 1125 520 nolite
1140 485 1192 521 ue-

66 539 155 588 reniet
167 538 214 586 ira
227 538 314 599 illius,
327 538 394 586 etin
407 546 526 602 tenpore
544 539 604 587 rin·
630 578 633 593 ,
658 537 774 602 gligere;
799 538 1001 590 considerantes
1028 557 1091 591 vero
1116 544 1192 608 quod

67 610 152 658 dictae
165 609 304 673 disperdet
317 615 351 658 te.
370 609 428 658 lllis
443 609 491 674 qui
505 609 603 674 despe-
629 606 635 657 l
658 607 721 668 pius
751 608 803 666 sit,
827 610 911 658 nolite
939 614 1088 676 desperare
1112 632 1126 656 ν,
1158 615 1194 664 Et

65 682 173 731 ratione
198 682 401 746 periclitantur,
426 682 493 747 quid
517 682 601 732 dicit?
629 694 633 735 :
658 679 758 729 iterum
779 697 787 728 :
810 700 825 726 ι
847 680 890 729 Sic
907 692 997 732 autem
1016 698 1066 733 nos
1084 684 1193 735 miseri-

65 754 94 801 ln
108 766 274 817 quacunque
290 752 335 800 die
359 751 471 817 iniquus
488 768 602 801 conver·
629 752 634 791 ἓ
657 752 749 800 cordia
762 753 820 807 eius
840 751 965 811 refoveat,
985 768 1015 804 ut
1035 757 1110 805 nullo
1129 773 1192 807 mo-

64 837 114 871 sus
136 820 235 879 fuerit,
253 836 350 871 omues
369 821 527 888 iniquitates
544 825 603 886 ejus
629 820 633 881 f
657 823 693 871 do
714 823 878 889 negligentes
895 825 999 887 roddan
1026 827 1065 876 sic
1087 839 1193 892 pecata

65 891 220 942 obliviscar.
247 892 359 956 Propter
382 892 446 942 illos
466 909 531 959 ergo
553 898 601 960 qui
628 896 633 935 ἔ
656 894 823 957 perturbent,
847 906 878 944 ut
905 910 984 944 mens
1010 896 1040 945 in
1065 898 1193 962 despere-

64 962 253 1027 desperatioue
281 963 476 1026 periclitantur.
500 981 602 1031 propo-
628 962 633 1033 ξ
658 966 761 1015 tionem
793 982 846 1015 nou
870 977 988 1032 proruat.
1021 969 1092 1028 Quia
1115 982 1142 1020 et
1167 971 1192 1021 si

64 1034 122 1082 suit
143 1033 185 1082 eis
204 1033 381 1098 indulgentiae
397 1046 521 1100 portum,
537 1053 602 1101 pro-
628 1048 632 1055 ·
658 1048 850 1102 presumentes
872 1039 1038 1097 metuimus,
1070 1053 1097 1091 et
1131 1059 1192 1093 me·

63 1118 125 1172 pter
146 1107 211 1156 illos
228 1122 292 1155 vero
309 1108 357 1172 qui
375 1123 423 1173 spe
445 1110 602 1174 periclitan-

63 1194 129 1239 tur,
167 1190 195 1228 et
228 1178 405 1230 dilationibus
430 1182 584 1232 illuduntur

64 1252 129 1301 fecit
147 1250 222 1298 diem
240 1249 336 1298 mortis
348 1251 490 1302 incertum.
505 1223 602 1314 Quen³
628 1218 634 1279 Ι

629 1164 632 1171 ,
657 1120 762 1158 tuentes
774 1124 922 1174 speramus,
935 1123 1065 1161 aeternum
1078 1129 1191 1179 regnum

657 1179 739 1229 citius
746 1179 868 1245 adepturi
878 1197 983 1231 sumus.
995 1202 1009 1227 υ
1022 1183 1100 1233 Unde
1109 1185 1191 1234 etiam

658 1252 869 1318 Cluysostomus
884 1271 893 1302 :
911 1274 926 1300 ι
940 1254 979 1303 Ne
991 1254 1128 1305 rideamus
1139 1258 1189 1322 qui

64 1324 100 1371 do
116 1320 209 1370 reniet
226 1320 340 1370 ultimus
354 1321 422 1380 dies,
438 1325 534 1375 nescis.
552 1328 601 1375 ln·
628 1306 632 1381 i
657 1336 773 1385 stamus;
797 1326 843 1374 sed
868 1325 992 1375 dicamus
1018 1327 1191 1392 nobisipsis:

63 1402 159 1458 gratus
181 1405 220 1449 es,
246 1391 312 1455 quia
335 1392 496 1444 hodiernum
518 1397 601 1446 habes
628 1388 633 1465 ξ
658 1393 711 1453 Qui
732 1395 852 1444 aestimat
873 1409 904 1444 se
927 1403 1019 1459 stare,
1044 1397 1134 1446 videat
1159 1413 1193 1448 rte

64 1465 93 1512 in
111 1477 170 1528 quo
187 1460 341 1526 corrigaris,
354 1474 381 1513 et
394 1466 542 1515 crastinum
551 1482 601 1516 ex-
628 1478 633 1529 ι
657 1467 755 1527 endan
769 1483 858 1533 neque
869 1468 1044 1533 desperemus
1057 1470 1081 1519 si
1098 1471 1192 1520 cecidi-

61 1546 181 1601 spectas;
195 1532 265 1582 forte
275 1550 332 1582 uon
342 1536 464 1588 addetur.
475 1559 491 1586 n
502 1539 539 1589 Et
555 1541 603 1591 ite-

61 1626 125 1659 rum
145 1627 153 1659 z
174 1631 189 1658 ι
208 1617 249 1667 Ne
273 1612 439 1674 desperando
455 1627 602 1678 augeamus

23 1711 28 1717 -
62 1694 212 1748 peccatine,
227 1687 307 1736 datus
322 1695 363 1736 est
379 1683 461 1732 nobis
472 1684 601 1748 poeniten·

63 1753 110 1803 tiae
128 1767 237 1820 portus;
255 1771 350 1806 rursus
363 1770 397 1804 ne
414 1755 544 1818 sperando
556 1771 602 1804 au-

62 1839 174 1889 geamus
188 1837 335 1892 peccatum,
357 1826 436 1874 datus
457 1835 501 1874 est
520 1826 601 1876 nobis

64 1897 124 1946 dies
139 1898 236 1947 mortis
253 1899 378 1947 incertus.
393 1917 408 1943 ι
426 1897 460 1946 Et
472 1898 571 1947 iterum
590 1915 598 1946 :

64 1987 79 2012 α
105 1970 185 2019 Latro
207 1970 335 2036 agnovit,
359 1969 454 2018 Petrus
477 1970 598 2035 negas-iu

63 2040 92 2088 in
112 2040 194 2090 Petro
216 2040 415 2090 demonstratur
434 2055 600 2106 quemquam
627 2034 632 2131 i

657 1557 729 1597 mus,
743 1543 790 1591 sed
804 1542 926 1592 dicamus
938 1542 1036 1593 nobis:
1051 1545 1192 1611 Numquid

656 1613 704 1676 qui
725 1612 801 1662 cadit
829 1626 881 1661 nou
906 1612 1060 1678 resurget?
1084 1616 1191 1666 Etenim

656 1683 736 1731 multi
749 1683 778 1731 in
790 1682 881 1746 ipsum
895 1684 954 1732 coeli
966 1685 1092 1734 verticem
1103 1701 1192 1735 ascen-

656 1754 767 1809 derunt,
790 1762 817 1801 et
837 1767 853 1800 a
871 1767 950 1801 scena
970 1764 998 1802 et
1018 1755 1190 1817 scurrilitate,

656 1825 691 1873 ad
707 1822 857 1888 angelicam
876 1824 1000 1872 translati
1022 1835 1087 1873 sunt
1107 1827 1191 1876 urbe-

658 1894 788 1954 nitatem3
820 1903 847 1942 et
881 1903 983 1942 tantam
1013 1893 1191 1946 ostenderunt

628 1948 633 2025 Ι
655 1967 784 2016 virtutem
813 1977 845 2015 ut
870 1966 1009 2016 daemones
1037 1967 1190 2032 abegerint,

656 2047 683 2085 et
701 2037 787 2086 multa
808 2036 886 2102 signa
905 2037 1007 2102 operati
1029 2036 1139 2088 luerint.
1158 2039 1192 2090 Et

64 2111 168 2174 justum
191 2126 247 2160 non
271 2111 305 2160 de
325 2127 354 2160 se
373 2111 470 2160 debere
493 2127 600 2176 praesu-
657 2107 756 2155 horum
770 2107 881 2172 quidem
896 2108 983 2172 plenae
995 2119 1060 2157 sunt
1074 2109 1191 2173 Scriptu-

65 2197 153 2245 mere;
169 2181 199 2230 in
216 2182 329 2242 latrone,
341 2197 395 2231 non
409 2182 526 2247 impium
540 2199 602 2232 con-

66 2267 176 2302 versum
199 2252 342 2318 desperare
363 2252 470 2303 debere.
493 2253 601 2304 Timent

67 2341 129 2392 ergo
152 2326 252 2386 bonus,
272 2341 306 2375 ne
329 2336 418 2391 pereat
438 2341 486 2391 per
502 2342 600 2392 super-

66 2397 151 2460 biam;
174 2407 201 2446 et
224 2397 313 2446 malus
330 2411 364 2446 ne
385 2397 516 2462 desperet,
534 2413 600 2464 pro·

67 2478 124 2532 pter
133 2468 250 2518 multam
266 2467 420 2517 malitiam:
436 2488 451 2514 n
465 2468 522 2519 haec
538 2473 599 2519 Au-

69 2540 201 2602 gustinus.
230 2538 308 2589 Unde
341 2548 368 2587 et
400 2538 554 2603 Gregorius
588 2558 599 2590 .·

656 2193 701 2240 rae,
721 2189 748 2227 et
765 2178 844 2243 plena
860 2178 916 2227 rita
932 2178 1042 2228 Patrum
1058 2179 1191 2245 exemplis

657 2249 747 2298 nobis.
776 2268 791 2296 n
818 2249 852 2298 Et
880 2249 979 2299 iterum
1011 2266 1018 2298 ι
1049 2269 1064 2295 ι
1092 2250 1191 2302 Nullus

656 2335 752 2369 eorum
772 2320 821 2384 qui
841 2320 869 2368 in
889 2319 993 2369 malitia
1013 2329 1092 2380 sunt,
1116 2320 1192 2371 diffi-

656 2392 717 2449 dat,
741 2405 823 2439 nemo
848 2390 876 2439 in
901 2390 1047 2440 virtutibus
1075 2390 1192 2441 existens

656 2463 791 2519 dormitet,
807 2477 894 2528 neque
907 2461 953 2510 hic
967 2461 1094 2524 confidat,
1116 2463 1191 2511 mul-

655 2535 736 2582 toties
758 2533 832 2582 enim
852 2533 979 2582 meretrix
1001 2532 1190 2597 pertransibit5

71 2627 83 2652 n
100 2609 210 2669 Habete,
224 2607 319 2658 fratres
340 2609 404 2668 mei,
421 2607 548 2658 fiduciam
565 2611 599 2660 de
656 2620 743 2670 neque
763 2604 808 2653 ille
828 2604 958 2668 desperet,
973 2602 1101 2667 possibile
1114 2601 1190 2651 enim

69 2678 427 2730 misericordia-Conditoris
449 2680 550 2742 uostri3
573 2691 599 2730 et
655 2687 695 2726 est
719 2677 754 2735 ei,
777 2686 804 2724 et
822 2676 926 2741 primos
942 2675 1057 2724 transire
1075 2692 1082 2724 :
1102 2694 1116 2720 n
1132 2674 1190 2726 haec

71 2748 100 2796 ud
128 2748 331 2800 misericordem
365 2749 502 2810 Judicem,
532 2750 599 2801 dum
626 2748 631 2806 Ι
656 2751 877 2817 chysostomus.

556 2997 695 3048 ORATIO

99 3190 144 3240 Vae
155 3190 236 3253 mihi,
248 3191 361 3242 misero!
376 3191 442 3259 quia
454 3207 516 3242 cum
528 3193 561 3240 ad
573 3202 679 3256 peccata
691 3207 753 3257 quae
767 3191 817 3242 feci
832 3192 957 3258 inspicio,
968 3202 994 3242 et
1006 3191 1138 3257 supplicia
1149 3189 1189 3239 in·

73 3260 168 3329 telligo,
183 3278 246 3328 quae
261 3279 311 3328 pro
325 3263 369 3314 his
383 3262 440 3330 pati
453 3264 546 3323 debeo,
559 3280 614 3313 nou
628 3280 741 3328 parvum
760 3265 887 3314 timorem
906 3264 1002 3314 habeo.
1022 3263 1094 3322 Quid
1107 3259 1188 3325 ergo?

73 3333 225 3385 Remanebo
242 3335 319 3400 quasi
338 3335 503 3401 desperatus,
517 3336 576 3386 sine
596 3336 721 3396 consilio,
736 3336 796 3386 sine
812 3336 960 3401 adjutorio?
977 3337 1019 3385 Ad
1040 3344 1066 3383 te
1085 3333 1188 3381 sontem

72 3405 175 3471 pietatis
187 3417 214 3457 et
227 3406 428 3467 misericordie,
444 3409 506 3459 lesu
521 3408 638 3466 Christe,
650 3424 730 3458 curro
750 3419 776 3458 et
794 3408 902 3466 festino,
918 3408 1015 3473 inquo
1032 3407 1084 3470 jam
1105 3413 1144 3453 tot
1162 3413 1191 3454 et

71 3487 154 3529 tantos
175 3487 326 3544 peccatores
339 3478 445 3528 ablutos
457 3479 537 3529 video
553 3489 579 3528 et
594 3494 728 3545 agnosco;
747 3490 877 3545 tuamque
898 3478 1060 3530 ineffabilem
1079 3473 1190 3524 miseri·

10 3578 13 3599 ι
71 3550 185 3601 cordiam
204 3566 295 3611 exoro,
313 3560 344 3600 ut
364 3551 434 3602 mihi
457 3552 496 3602 sic
511 3552 641 3602 concedas
659 3552 687 3602 in
705 3553 831 3618 praesenti
853 3568 969 3612 mecum,
984 3562 1010 3601 et
1026 3565 1088 3600 cum
1102 3546 1189 3597 mini-

10 3628 12 3643 '
71 3623 129 3674 stris
142 3623 200 3675 tuis
221 3624 448 3690 computationem
467 3625 565 3689 sacere3
581 3642 611 3676 ac
626 3626 765 3677 conservis
778 3626 848 3677 meis
862 3635 967 3692 peccata
981 3639 1029 3674 sua
1042 3620 1190 3685 dimittere,

10 3702 16 3761 ζ.
69 3705 93 3747 et
115 3711 179 3746 mea
199 3696 359 3757 emendare,
386 3696 463 3746 utin
481 3696 588 3761 futuro,
608 3698 717 3764 quando
741 3697 918 3764 personaliter
936 3694 1069 3746 rationem
1090 3707 1189 3759 ponere

10 3766 14 3801 ἲ
69 3765 184 3819 volueris
195 3781 259 3819 cum
271 3766 354 3818 serris
363 3767 430 3828 tuis,
442 3766 563 3819 dimittas
576 3768 645 3819 mihi
662 3784 723 3835 quae
739 3768 789 3819 tibi
800 3767 885 3818 debeo
900 3777 926 3817 et
936 3763 1078 3831 proximis.
1092 3766 1187 3815 Amen.
