<?xml version="1.0" encoding="UTF-8"?>
<!DOCTYPE html PUBLIC "-//W3C//DTD XHTML 1.0 Transitional//EN"
    "http://www.w3.org/TR/xhtml1/DTD/xhtml1-transitional.dtd">
<html xmlns="http://www.w3.org/1999/xhtml" xml:lang="en" lang="en">
 <head>
  <title>
</title>
<meta http-equiv="Content-Type" content="text/html;charset=utf-8" />
  <meta name='ocr-system' content='tesseract 3.04.00' />
  <meta name='ocr-capabilities' content='ocr_page ocr_carea ocr_par ocr_line ocrx_word'/>
</head>
<body>
  <div class='ocr_page' id='page_1' title='image "./vitajesuchristi01rigogoog_0405.png"; bbox 0 0 2632 4320; ppageno 0'>
   <div class='ocr_carea' id='block_1_1' title="bbox 114 267 167 336">
    <p class='ocr_par' dir='ltr' id='par_1_1' title="bbox 114 267 167 336">
     <span class='ocr_line' id='line_1_1' title="bbox 114 267 167 336; baseline -0.019 -17"><span class='ocrx_word' id='word_1_1' title='bbox 114 267 167 336; x_wconf 83' lang='lat'><strong>398</strong></span> 
     </span>
    </p>
   </div>
   <div class='ocr_carea' id='block_1_2' title="bbox 111 377 664 2016">
    <p class='ocr_par' dir='ltr' id='par_1_2' title="bbox 114 377 652 518">
     <span class='ocr_line' id='line_1_2' title="bbox 114 377 652 450; baseline -0.015 -14"><span class='ocrx_word' id='word_1_2' title='bbox 114 386 169 444; x_wconf 82' lang='lat' dir='ltr'><strong>las,</strong></span> <span class='ocrx_word' id='word_1_3' title='bbox 198 381 272 450; x_wconf 91' lang='lat' dir='ltr'><strong>quod</strong></span> <span class='ocrx_word' id='word_1_4' title='bbox 298 379 441 430; x_wconf 84' lang='lat' dir='ltr'><strong>humiliter</strong></span> <span class='ocrx_word' id='word_1_5' title='bbox 467 378 531 429; x_wconf 87' lang='lat' dir='ltr'><strong>fecit</strong></span> <span class='ocrx_word' id='word_1_6' title='bbox 556 377 652 429; x_wconf 86' lang='lat' dir='ltr'><strong>Excel-</strong></span> 
     </span>
     <span class='ocr_line' id='line_1_3' title="bbox 114 451 491 518; baseline -0.019 -11"><span class='ocrx_word' id='word_1_7' title='bbox 114 469 162 507; x_wconf 87' lang='lat' dir='ltr'><strong>sus</strong></span> <span class='ocrx_word' id='word_1_8' title='bbox 180 469 187 503; x_wconf 75' lang='grc' dir='ltr'>ι</span> <span class='ocrx_word' id='word_1_9' title='bbox 205 471 220 500; x_wconf 80' lang='lat' dir='ltr'><strong>n</strong></span> <span class='ocrx_word' id='word_1_10' title='bbox 239 452 296 504; x_wconf 81' lang='lat' dir='ltr'><strong>haec</strong></span> <span class='ocrx_word' id='word_1_11' title='bbox 309 451 491 518; x_wconf 79' lang='lat' dir='ltr'><strong>Augustinus</strong></span> 
     </span>
    </p>

    <p class='ocr_par' dir='ltr' id='par_1_3' title="bbox 111 525 664 2016">
     <span class='ocr_line' id='line_1_4' title="bbox 152 525 653 576; baseline -0.014 0"><span class='ocrx_word' id='word_1_12' title='bbox 152 541 184 576; x_wconf 87' lang='lat' dir='ltr'><strong>ro</strong></span> <span class='ocrx_word' id='word_1_13' title='bbox 213 525 310 575; x_wconf 88' lang='lat' dir='ltr'><strong>Moous</strong></span> <span class='ocrx_word' id='word_1_14' title='bbox 335 538 461 572; x_wconf 72' lang='lat' dir='ltr'><strong>iurarunt</strong></span> <span class='ocrx_word' id='word_1_15' title='bbox 488 534 653 573; x_wconf 69' lang='lat' dir='ltr'><strong>sucurruu</strong></span> 
     </span>
     <span class='ocr_line' id='line_1_5' title="bbox 117 591 652 665; baseline -0.013 -17"><span class='ocrx_word' id='word_1_16' title='bbox 117 596 216 647; x_wconf 75' lang='lat' dir='ltr'><strong>Dorum</strong></span> <span class='ocrx_word' id='word_1_17' title='bbox 237 611 271 646; x_wconf 77' lang='lat' dir='ltr'><strong>nc</strong></span> <span class='ocrx_word' id='word_1_18' title='bbox 298 609 414 644; x_wconf 75' lang='lat' dir='ltr'><strong>tortosa</strong></span> <span class='ocrx_word' id='word_1_19' title='bbox 441 608 538 665; x_wconf 62' lang='lat' dir='ltr'><strong>renuat.</strong></span> <span class='ocrx_word' id='word_1_20' title='bbox 559 617 590 630; x_wconf 84' lang='lat'>-</span> <span class='ocrx_word' id='word_1_21' title='bbox 610 591 652 641; x_wconf 87' lang='lat' dir='ltr'><strong>Ad</strong></span> 
     </span>
     <span class='ocr_line' id='line_1_6' title="bbox 117 663 652 730; baseline -0.015 -11"><span class='ocrx_word' id='word_1_22' title='bbox 117 667 234 719; x_wconf 85' lang='lat' dir='ltr'><strong>litteram</strong></span> <span class='ocrx_word' id='word_1_23' title='bbox 256 664 336 715; x_wconf 90' lang='lat' dir='ltr'><strong>etad</strong></span> <span class='ocrx_word' id='word_1_24' title='bbox 360 663 506 730; x_wconf 85' lang='lat' dir='ltr'><strong>mysticum</strong></span> <span class='ocrx_word' id='word_1_25' title='bbox 530 676 652 720; x_wconf 81' lang='lat' dir='ltr'><strong>sensum,</strong></span> 
     </span>
     <span class='ocr_line' id='line_1_7' title="bbox 117 733 653 802; baseline -0.011 -12"><span class='ocrx_word' id='word_1_26' title='bbox 117 741 170 791; x_wconf 90' lang='lat' dir='ltr'><strong>hoc</strong></span> <span class='ocrx_word' id='word_1_27' title='bbox 190 738 348 788; x_wconf 85' lang='lat' dir='ltr'><strong>mandatum</strong></span> <span class='ocrx_word' id='word_1_28' title='bbox 369 737 449 786; x_wconf 91' lang='lat' dir='ltr'><strong>debet</strong></span> <span class='ocrx_word' id='word_1_29' title='bbox 470 735 585 802; x_wconf 89' lang='lat' dir='ltr'><strong>impleri.</strong></span> <span class='ocrx_word' id='word_1_30' title='bbox 612 733 653 783; x_wconf 79' lang='lat' dir='ltr'><strong>Ad</strong></span> 
     </span>
     <span class='ocr_line' id='line_1_8' title="bbox 115 805 654 875; baseline -0.015 -14"><span class='ocrx_word' id='word_1_31' title='bbox 115 811 232 861; x_wconf 84' lang='lat' dir='ltr'><strong>litteram</strong></span> <span class='ocrx_word' id='word_1_32' title='bbox 254 807 375 875; x_wconf 87' lang='lat' dir='ltr'><strong>quidem,</strong></span> <span class='ocrx_word' id='word_1_33' title='bbox 395 818 427 857; x_wconf 94' lang='lat' dir='ltr'><strong>ut</strong></span> <span class='ocrx_word' id='word_1_34' title='bbox 449 822 496 873; x_wconf 92' lang='lat' dir='ltr'><strong>per</strong></span> <span class='ocrx_word' id='word_1_35' title='bbox 516 805 654 856; x_wconf 81' lang='lat' dir='ltr'><strong>caritatem</strong></span> 
     </span>
     <span class='ocr_line' id='line_1_9' title="bbox 117 874 654 937; baseline -0.013 -5"><span class='ocrx_word' id='word_1_36' title='bbox 117 879 266 933; x_wconf 83' lang='lat' dir='ltr'><strong>serviamus</strong></span> <span class='ocrx_word' id='word_1_37' title='bbox 288 879 416 937; x_wconf 88' lang='lat' dir='ltr'><strong>invicem,</strong></span> <span class='ocrx_word' id='word_1_38' title='bbox 439 894 496 928; x_wconf 86' lang='lat' dir='ltr'><strong>non</strong></span> <span class='ocrx_word' id='word_1_39' title='bbox 521 877 611 927; x_wconf 88' lang='lat' dir='ltr'><strong>solum</strong></span> <span class='ocrx_word' id='word_1_40' title='bbox 625 874 654 925; x_wconf 94' lang='lat' dir='ltr'><strong>in</strong></span> 
     </span>
     <span class='ocr_line' id='line_1_10' title="bbox 117 946 654 1017; baseline -0.011 -15"><span class='ocrx_word' id='word_1_41' title='bbox 117 951 230 1004; x_wconf 89' lang='lat' dir='ltr'><strong>lavando</strong></span> <span class='ocrx_word' id='word_1_42' title='bbox 254 951 335 1017; x_wconf 87' lang='lat' dir='ltr'><strong>pedes</strong></span> <span class='ocrx_word' id='word_1_43' title='bbox 362 947 486 1009; x_wconf 82' lang='lat' dir='ltr'>fratrum,</span> <span class='ocrx_word' id='word_1_44' title='bbox 507 947 554 998; x_wconf 89' lang='lat' dir='ltr'><strong>sed</strong></span> <span class='ocrx_word' id='word_1_45' title='bbox 578 946 654 997; x_wconf 87' lang='lat' dir='ltr'><strong>etin</strong></span> 
     </span>
     <span class='ocr_line' id='line_1_11' title="bbox 119 1017 656 1082; baseline -0.015 -8"><span class='ocrx_word' id='word_1_46' title='bbox 119 1022 248 1074; x_wconf 88' lang='lat' dir='ltr'><strong>omnibus</strong></span> <span class='ocrx_word' id='word_1_47' title='bbox 272 1019 476 1072; x_wconf 90' lang='lat' dir='ltr'><strong>necessitatibus</strong></span> <span class='ocrx_word' id='word_1_48' title='bbox 497 1017 656 1082; x_wconf 84' lang='lat' dir='ltr'><strong>adjuvando,</strong></span> 
     </span>
     <span class='ocr_line' id='line_1_12' title="bbox 120 1090 655 1160; baseline -0.015 -14"><span class='ocrx_word' id='word_1_49' title='bbox 120 1105 146 1146; x_wconf 92' lang='lat' dir='ltr'><strong>et</strong></span> <span class='ocrx_word' id='word_1_50' title='bbox 172 1109 253 1160; x_wconf 87' lang='lat' dir='ltr'><strong>opera</strong></span> <span class='ocrx_word' id='word_1_51' title='bbox 281 1091 474 1143; x_wconf 83' lang='lat' dir='ltr'><strong>misericordiae</strong></span> <span class='ocrx_word' id='word_1_52' title='bbox 501 1090 655 1140; x_wconf 86' lang='lat' dir='ltr'><strong>exercendo.</strong></span> 
     </span>
     <span class='ocr_line' id='line_1_13' title="bbox 121 1159 657 1228; baseline -0.013 -12"><span class='ocrx_word' id='word_1_53' title='bbox 121 1166 202 1228; x_wconf 87' lang='lat' dir='ltr'><strong>Quod</strong></span> <span class='ocrx_word' id='word_1_54' title='bbox 217 1164 241 1215; x_wconf 93' lang='lat' dir='ltr'><strong>si</strong></span> <span class='ocrx_word' id='word_1_55' title='bbox 257 1180 310 1214; x_wconf 91' lang='lat' dir='ltr'><strong>non</strong></span> <span class='ocrx_word' id='word_1_56' title='bbox 331 1162 376 1213; x_wconf 90' lang='lat' dir='ltr'><strong>fiat</strong></span> <span class='ocrx_word' id='word_1_57' title='bbox 392 1163 425 1213; x_wconf 92' lang='lat' dir='ltr'><strong>ad</strong></span> <span class='ocrx_word' id='word_1_58' title='bbox 439 1162 565 1222; x_wconf 86' lang='lat' dir='ltr'><strong>litteram,</strong></span> <span class='ocrx_word' id='word_1_59' title='bbox 581 1159 657 1210; x_wconf 85' lang='lat' dir='ltr'><strong>scili-</strong></span> 
     </span>
     <span class='ocr_line' id='line_1_14' title="bbox 121 1231 656 1296; baseline -0.017 -7"><span class='ocrx_word' id='word_1_60' title='bbox 121 1248 162 1289; x_wconf 87' lang='lat' dir='ltr'><strong>cet</strong></span> <span class='ocrx_word' id='word_1_61' title='bbox 185 1252 279 1296; x_wconf 85' lang='lat' dir='ltr'><strong>manu,</strong></span> <span class='ocrx_word' id='word_1_62' title='bbox 302 1236 397 1285; x_wconf 88' lang='lat' dir='ltr'><strong>saltem</strong></span> <span class='ocrx_word' id='word_1_63' title='bbox 417 1233 546 1283; x_wconf 84' lang='lat' dir='ltr'><strong>faciamus</strong></span> <span class='ocrx_word' id='word_1_64' title='bbox 568 1231 656 1291; x_wconf 86' lang='lat' dir='ltr'><strong>corde,</strong></span> 
     </span>
     <span class='ocr_line' id='line_1_15' title="bbox 111 1305 657 1372; baseline -0.016 -9"><span class='ocrx_word' id='word_1_65' title='bbox 111 1322 152 1363; x_wconf 86' lang='lat' dir='ltr'><strong>-ut</strong></span> <span class='ocrx_word' id='word_1_66' title='bbox 166 1311 195 1362; x_wconf 93' lang='lat' dir='ltr'><strong>in</strong></span> <span class='ocrx_word' id='word_1_67' title='bbox 209 1311 318 1360; x_wconf 90' lang='lat' dir='ltr'><strong>illorum</strong></span> <span class='ocrx_word' id='word_1_68' title='bbox 330 1322 444 1357; x_wconf 89' lang='lat' dir='ltr'><strong>numero</strong></span> <span class='ocrx_word' id='word_1_69' title='bbox 455 1307 542 1356; x_wconf 85' lang='lat' dir='ltr'><strong>simus</strong></span> <span class='ocrx_word' id='word_1_70' title='bbox 555 1305 657 1372; x_wconf 86' lang='lat' dir='ltr'><strong>quibus</strong></span> 
     </span>
     <span class='ocr_line' id='line_1_16' title="bbox 123 1375 658 1441; baseline -0.013 -8"><span class='ocrx_word' id='word_1_71' title='bbox 123 1383 222 1434; x_wconf 84' lang='lat' dir='ltr'><strong>dicitur</strong></span> <span class='ocrx_word' id='word_1_72' title='bbox 239 1399 246 1433; x_wconf 72' lang='grc' dir='ltr'><strong>ι</strong></span> <span class='ocrx_word' id='word_1_73' title='bbox 266 1379 430 1441; x_wconf 83' lang='lat' dir='ltr'><strong>Benedicite,</strong></span> <span class='ocrx_word' id='word_1_74' title='bbox 454 1377 542 1428; x_wconf 82' lang='lat' dir='ltr'><strong>sancti</strong></span> <span class='ocrx_word' id='word_1_75' title='bbox 561 1383 587 1427; x_wconf 87' lang='lat' dir='ltr'><strong>et</strong></span> <span class='ocrx_word' id='word_1_76' title='bbox 607 1375 658 1427; x_wconf 76' lang='lat' dir='ltr'><strong>ku-</strong></span> 
     </span>
     <span class='ocr_line' id='line_1_17' title="bbox 123 1449 658 1514; baseline -0.015 -9"><span class='ocrx_word' id='word_1_77' title='bbox 123 1454 201 1505; x_wconf 85' lang='lat' dir='ltr'><strong>miles</strong></span> <span class='ocrx_word' id='word_1_78' title='bbox 215 1453 304 1514; x_wconf 87' lang='lat' dir='ltr'><strong>corde,</strong></span> <span class='ocrx_word' id='word_1_79' title='bbox 318 1451 447 1503; x_wconf 88' lang='lat' dir='ltr'><strong>Domino.</strong></span> <span class='ocrx_word' id='word_1_80' title='bbox 464 1449 543 1500; x_wconf 86' lang='lat' dir='ltr'><strong>Unde</strong></span> <span class='ocrx_word' id='word_1_81' title='bbox 556 1450 658 1513; x_wconf 81' lang='lat' dir='ltr'><strong>Augu-</strong></span> 
     </span>
     <span class='ocr_line' id='line_1_18' title="bbox 123 1518 660 1578; baseline -0.019 0"><span class='ocrx_word' id='word_1_82' title='bbox 123 1527 210 1578; x_wconf 82' lang='lat' dir='ltr'><strong>stinus</strong></span> <span class='ocrx_word' id='word_1_83' title='bbox 224 1542 233 1575; x_wconf 91' lang='grc'><strong>.·</strong></span> <span class='ocrx_word' id='word_1_84' title='bbox 249 1541 263 1570; x_wconf 75' lang='lat' dir='ltr'><strong>t</strong></span> <span class='ocrx_word' id='word_1_85' title='bbox 277 1522 363 1572; x_wconf 91' lang='lat' dir='ltr'><strong>Multo</strong></span> <span class='ocrx_word' id='word_1_86' title='bbox 379 1522 478 1572; x_wconf 88' lang='lat' dir='ltr'><strong>melius</strong></span> <span class='ocrx_word' id='word_1_87' title='bbox 491 1531 533 1571; x_wconf 89' lang='lat' dir='ltr'><strong>est</strong></span> <span class='ocrx_word' id='word_1_88' title='bbox 552 1529 579 1570; x_wconf 89' lang='lat' dir='ltr'><strong>et</strong></span> <span class='ocrx_word' id='word_1_89' title='bbox 598 1518 660 1570; x_wconf 81' lang='lat' dir='ltr'><strong>sine</strong></span> 
     </span>
     <span class='ocr_line' id='line_1_19' title="bbox 124 1592 660 1654; baseline -0.011 -6"><span class='ocrx_word' id='word_1_90' title='bbox 124 1593 304 1648; x_wconf 87' lang='lat' dir='ltr'><strong>controversia</strong></span> <span class='ocrx_word' id='word_1_91' title='bbox 328 1594 429 1654; x_wconf 85' lang='lat' dir='ltr'><strong>verius,</strong></span> <span class='ocrx_word' id='word_1_92' title='bbox 452 1603 483 1643; x_wconf 87' lang='lat' dir='ltr'><strong>ut</strong></span> <span class='ocrx_word' id='word_1_93' title='bbox 502 1592 585 1643; x_wconf 81' lang='lat' dir='ltr'><strong>etiam</strong></span> <span class='ocrx_word' id='word_1_94' title='bbox 601 1606 660 1642; x_wconf 86' lang='lat' dir='ltr'><strong>ma·</strong></span> 
     </span>
     <span class='ocr_line' id='line_1_20' title="bbox 124 1661 660 1730; baseline -0.011 -13"><span class='ocrx_word' id='word_1_95' title='bbox 124 1667 207 1718; x_wconf 88' lang='lat' dir='ltr'><strong>nibus</strong></span> <span class='ocrx_word' id='word_1_96' title='bbox 223 1665 277 1725; x_wconf 86' lang='lat' dir='ltr'><strong>fiat,</strong></span> <span class='ocrx_word' id='word_1_97' title='bbox 298 1680 332 1715; x_wconf 92' lang='lat' dir='ltr'><strong>ne</strong></span> <span class='ocrx_word' id='word_1_98' title='bbox 346 1665 506 1730; x_wconf 86' lang='lat' dir='ltr'>dedignetur</span> <span class='ocrx_word' id='word_1_99' title='bbox 529 1663 604 1730; x_wconf 91' lang='lat' dir='ltr'><strong>quod</strong></span> <span class='ocrx_word' id='word_1_100' title='bbox 619 1661 660 1712; x_wconf 86' lang='lat' dir='ltr'><strong>fe·</strong></span> 
     </span>
     <span class='ocr_line' id='line_1_21' title="bbox 124 1732 660 1789; baseline -0.015 0"><span class='ocrx_word' id='word_1_101' title='bbox 124 1738 161 1789; x_wconf 87' lang='lat' dir='ltr'><strong>cit</strong></span> <span class='ocrx_word' id='word_1_102' title='bbox 191 1736 319 1787; x_wconf 86' lang='lat' dir='ltr'><strong>Christus</strong></span> <span class='ocrx_word' id='word_1_103' title='bbox 356 1734 444 1785; x_wconf 83' lang='lat' dir='ltr'><strong>facere</strong></span> <span class='ocrx_word' id='word_1_104' title='bbox 479 1732 660 1784; x_wconf 83' lang='lat' dir='ltr'><strong>Christianus.</strong></span> 
     </span>
     <span class='ocr_line' id='line_1_22' title="bbox 126 1801 663 1871; baseline -0.017 -11"><span class='ocrx_word' id='word_1_105' title='bbox 126 1810 196 1860; x_wconf 89' lang='lat' dir='ltr'><strong>Cum</strong></span> <span class='ocrx_word' id='word_1_106' title='bbox 220 1808 294 1858; x_wconf 86' lang='lat' dir='ltr'><strong>enim</strong></span> <span class='ocrx_word' id='word_1_107' title='bbox 315 1806 347 1857; x_wconf 88' lang='lat' dir='ltr'><strong>ad</strong></span> <span class='ocrx_word' id='word_1_108' title='bbox 373 1805 454 1871; x_wconf 90' lang='lat' dir='ltr'><strong>pedes</strong></span> <span class='ocrx_word' id='word_1_109' title='bbox 476 1804 567 1854; x_wconf 85' lang='lat' dir='ltr'><strong>fratris</strong></span> <span class='ocrx_word' id='word_1_110' title='bbox 590 1801 663 1853; x_wconf 86' lang='lat' dir='ltr'><strong>incli-</strong></span> 
     </span>
     <span class='ocr_line' id='line_1_23' title="bbox 127 1876 662 1945; baseline -0.017 -12"><span class='ocrx_word' id='word_1_111' title='bbox 127 1892 206 1934; x_wconf 86' lang='lat' dir='ltr'><strong>natur</strong></span> <span class='ocrx_word' id='word_1_112' title='bbox 230 1896 337 1945; x_wconf 88' lang='lat' dir='ltr'><strong>corpus,</strong></span> <span class='ocrx_word' id='word_1_113' title='bbox 354 1879 434 1929; x_wconf 88' lang='lat' dir='ltr'><strong>etiam</strong></span> <span class='ocrx_word' id='word_1_114' title='bbox 458 1877 486 1927; x_wconf 91' lang='lat' dir='ltr'><strong>in</strong></span> <span class='ocrx_word' id='word_1_115' title='bbox 502 1877 582 1926; x_wconf 86' lang='lat' dir='ltr'><strong>corde</strong></span> <span class='ocrx_word' id='word_1_116' title='bbox 603 1876 662 1942; x_wconf 85' lang='lat' dir='ltr'><strong>ipso</strong></span> 
     </span>
     <span class='ocr_line' id='line_1_24' title="bbox 127 1948 664 2016; baseline -0.015 -10"><span class='ocrx_word' id='word_1_117' title='bbox 127 1956 169 2006; x_wconf 84' lang='lat' dir='ltr'><strong>vel</strong></span> <span class='ocrx_word' id='word_1_118' title='bbox 183 1953 323 2016; x_wconf 76' lang='lat' dir='ltr'><strong>excitatur,</strong></span> <span class='ocrx_word' id='word_1_119' title='bbox 338 1952 380 2002; x_wconf 93' lang='lat' dir='ltr'><strong>vel</strong></span> <span class='ocrx_word' id='word_1_120' title='bbox 394 1951 417 2000; x_wconf 90' lang='lat' dir='ltr'><strong>si</strong></span> <span class='ocrx_word' id='word_1_121' title='bbox 430 1951 483 2016; x_wconf 89' lang='lat' dir='ltr'><strong>jam</strong></span> <span class='ocrx_word' id='word_1_122' title='bbox 495 1948 582 2000; x_wconf 87' lang='lat' dir='ltr'><strong>inerat</strong></span> <span class='ocrx_word' id='word_1_123' title='bbox 594 1963 664 1999; x_wconf 83' lang='lat' dir='ltr'><strong>con-</strong></span> 
     </span>
    </p>
   </div>
   <div class='ocr_carea' id='block_1_3' title="bbox 412 259 943 317">
    <p class='ocr_par' dir='ltr' id='par_1_4' title="bbox 412 259 943 317">
     <span class='ocr_line' id='line_1_25' title="bbox 412 259 943 317; baseline 0.006 -3"><span class='ocrx_word' id='word_1_124' title='bbox 412 261 591 314; x_wconf 81' lang='lat' dir='ltr'><strong>SECUNDAE</strong></span> <span class='ocrx_word' id='word_1_125' title='bbox 607 260 731 311; x_wconf 70' lang='lat' dir='ltr'><strong>Pauus</strong></span> <span class='ocrx_word' id='word_1_126' title='bbox 744 259 862 313; x_wconf 78' lang='lat' dir='ltr'>CAPUT</span> <span class='ocrx_word' id='word_1_127' title='bbox 875 264 943 317; x_wconf 80' lang='lat' dir='ltr'><strong>Ltv.</strong></span> 
     </span>
    </p>
   </div>
   <div class='ocr_carea' id='block_1_4' title="bbox 686 377 1246 810">
    <p class='ocr_par' dir='ltr' id='par_1_5' title="bbox 686 377 1246 810">
     <span class='ocr_line' id='line_1_26' title="bbox 704 377 1244 458; baseline 0.035 -30"><span class='ocrx_word' id='word_1_128' title='bbox 704 377 792 458; x_wconf 60' lang='lat' dir='ltr'><strong>apluis</strong></span> <span class='ocrx_word' id='word_1_129' title='bbox 805 389 936 445; x_wconf 82' lang='lat' dir='ltr'><strong>quantum</strong></span> <span class='ocrx_word' id='word_1_130' title='bbox 958 383 987 434; x_wconf 89' lang='lat' dir='ltr'><strong>in</strong></span> <span class='ocrx_word' id='word_1_131' title='bbox 1012 394 1040 436; x_wconf 92' lang='lat' dir='ltr'><strong>te</strong></span> <span class='ocrx_word' id='word_1_132' title='bbox 1062 398 1103 439; x_wconf 89' lang='lat' dir='ltr'><strong>est</strong></span> <span class='ocrx_word' id='word_1_133' title='bbox 1118 394 1244 446; x_wconf 77' lang='lat' dir='ltr'><strong>maculas</strong></span> 
     </span>
     <span class='ocr_line' id='line_1_27' title="bbox 686 449 1245 528; baseline 0.039 -34"><span class='ocrx_word' id='word_1_134' title='bbox 686 463 771 528; x_wconf 51' lang='lat' dir='ltr'><strong>&#39;Q</strong></span> <span class='ocrx_word' id='word_1_135' title='bbox 793 449 852 500; x_wconf 88' lang='lat' dir='ltr'><strong>lloc</strong></span> <span class='ocrx_word' id='word_1_136' title='bbox 866 462 956 503; x_wconf 88' lang='lat' dir='ltr'><strong>autem</strong></span> <span class='ocrx_word' id='word_1_137' title='bbox 971 454 1002 505; x_wconf 86' lang='lat' dir='ltr'><strong>fit</strong></span> <span class='ocrx_word' id='word_1_138' title='bbox 1017 458 1183 524; x_wconf 84' lang='lat' dir='ltr'><strong>tripliciter:</strong></span> <span class='ocrx_word' id='word_1_139' title='bbox 1197 478 1245 515; x_wconf 84' lang='lat' dir='ltr'><strong>re-</strong></span> 
     </span>
     <span class='ocr_line' id='line_1_28' title="bbox 706 520 1246 597; baseline 0.035 -29"><span class='ocrx_word' id='word_1_140' title='bbox 706 520 839 570; x_wconf 82' lang='lat' dir='ltr'><strong>mittendo</strong></span> <span class='ocrx_word' id='word_1_141' title='bbox 859 522 961 574; x_wconf 78' lang='lat' dir='ltr'><strong>scilicet</strong></span> <span class='ocrx_word' id='word_1_142' title='bbox 974 526 999 576; x_wconf 89' lang='lat' dir='ltr'><strong>ei</strong></span> <span class='ocrx_word' id='word_1_143' title='bbox 1016 529 1157 597; x_wconf 78' lang='lat' dir='ltr'><strong>offensam,</strong></span> <span class='ocrx_word' id='word_1_144' title='bbox 1173 530 1246 586; x_wconf 71' lang='lat' dir='ltr'><strong>aim</strong></span> 
     </span>
     <span class='ocr_line' id='line_1_29' title="bbox 707 589 1245 670; baseline 0.037 -33"><span class='ocrx_word' id='word_1_145' title='bbox 707 589 753 639; x_wconf 89' lang='lat' dir='ltr'><strong>ille</strong></span> <span class='ocrx_word' id='word_1_146' title='bbox 768 589 850 670; x_wconf 76' lang='lat' dir='ltr'><strong>nobis</strong></span> <span class='ocrx_word' id='word_1_147' title='bbox 864 594 1061 657; x_wconf 72' lang='lat' dir='ltr'><strong>paenitentibus</strong></span> <span class='ocrx_word' id='word_1_148' title='bbox 1081 613 1190 666; x_wconf 78' lang='lat' dir='ltr'><strong>peccate</strong></span> <span class='ocrx_word' id='word_1_149' title='bbox 1204 604 1245 655; x_wconf 89' lang='lat' dir='ltr'><strong>di·</strong></span> 
     </span>
     <span class='ocr_line' id='line_1_30' title="bbox 708 668 1245 741; baseline 0.037 -34"><span class='ocrx_word' id='word_1_150' title='bbox 708 668 808 741; x_wconf 76' lang='lat' dir='ltr'><strong>mrtt1t3</strong></span> <span class='ocrx_word' id='word_1_151' title='bbox 824 672 945 729; x_wconf 83' lang='lat' dir='ltr'><strong>itemque</strong></span> <span class='ocrx_word' id='word_1_152' title='bbox 957 669 1057 719; x_wconf 90' lang='lat' dir='ltr'><strong>orando</strong></span> <span class='ocrx_word' id='word_1_153' title='bbox 1081 686 1130 736; x_wconf 86' lang='lat' dir='ltr'><strong>pro</strong></span> <span class='ocrx_word' id='word_1_154' title='bbox 1146 686 1245 739; x_wconf 85' lang='lat' dir='ltr'><strong>pecca-</strong></span> 
     </span>
     <span class='ocr_line' id='line_1_31' title="bbox 709 733 1244 810; baseline 0.034 -31"><span class='ocrx_word' id='word_1_155' title='bbox 709 738 745 780; x_wconf 83' lang='lat' dir='ltr'><strong>tis</strong></span> <span class='ocrx_word' id='word_1_156' title='bbox 759 746 831 796; x_wconf 65' lang='lat' dir='ltr'><strong>epus,</strong></span> <span class='ocrx_word' id='word_1_157' title='bbox 854 733 925 785; x_wconf 87' lang='lat' dir='ltr'><strong>sicut</strong></span> <span class='ocrx_word' id='word_1_158' title='bbox 939 735 985 786; x_wconf 88' lang='lat' dir='ltr'><strong>ille</strong></span> <span class='ocrx_word' id='word_1_159' title='bbox 999 739 1064 790; x_wconf 86' lang='lat' dir='ltr'><strong>lavit</strong></span> <span class='ocrx_word' id='word_1_160' title='bbox 1080 757 1132 792; x_wconf 89' lang='lat' dir='ltr'><strong>nos</strong></span> <span class='ocrx_word' id='word_1_161' title='bbox 1146 759 1162 794; x_wconf 85' lang='lat' dir='ltr'><strong>a</strong></span> <span class='ocrx_word' id='word_1_162' title='bbox 1178 756 1244 810; x_wconf 83' lang='lat' dir='ltr'><strong>pet·</strong></span> 
     </span>
    </p>
   </div>
   <div class='ocr_carea' id='block_1_5' title="bbox 709 801 1250 1596">
    <p class='ocr_par' dir='ltr' id='par_1_6' title="bbox 709 801 1250 1596">
     <span class='ocr_line' id='line_1_32' title="bbox 709 801 1246 882; baseline 0.032 -31"><span class='ocrx_word' id='word_1_163' title='bbox 709 801 789 863; x_wconf 79' lang='lat' dir='ltr'><strong>catis,</strong></span> <span class='ocrx_word' id='word_1_164' title='bbox 822 804 1017 871; x_wconf 85' lang='lat' dir='ltr'><strong>interpellando</strong></span> <span class='ocrx_word' id='word_1_165' title='bbox 1052 813 1158 864; x_wconf 86' lang='lat' dir='ltr'><strong>Patrem</strong></span> <span class='ocrx_word' id='word_1_166' title='bbox 1193 830 1246 882; x_wconf 76' lang='lat' dir='ltr'><strong>pru</strong></span> 
     </span>
     <span class='ocr_line' id='line_1_33' title="bbox 709 873 1246 944; baseline 0.03 -22"><span class='ocrx_word' id='word_1_167' title='bbox 709 873 800 934; x_wconf 87' lang='lat' dir='ltr'><strong>nobis,</strong></span> <span class='ocrx_word' id='word_1_168' title='bbox 811 884 839 925; x_wconf 85' lang='lat' dir='ltr'><strong>et</strong></span> <span class='ocrx_word' id='word_1_169' title='bbox 851 874 903 926; x_wconf 84' lang='lat' dir='ltr'><strong>iste</strong></span> <span class='ocrx_word' id='word_1_170' title='bbox 916 876 1014 944; x_wconf 80' lang='lat' dir='ltr'><strong>duplex</strong></span> <span class='ocrx_word' id='word_1_171' title='bbox 1026 882 1134 934; x_wconf 84' lang='lat' dir='ltr'><strong>lavandi</strong></span> <span class='ocrx_word' id='word_1_172' title='bbox 1144 887 1246 939; x_wconf 83' lang='lat' dir='ltr'><strong>modus</strong></span> 
     </span>
     <span class='ocr_line' id='line_1_34' title="bbox 710 946 1247 1023; baseline 0.03 -30"><span class='ocrx_word' id='word_1_173' title='bbox 710 946 865 997; x_wconf 84' lang='lat' dir='ltr'><strong>communis</strong></span> <span class='ocrx_word' id='word_1_174' title='bbox 886 957 927 998; x_wconf 74' lang='lat' dir='ltr'><strong>est</strong></span> <span class='ocrx_word' id='word_1_175' title='bbox 949 950 1080 1004; x_wconf 90' lang='lat' dir='ltr'><strong>omnibus</strong></span> <span class='ocrx_word' id='word_1_176' title='bbox 1102 954 1247 1023; x_wconf 79' lang='lat' dir='ltr'><strong>fidelibua;</strong></span> 
     </span>
     <span class='ocr_line' id='line_1_35' title="bbox 709 1016 1246 1091; baseline 0.028 -27"><span class='ocrx_word' id='word_1_177' title='bbox 709 1016 804 1066; x_wconf 87' lang='lat' dir='ltr'><strong>tertius</strong></span> <span class='ocrx_word' id='word_1_178' title='bbox 817 1018 915 1068; x_wconf 89' lang='lat' dir='ltr'><strong>modus</strong></span> <span class='ocrx_word' id='word_1_179' title='bbox 929 1022 1045 1085; x_wconf 83' lang='lat' dir='ltr'><strong>pertinet</strong></span> <span class='ocrx_word' id='word_1_180' title='bbox 1059 1025 1092 1074; x_wconf 90' lang='lat' dir='ltr'><strong>ad</strong></span> <span class='ocrx_word' id='word_1_181' title='bbox 1107 1028 1246 1091; x_wconf 76' lang='lat' dir='ltr'><strong>praelatos,</strong></span> 
     </span>
     <span class='ocr_line' id='line_1_36' title="bbox 710 1086 1249 1164; baseline 0.026 -29"><span class='ocrx_word' id='word_1_182' title='bbox 710 1087 758 1152; x_wconf 90' lang='lat' dir='ltr'><strong>qui</strong></span> <span class='ocrx_word' id='word_1_183' title='bbox 771 1086 858 1137; x_wconf 77' lang='lat' dir='ltr'><strong>lauare</strong></span> <span class='ocrx_word' id='word_1_184' title='bbox 880 1089 980 1142; x_wconf 84' lang='lat' dir='ltr'><strong>debent</strong></span> <span class='ocrx_word' id='word_1_185' title='bbox 1001 1095 1167 1148; x_wconf 87' lang='lat' dir='ltr'><strong>remittendo</strong></span> <span class='ocrx_word' id='word_1_186' title='bbox 1180 1112 1249 1164; x_wconf 86' lang='lat' dir='ltr'><strong>pec—</strong></span> 
     </span>
     <span class='ocr_line' id='line_1_37' title="bbox 709 1162 1248 1221; baseline 0.022 -12"><span class='ocrx_word' id='word_1_187' title='bbox 709 1168 765 1209; x_wconf 77' lang='lat' dir='ltr'><strong>catu</strong></span> <span class='ocrx_word' id='word_1_188' title='bbox 785 1162 941 1213; x_wconf 85' lang='lat' dir='ltr'><strong>auctoritate</strong></span> <span class='ocrx_word' id='word_1_189' title='bbox 965 1165 1091 1218; x_wconf 87' lang='lat' dir='ltr'><strong>clavium.</strong></span> <span class='ocrx_word' id='word_1_190' title='bbox 1117 1170 1248 1221; x_wconf 76' lang='lat' dir='ltr'><strong>Nostrum</strong></span> 
     </span>
     <span class='ocr_line' id='line_1_38' title="bbox 710 1235 1249 1302; baseline 0.024 -20"><span class='ocrx_word' id='word_1_191' title='bbox 710 1241 750 1283; x_wconf 86' lang='lat' dir='ltr'><strong>est</strong></span> <span class='ocrx_word' id='word_1_192' title='bbox 759 1247 833 1299; x_wconf 86' lang='lat' dir='ltr'><strong>ergo,</strong></span> <span class='ocrx_word' id='word_1_193' title='bbox 847 1235 964 1286; x_wconf 83' lang='lat' dir='ltr'><strong>donante</strong></span> <span class='ocrx_word' id='word_1_194' title='bbox 980 1238 1108 1302; x_wconf 88' lang='lat' dir='ltr'><strong>Domino,</strong></span> <span class='ocrx_word' id='word_1_195' title='bbox 1122 1243 1249 1294; x_wconf 80' lang='lat' dir='ltr'><strong>ministe·</strong></span> 
     </span>
     <span class='ocr_line' id='line_1_39' title="bbox 710 1305 1250 1369; baseline 0.024 -14"><span class='ocrx_word' id='word_1_196' title='bbox 710 1305 783 1356; x_wconf 89' lang='lat' dir='ltr'><strong>rium</strong></span> <span class='ocrx_word' id='word_1_197' title='bbox 802 1307 926 1369; x_wconf 83' lang='lat' dir='ltr'><strong>caritatis,</strong></span> <span class='ocrx_word' id='word_1_198' title='bbox 940 1319 968 1359; x_wconf 86' lang='lat' dir='ltr'><strong>et</strong></span> <span class='ocrx_word' id='word_1_199' title='bbox 983 1311 1148 1366; x_wconf 85' lang='lat' dir='ltr'><strong>humilitatis</strong></span> <span class='ocrx_word' id='word_1_200' title='bbox 1168 1317 1250 1367; x_wconf 84' lang='lat' dir='ltr'><strong>adhi—</strong></span> 
     </span>
     <span class='ocr_line' id='line_1_40' title="bbox 712 1376 1249 1447; baseline 0.022 -20"><span class='ocrx_word' id='word_1_201' title='bbox 712 1376 792 1441; x_wconf 75' lang='lat' dir='ltr'><strong>bere3</strong></span> <span class='ocrx_word' id='word_1_202' title='bbox 816 1378 892 1429; x_wconf 88' lang='lat' dir='ltr'><strong>illius</strong></span> <span class='ocrx_word' id='word_1_203' title='bbox 914 1390 954 1430; x_wconf 85' lang='lat' dir='ltr'><strong>est</strong></span> <span class='ocrx_word' id='word_1_204' title='bbox 977 1384 1116 1447; x_wconf 82' lang='lat' dir='ltr'><strong>exaudire,</strong></span> <span class='ocrx_word' id='word_1_205' title='bbox 1136 1402 1171 1437; x_wconf 81' lang='lat' dir='ltr'><strong>ac</strong></span> <span class='ocrx_word' id='word_1_206' title='bbox 1198 1401 1249 1439; x_wconf 83' lang='lat' dir='ltr'><strong>noa</strong></span> 
     </span>
     <span class='ocr_line' id='line_1_41' title="bbox 713 1450 1249 1525; baseline 0.022 -25"><span class='ocrx_word' id='word_1_207' title='bbox 713 1450 747 1500; x_wconf 90' lang='lat' dir='ltr'><strong>ab</strong></span> <span class='ocrx_word' id='word_1_208' title='bbox 769 1452 845 1502; x_wconf 89' lang='lat' dir='ltr'><strong>omni</strong></span> <span class='ocrx_word' id='word_1_209' title='bbox 868 1455 1102 1509; x_wconf 84' lang='lat' dir='ltr'><strong>contaminatione</strong></span> <span class='ocrx_word' id='word_1_210' title='bbox 1125 1468 1249 1525; x_wconf 76' lang='lat' dir='ltr'><strong>peceato·</strong></span> 
     </span>
     <span class='ocr_line' id='line_1_42' title="bbox 713 1524 1250 1596; baseline 0.02 -26"><span class='ocrx_word' id='word_1_211' title='bbox 713 1537 775 1571; x_wconf 87' lang='lat' dir='ltr'><strong>rum</strong></span> <span class='ocrx_word' id='word_1_212' title='bbox 794 1524 934 1574; x_wconf 86' lang='lat' dir='ltr'><strong>mundare.</strong></span> <span class='ocrx_word' id='word_1_213' title='bbox 960 1527 1062 1579; x_wconf 86' lang='lat' dir='ltr'><strong>Deinde</strong></span> <span class='ocrx_word' id='word_1_214' title='bbox 1087 1530 1162 1596; x_wconf 90' lang='lat' dir='ltr'><strong>quod</strong></span> <span class='ocrx_word' id='word_1_215' title='bbox 1181 1530 1250 1580; x_wconf 83' lang='lat' dir='ltr'><strong>dixit</strong></span> 
     </span>
    </p>
   </div>
   <div class='ocr_carea' id='block_1_6' title="bbox 700 1592 1250 1660">
    <p class='ocr_par' dir='ltr' id='par_1_7' title="bbox 700 1592 1250 1660">
     <span class='ocr_line' id='line_1_43' title="bbox 700 1592 1250 1660; baseline 0.016 -20"><span class='ocrx_word' id='word_1_216' title='bbox 700 1633 703 1639; x_wconf 97' lang='lat'>.</span> <span class='ocrx_word' id='word_1_217' title='bbox 714 1592 836 1657; x_wconf 87' lang='lat' dir='ltr'><strong>sequenti</strong></span> <span class='ocrx_word' id='word_1_218' title='bbox 849 1595 960 1658; x_wconf 82' lang='lat' dir='ltr'><strong>praemio</strong></span> <span class='ocrx_word' id='word_1_219' title='bbox 971 1597 1124 1660; x_wconf 83' lang='lat' dir='ltr'><strong>confirmat,</strong></span> <span class='ocrx_word' id='word_1_220' title='bbox 1134 1600 1227 1651; x_wconf 68' lang='lat' dir='ltr'><strong>dicem</strong></span> <span class='ocrx_word' id='word_1_221' title='bbox 1240 1615 1250 1649; x_wconf 70' lang='grc' dir='ltr'><strong>ε</strong></span> 
     </span>
    </p>
   </div>
   <div class='ocr_carea' id='block_1_7' title="bbox 714 1661 1256 2015">
    <p class='ocr_par' dir='ltr' id='par_1_8' title="bbox 714 1661 1256 2015">
     <span class='ocr_line' id='line_1_44' title="bbox 714 1661 1254 1732; baseline 0.02 -20"><span class='ocrx_word' id='word_1_222' title='bbox 714 1661 748 1712; x_wconf 84' lang='lat' dir='ltr'><strong>St&#39;</strong></span> <span class='ocrx_word' id='word_1_223' title='bbox 767 1663 826 1713; x_wconf 86' lang='lat' dir='ltr'><strong>ltaec</strong></span> <span class='ocrx_word' id='word_1_224' title='bbox 846 1665 932 1727; x_wconf 85' lang='lat' dir='ltr'><strong>scitis,</strong></span> <span class='ocrx_word' id='word_1_225' title='bbox 956 1682 1017 1732; x_wconf 87' lang='lat' dir='ltr'><strong>quae</strong></span> <span class='ocrx_word' id='word_1_226' title='bbox 1041 1669 1092 1720; x_wconf 88' lang='lat' dir='ltr'><strong>feci</strong></span> <span class='ocrx_word' id='word_1_227' title='bbox 1113 1681 1141 1721; x_wconf 91' lang='lat' dir='ltr'><strong>et</strong></span> <span class='ocrx_word' id='word_1_228' title='bbox 1164 1671 1254 1729; x_wconf 76' lang='lat' dir='ltr'><strong>doceo,</strong></span> 
     </span>
     <span class='ocr_line' id='line_1_45' title="bbox 716 1732 1254 1804; baseline 0.02 -22"><span class='ocrx_word' id='word_1_229' title='bbox 716 1732 788 1784; x_wconf 85' lang='lat' dir='ltr'><strong>beati</strong></span> <span class='ocrx_word' id='word_1_230' title='bbox 797 1735 889 1797; x_wconf 82' lang='lat' dir='ltr'><strong>eritis,</strong></span> <span class='ocrx_word' id='word_1_231' title='bbox 907 1737 951 1787; x_wconf 87' lang='lat' dir='ltr'><strong>hic</strong></span> <span class='ocrx_word' id='word_1_232' title='bbox 965 1738 992 1788; x_wconf 93' lang='lat' dir='ltr'><strong>in</strong></span> <span class='ocrx_word' id='word_1_233' title='bbox 1005 1755 1062 1804; x_wconf 86' lang='lat' dir='ltr'><strong>spe,</strong></span> <span class='ocrx_word' id='word_1_234' title='bbox 1078 1742 1148 1791; x_wconf 88' lang='lat' dir='ltr'><strong>etin</strong></span> <span class='ocrx_word' id='word_1_235' title='bbox 1163 1740 1254 1792; x_wconf 76' lang='lat' dir='ltr'><strong>futuro</strong></span> 
     </span>
     <span class='ocr_line' id='line_1_46' title="bbox 715 1804 1253 1877; baseline 0.022 -24"><span class='ocrx_word' id='word_1_236' title='bbox 715 1804 744 1854; x_wconf 92' lang='lat' dir='ltr'><strong>in</strong></span> <span class='ocrx_word' id='word_1_237' title='bbox 767 1821 806 1867; x_wconf 81' lang='lat' dir='ltr'><strong>re,</strong></span> <span class='ocrx_word' id='word_1_238' title='bbox 828 1807 853 1856; x_wconf 89' lang='lat' dir='ltr'><strong>st&#39;</strong></span> <span class='ocrx_word' id='word_1_239' title='bbox 873 1809 1001 1871; x_wconf 81' lang='lat' dir='ltr'><strong>feceritis</strong></span> <span class='ocrx_word' id='word_1_240' title='bbox 1013 1825 1055 1873; x_wconf 87' lang='lat' dir='ltr'><strong>ea,</strong></span> <span class='ocrx_word' id='word_1_241' title='bbox 1070 1812 1138 1877; x_wconf 90' lang='lat' dir='ltr'><strong>quia</strong></span> <span class='ocrx_word' id='word_1_242' title='bbox 1151 1829 1159 1863; x_wconf 74' lang='grc' dir='ltr'><strong>ι</strong></span> <span class='ocrx_word' id='word_1_243' title='bbox 1172 1810 1253 1864; x_wconf 70' lang='lat' dir='ltr'><strong>Basti</strong></span> 
     </span>
     <span class='ocr_line' id='line_1_47' title="bbox 715 1875 1256 1945; baseline 0.02 -21"><span class='ocrx_word' id='word_1_244' title='bbox 715 1875 761 1940; x_wconf 78' lang='lat' dir='ltr'><strong>qui</strong></span> <span class='ocrx_word' id='word_1_245' title='bbox 782 1877 897 1927; x_wconf 80' lang='lat' dir='ltr'><strong>audiunt</strong></span> <span class='ocrx_word' id='word_1_246' title='bbox 919 1880 1025 1930; x_wconf 84' lang='lat' dir='ltr'><strong>verbum</strong></span> <span class='ocrx_word' id='word_1_247' title='bbox 1040 1882 1102 1945; x_wconf 88' lang='lat' dir='ltr'><strong>Dei,</strong></span> <span class='ocrx_word' id='word_1_248' title='bbox 1124 1888 1152 1933; x_wconf 84' lang='lat' dir='ltr'><strong>et</strong></span> <span class='ocrx_word' id='word_1_249' title='bbox 1163 1889 1256 1934; x_wconf 82' lang='lat' dir='ltr'><strong>custo·</strong></span> 
     </span>
     <span class='ocr_line' id='line_1_48' title="bbox 716 1949 1256 2015; baseline 0.019 -17"><span class='ocrx_word' id='word_1_250' title='bbox 716 1949 793 2000; x_wconf 74' lang='lat' dir='ltr'><strong>diunt</strong></span> <span class='ocrx_word' id='word_1_251' title='bbox 815 1949 886 2001; x_wconf 80' lang='lat' dir='ltr'><strong>illud</strong></span> <span class='ocrx_word' id='word_1_252' title='bbox 892 1969 902 2015; x_wconf 90' lang='lat'><strong>,·</strong></span> <span class='ocrx_word' id='word_1_253' title='bbox 928 1955 1148 2006; x_wconf 59' lang='lat' dir='ltr'><strong>adnullamus</strong></span> <span class='ocrx_word' id='word_1_254' title='bbox 1173 1956 1256 2007; x_wconf 71' lang='lat' dir='ltr'><strong>bom</strong></span> 
     </span>
    </p>
   </div>
   <div class='ocr_carea' id='block_1_8' title="bbox 129 2020 1254 2090">
    <p class='ocr_par' dir='ltr' id='par_1_9' title="bbox 129 2020 1254 2090">
     <span class='ocr_line' id='line_1_49' title="bbox 129 2020 1254 2090; baseline 0.001 -12"><span class='ocrx_word' id='word_1_255' title='bbox 129 2026 253 2078; x_wconf 85' lang='lat' dir='ltr'><strong>firmatur</strong></span> <span class='ocrx_word' id='word_1_256' title='bbox 282 2023 370 2090; x_wconf 89' lang='lat' dir='ltr'><strong>ipsius</strong></span> <span class='ocrx_word' id='word_1_257' title='bbox 406 2021 569 2073; x_wconf 86' lang='lat' dir='ltr'><strong>humilitatis</strong></span> <span class='ocrx_word' id='word_1_258' title='bbox 597 2020 664 2072; x_wconf 78' lang='lat' dir='ltr'><strong>affe·</strong></span> <span class='ocrx_word' id='word_1_259' title='bbox 711 2022 878 2087; x_wconf 72' lang='lat' dir='ltr'><strong>faciemibus</strong></span> <span class='ocrx_word' id='word_1_260' title='bbox 899 2039 940 2075; x_wconf 87' lang='lat' dir='ltr'><strong>ea.</strong></span> <span class='ocrx_word' id='word_1_261' title='bbox 962 2026 1037 2086; x_wconf 87' lang='lat' dir='ltr'><strong>Quia</strong></span> <span class='ocrx_word' id='word_1_262' title='bbox 1052 2028 1123 2078; x_wconf 89' lang='lat' dir='ltr'><strong>scire</strong></span> <span class='ocrx_word' id='word_1_263' title='bbox 1139 2029 1254 2089; x_wconf 77' lang='lat' dir='ltr'><strong>bonum,</strong></span> 
     </span>
    </p>
   </div>
   <div class='ocr_carea' id='block_1_9' title="bbox 128 2091 669 2659">
    <p class='ocr_par' dir='ltr' id='par_1_10' title="bbox 128 2091 669 2659">
     <span class='ocr_line' id='line_1_50' title="bbox 130 2091 665 2158; baseline -0.013 -9"><span class='ocrx_word' id='word_1_264' title='bbox 130 2109 189 2149; x_wconf 88' lang='lat' dir='ltr'><strong>ctus</strong></span> <span class='ocrx_word' id='word_1_265' title='bbox 209 2114 216 2148; x_wconf 76' lang='lat' dir='ltr'><strong>a</strong></span> <span class='ocrx_word' id='word_1_266' title='bbox 243 2116 257 2145; x_wconf 78' lang='lat' dir='ltr'><strong>n</strong></span> <span class='ocrx_word' id='word_1_267' title='bbox 277 2097 336 2146; x_wconf 88' lang='lat' dir='ltr'><strong>haec</strong></span> <span class='ocrx_word' id='word_1_268' title='bbox 356 2093 537 2158; x_wconf 69' lang='lat' dir='ltr'><strong>Augustinus.</strong></span> <span class='ocrx_word' id='word_1_269' title='bbox 561 2120 592 2130; x_wconf 91' lang='lat'>-</span> <span class='ocrx_word' id='word_1_270' title='bbox 610 2091 665 2142; x_wconf 83' lang='lat' dir='ltr'><strong>Sed</strong></span> 
     </span>
     <span class='ocr_line' id='line_1_51' title="bbox 131 2164 665 2236; baseline -0.013 -15"><span class='ocrx_word' id='word_1_271' title='bbox 131 2178 242 2236; x_wconf 82' lang='lat' dir='ltr'><strong>excepto</strong></span> <span class='ocrx_word' id='word_1_272' title='bbox 263 2168 315 2219; x_wconf 88' lang='lat' dir='ltr'><strong>isto</strong></span> <span class='ocrx_word' id='word_1_273' title='bbox 332 2167 428 2217; x_wconf 89' lang='lat' dir='ltr'><strong>morali</strong></span> <span class='ocrx_word' id='word_1_274' title='bbox 449 2165 595 2225; x_wconf 87' lang='lat' dir='ltr'><strong>intellectu,</strong></span> <span class='ocrx_word' id='word_1_275' title='bbox 616 2164 665 2214; x_wconf 84' lang='lat' dir='ltr'><strong>ni·</strong></span> 
     </span>
     <span class='ocr_line' id='line_1_52' title="bbox 132 2234 666 2299; baseline -0.013 -10"><span class='ocrx_word' id='word_1_276' title='bbox 132 2238 285 2289; x_wconf 88' lang='lat' dir='ltr'><strong>hilominus</strong></span> <span class='ocrx_word' id='word_1_277' title='bbox 301 2237 353 2287; x_wconf 91' lang='lat' dir='ltr'><strong>hoc</strong></span> <span class='ocrx_word' id='word_1_278' title='bbox 368 2237 450 2286; x_wconf 89' lang='lat' dir='ltr'><strong>etiam</strong></span> <span class='ocrx_word' id='word_1_279' title='bbox 469 2235 502 2284; x_wconf 91' lang='lat' dir='ltr'><strong>ad</strong></span> <span class='ocrx_word' id='word_1_280' title='bbox 520 2234 666 2299; x_wconf 88' lang='lat' dir='ltr'><strong>mysticum</strong></span> 
     </span>
     <span class='ocr_line' id='line_1_53' title="bbox 128 2304 667 2372; baseline -0.013 -12"><span class='ocrx_word' id='word_1_281' title='bbox 128 2309 310 2369; x_wconf 84' lang='lat' dir='ltr'><strong>intellectum,</strong></span> <span class='ocrx_word' id='word_1_282' title='bbox 333 2316 361 2357; x_wconf 89' lang='lat' dir='ltr'><strong>et</strong></span> <span class='ocrx_word' id='word_1_283' title='bbox 384 2304 561 2372; x_wconf 86' lang='lat' dir='ltr'><strong>spiritualiter</strong></span> <span class='ocrx_word' id='word_1_284' title='bbox 582 2305 667 2355; x_wconf 83' lang='lat' dir='ltr'><strong>facere</strong></span> 
     </span>
     <span class='ocr_line' id='line_1_54' title="bbox 129 2377 665 2443; baseline -0.015 -10"><span class='ocrx_word' id='word_1_285' title='bbox 129 2383 267 2434; x_wconf 86' lang='lat' dir='ltr'><strong>debemus.</strong></span> <span class='ocrx_word' id='word_1_286' title='bbox 285 2381 316 2430; x_wconf 93' lang='lat' dir='ltr'><strong>In</strong></span> <span class='ocrx_word' id='word_1_287' title='bbox 331 2378 433 2430; x_wconf 92' lang='lat' dir='ltr'><strong>lotione</strong></span> <span class='ocrx_word' id='word_1_288' title='bbox 456 2377 530 2428; x_wconf 91' lang='lat' dir='ltr'><strong>enim</strong></span> <span class='ocrx_word' id='word_1_289' title='bbox 555 2378 665 2443; x_wconf 87' lang='lat' dir='ltr'><strong>pedum,</strong></span> 
     </span>
     <span class='ocr_line' id='line_1_55' title="bbox 129 2448 666 2517; baseline -0.013 -13"><span class='ocrx_word' id='word_1_290' title='bbox 129 2455 208 2504; x_wconf 86' lang='lat' dir='ltr'><strong>datur</strong></span> <span class='ocrx_word' id='word_1_291' title='bbox 226 2451 341 2517; x_wconf 85' lang='lat' dir='ltr'><strong>intelligi</strong></span> <span class='ocrx_word' id='word_1_292' title='bbox 365 2449 469 2500; x_wconf 90' lang='lat' dir='ltr'><strong>ablutio</strong></span> <span class='ocrx_word' id='word_1_293' title='bbox 490 2448 666 2498; x_wconf 81' lang='lat' dir='ltr'><strong>macularum.</strong></span> 
     </span>
     <span class='ocr_line' id='line_1_56' title="bbox 131 2519 669 2589; baseline -0.011 -14"><span class='ocrx_word' id='word_1_294' title='bbox 131 2524 207 2575; x_wconf 89' lang='lat' dir='ltr'><strong>Tunc</strong></span> <span class='ocrx_word' id='word_1_295' title='bbox 226 2539 289 2589; x_wconf 88' lang='lat' dir='ltr'><strong>ergo</strong></span> <span class='ocrx_word' id='word_1_296' title='bbox 311 2520 489 2588; x_wconf 83' lang='lat' dir='ltr'><strong>spiritualiter</strong></span> <span class='ocrx_word' id='word_1_297' title='bbox 501 2521 575 2570; x_wconf 84' lang='lat' dir='ltr'><strong>lavas</strong></span> <span class='ocrx_word' id='word_1_298' title='bbox 588 2519 669 2586; x_wconf 87' lang='lat' dir='ltr'><strong>pedes</strong></span> 
     </span>
     <span class='ocr_line' id='line_1_57' title="bbox 132 2591 669 2659; baseline -0.007 -14"><span class='ocrx_word' id='word_1_299' title='bbox 132 2594 220 2648; x_wconf 80' lang='lat' dir='ltr'><strong>fratris</strong></span> <span class='ocrx_word' id='word_1_300' title='bbox 233 2595 286 2659; x_wconf 86' lang='lat' dir='ltr'><strong>tui,</strong></span> <span class='ocrx_word' id='word_1_301' title='bbox 299 2610 362 2645; x_wconf 89' lang='lat' dir='ltr'><strong>cum</strong></span> <span class='ocrx_word' id='word_1_302' title='bbox 374 2592 515 2645; x_wconf 86' lang='lat' dir='ltr'><strong>Christum</strong></span> <span class='ocrx_word' id='word_1_303' title='bbox 528 2591 669 2653; x_wconf 83' lang='lat' dir='ltr'><strong>imitando,</strong></span> 
     </span>
    </p>
   </div>
   <div class='ocr_carea' id='block_1_10' title="bbox 718 2093 1260 2661">
    <p class='ocr_par' dir='ltr' id='par_1_11' title="bbox 718 2093 1260 2661">
     <span class='ocr_line' id='line_1_58' title="bbox 718 2093 1254 2164; baseline 0.017 -22"><span class='ocrx_word' id='word_1_304' title='bbox 718 2103 744 2143; x_wconf 85' lang='lat' dir='ltr'><strong>et</strong></span> <span class='ocrx_word' id='word_1_305' title='bbox 759 2109 813 2143; x_wconf 86' lang='lat' dir='ltr'><strong>non</strong></span> <span class='ocrx_word' id='word_1_306' title='bbox 828 2093 921 2156; x_wconf 84' lang='lat' dir='ltr'><strong>facere,</strong></span> <span class='ocrx_word' id='word_1_307' title='bbox 936 2112 992 2147; x_wconf 91' lang='lat' dir='ltr'><strong>non</strong></span> <span class='ocrx_word' id='word_1_308' title='bbox 1004 2099 1121 2164; x_wconf 87' lang='lat' dir='ltr'><strong>pertinet</strong></span> <span class='ocrx_word' id='word_1_309' title='bbox 1141 2101 1176 2150; x_wconf 86' lang='lat' dir='ltr'><strong>ad</strong></span> <span class='ocrx_word' id='word_1_310' title='bbox 1195 2100 1254 2150; x_wconf 68' lang='lat' dir='ltr'><strong>bea</strong></span> 
     </span>
     <span class='ocr_line' id='line_1_59' title="bbox 718 2165 1256 2230; baseline 0.019 -17"><span class='ocrx_word' id='word_1_311' title='bbox 718 2165 870 2227; x_wconf 86' lang='lat' dir='ltr'><strong>titudinem,</strong></span> <span class='ocrx_word' id='word_1_312' title='bbox 885 2169 931 2218; x_wconf 86' lang='lat' dir='ltr'><strong>sed</strong></span> <span class='ocrx_word' id='word_1_313' title='bbox 943 2169 977 2218; x_wconf 89' lang='lat' dir='ltr'><strong>ad</strong></span> <span class='ocrx_word' id='word_1_314' title='bbox 988 2171 1256 2230; x_wconf 78' lang='lat' dir='ltr'><strong>condemnationem,</strong></span> 
     </span>
     <span class='ocr_line' id='line_1_60' title="bbox 719 2238 1259 2293; baseline 0.019 -9"><span class='ocrx_word' id='word_1_315' title='bbox 719 2238 868 2286; x_wconf 87' lang='lat' dir='ltr'><strong>secundum</strong></span> <span class='ocrx_word' id='word_1_316' title='bbox 892 2238 960 2289; x_wconf 91' lang='lat' dir='ltr'><strong>illud</strong></span> <span class='ocrx_word' id='word_1_317' title='bbox 976 2257 983 2290; x_wconf 76' lang='grc' dir='ltr'><strong><em>ε</em></strong></span> <span class='ocrx_word' id='word_1_318' title='bbox 999 2241 1103 2292; x_wconf 77' lang='lat' dir='ltr'><strong>Scientt</strong></span> <span class='ocrx_word' id='word_1_319' title='bbox 1118 2243 1216 2293; x_wconf 78' lang='lat' dir='ltr'><strong>bouum</strong></span> <span class='ocrx_word' id='word_1_320' title='bbox 1230 2247 1259 2293; x_wconf 75' lang='lat' dir='ltr'><strong>et</strong></span> 
     </span>
     <span class='ocr_line' id='line_1_61' title="bbox 720 2309 1257 2378; baseline 0.015 -21"><span class='ocrx_word' id='word_1_321' title='bbox 720 2322 771 2358; x_wconf 74' lang='lat' dir='ltr'><strong>iton</strong></span> <span class='ocrx_word' id='word_1_322' title='bbox 801 2309 922 2374; x_wconf 80' lang='lat' dir='ltr'><strong>facienti</strong></span> <span class='ocrx_word' id='word_1_323' title='bbox 930 2348 939 2373; x_wconf 88' lang='lat'><strong>,</strong></span> <span class='ocrx_word' id='word_1_324' title='bbox 965 2319 1108 2378; x_wconf 79' lang='lat' dir='ltr'><strong>peccatum</strong></span> <span class='ocrx_word' id='word_1_325' title='bbox 1137 2321 1179 2366; x_wconf 85' lang='lat' dir='ltr'><strong>est</strong></span> <span class='ocrx_word' id='word_1_326' title='bbox 1208 2313 1257 2365; x_wconf 80' lang='lat' dir='ltr'><strong>tut.</strong></span> 
     </span>
     <span class='ocr_line' id='line_1_62' title="bbox 721 2377 1260 2449; baseline 0.017 -22"><span class='ocrx_word' id='word_1_327' title='bbox 721 2377 800 2428; x_wconf 88' lang='lat' dir='ltr'><strong>Unde</strong></span> <span class='ocrx_word' id='word_1_328' title='bbox 825 2379 863 2430; x_wconf 90' lang='lat' dir='ltr'><strong>ait</strong></span> <span class='ocrx_word' id='word_1_329' title='bbox 885 2382 1123 2449; x_wconf 77' lang='lat' dir='ltr'><strong>chrysostomus:</strong></span> <span class='ocrx_word' id='word_1_330' title='bbox 1141 2403 1156 2432; x_wconf 78' lang='lat' dir='ltr'><strong>a</strong></span> <span class='ocrx_word' id='word_1_331' title='bbox 1170 2385 1260 2436; x_wconf 77' lang='lat' dir='ltr'><strong>Benti-</strong></span> 
     </span>
     <span class='ocr_line' id='line_1_63' title="bbox 723 2449 1260 2519; baseline 0.017 -21"><span class='ocrx_word' id='word_1_332' title='bbox 723 2449 788 2500; x_wconf 92' lang='lat' dir='ltr'><strong>tudo</strong></span> <span class='ocrx_word' id='word_1_333' title='bbox 811 2466 866 2500; x_wconf 91' lang='lat' dir='ltr'><strong>non</strong></span> <span class='ocrx_word' id='word_1_334' title='bbox 893 2453 1031 2519; x_wconf 90' lang='lat' dir='ltr'><strong>copulatur</strong></span> <span class='ocrx_word' id='word_1_335' title='bbox 1053 2470 1116 2504; x_wconf 89' lang='lat' dir='ltr'><strong>cum</strong></span> <span class='ocrx_word' id='word_1_336' title='bbox 1135 2454 1260 2516; x_wconf 72' lang='lat' dir='ltr'><strong>edentia,</strong></span> 
     </span>
     <span class='ocr_line' id='line_1_64' title="bbox 722 2521 1258 2587; baseline 0.006 -18"><span class='ocrx_word' id='word_1_337' title='bbox 722 2521 770 2570; x_wconf 87' lang='lat' dir='ltr'><strong>sed</strong></span> <span class='ocrx_word' id='word_1_338' title='bbox 780 2536 842 2571; x_wconf 91' lang='lat' dir='ltr'><strong>cum</strong></span> <span class='ocrx_word' id='word_1_339' title='bbox 851 2537 931 2587; x_wconf 89' lang='lat' dir='ltr'><strong>opere</strong></span> <span class='ocrx_word' id='word_1_340' title='bbox 943 2532 969 2573; x_wconf 91' lang='lat' dir='ltr'><strong>et</strong></span> <span class='ocrx_word' id='word_1_341' title='bbox 978 2524 1083 2574; x_wconf 90' lang='lat' dir='ltr'><strong>lumine</strong></span> <span class='ocrx_word' id='word_1_342' title='bbox 1093 2524 1216 2577; x_wconf 64' lang='lat' dir='ltr'><strong>scientio¹</strong></span> <span class='ocrx_word' id='word_1_343' title='bbox 1226 2542 1233 2576; x_wconf 91' lang='lat'>:</span> <span class='ocrx_word' id='word_1_344' title='bbox 1244 2542 1258 2572; x_wconf 82' lang='lat' dir='ltr'><strong>n</strong></span> 
     </span>
     <span class='ocr_line' id='line_1_65' title="bbox 723 2591 1014 2661; baseline 0.007 -19"><span class='ocrx_word' id='word_1_345' title='bbox 723 2591 781 2643; x_wconf 76' lang='lat' dir='ltr'><strong>hacc</strong></span> <span class='ocrx_word' id='word_1_346' title='bbox 793 2593 1014 2661; x_wconf 68' lang='lat' dir='ltr'><strong>Chrysostomus.</strong></span> 
     </span>
    </p>
   </div>
   <div class='ocr_carea' id='block_1_11' title="bbox 639 2810 775 2864">
    <p class='ocr_par' dir='ltr' id='par_1_12' title="bbox 639 2810 775 2864">
     <span class='ocr_line' id='line_1_66' title="bbox 639 2810 775 2864; baseline 0.015 -2"><span class='ocrx_word' id='word_1_347' title='bbox 639 2810 775 2864; x_wconf 81' lang='lat' dir='ltr'><strong>0RnT10</strong></span> 
     </span>
    </p>
   </div>
   <div class='ocr_carea' id='block_1_12' title="bbox 134 2977 1261 3546">
    <p class='ocr_par' dir='ltr' id='par_1_13' title="bbox 134 2977 1261 3546">
     <span class='ocr_line' id='line_1_67' title="bbox 165 2977 1261 3047; baseline 0.002 -19"><span class='ocrx_word' id='word_1_348' title='bbox 165 2978 190 3028; x_wconf 90' lang='lat'>0</span> <span class='ocrx_word' id='word_1_349' title='bbox 204 2980 277 3042; x_wconf 85' lang='lat' dir='ltr'><strong>lesu,</strong></span> <span class='ocrx_word' id='word_1_350' title='bbox 289 2978 368 3027; x_wconf 86' lang='lat' dir='ltr'><strong>mitis</strong></span> <span class='ocrx_word' id='word_1_351' title='bbox 381 2986 407 3027; x_wconf 90' lang='lat' dir='ltr'><strong>et</strong></span> <span class='ocrx_word' id='word_1_352' title='bbox 422 2990 492 3028; x_wconf 82' lang='lat' dir='ltr'><strong>verte</strong></span> <span class='ocrx_word' id='word_1_353' title='bbox 506 2977 671 3028; x_wconf 81' lang='lat' dir='ltr'><strong>humilitatis</strong></span> <span class='ocrx_word' id='word_1_354' title='bbox 692 2979 856 3043; x_wconf 82' lang='lat' dir='ltr'><strong>exemplum,</strong></span> <span class='ocrx_word' id='word_1_355' title='bbox 872 2979 920 3046; x_wconf 85' lang='lat' dir='ltr'><strong>qui</strong></span> <span class='ocrx_word' id='word_1_356' title='bbox 939 2978 1027 3031; x_wconf 85' lang='lat' dir='ltr'><strong>lavisti</strong></span> <span class='ocrx_word' id='word_1_357' title='bbox 1041 2981 1125 3046; x_wconf 87' lang='lat' dir='ltr'><strong>pedes</strong></span> <span class='ocrx_word' id='word_1_358' title='bbox 1147 2980 1261 3047; x_wconf 86' lang='lat' dir='ltr'><strong>discipu·</strong></span> 
     </span>
     <span class='ocr_line' id='line_1_68' title="bbox 134 3048 1261 3126; baseline 0 -24"><span class='ocrx_word' id='word_1_359' title='bbox 134 3053 224 3126; x_wconf 84' lang='lat' dir='ltr'><strong>lorum</strong></span> <span class='ocrx_word' id='word_1_360' title='bbox 238 3058 357 3108; x_wconf 86' lang='lat' dir='ltr'><strong>tuorum,</strong></span> <span class='ocrx_word' id='word_1_361' title='bbox 372 3057 434 3114; x_wconf 90' lang='lat' dir='ltr'><strong>peto</strong></span> <span class='ocrx_word' id='word_1_362' title='bbox 448 3059 474 3100; x_wconf 85' lang='lat' dir='ltr'><strong>et</strong></span> <span class='ocrx_word' id='word_1_363' title='bbox 490 3049 610 3111; x_wconf 90' lang='lat' dir='ltr'><strong>obsecro,</strong></span> <span class='ocrx_word' id='word_1_364' title='bbox 630 3048 756 3111; x_wconf 81' lang='lat' dir='ltr'><strong>Domine,</strong></span> <span class='ocrx_word' id='word_1_365' title='bbox 776 3066 863 3118; x_wconf 84' lang='lat' dir='ltr'><strong>purga</strong></span> <span class='ocrx_word' id='word_1_366' title='bbox 876 3066 952 3103; x_wconf 88' lang='lat' dir='ltr'><strong>meos</strong></span> <span class='ocrx_word' id='word_1_367' title='bbox 967 3052 1086 3112; x_wconf 87' lang='lat' dir='ltr'><strong>affectus,</strong></span> <span class='ocrx_word' id='word_1_368' title='bbox 1101 3063 1135 3103; x_wconf 89' lang='lat' dir='ltr'><strong>ut</strong></span> <span class='ocrx_word' id='word_1_369' title='bbox 1146 3062 1261 3119; x_wconf 87' lang='lat' dir='ltr'><strong>utroque</strong></span> 
     </span>
     <span class='ocr_line' id='line_1_69' title="bbox 138 3120 1261 3190; baseline 0.002 -18"><span class='ocrx_word' id='word_1_370' title='bbox 138 3123 215 3190; x_wconf 88' lang='lat' dir='ltr'><strong>pede,</strong></span> <span class='ocrx_word' id='word_1_371' title='bbox 237 3120 344 3186; x_wconf 82' lang='lat' dir='ltr'><strong>gemina</strong></span> <span class='ocrx_word' id='word_1_372' title='bbox 363 3121 488 3172; x_wconf 86' lang='lat' dir='ltr'><strong>videlicet</strong></span> <span class='ocrx_word' id='word_1_373' title='bbox 502 3123 612 3173; x_wconf 88' lang='lat' dir='ltr'><strong>caritate</strong></span> <span class='ocrx_word' id='word_1_374' title='bbox 634 3133 765 3189; x_wconf 85' lang='lat' dir='ltr'><strong>purgatus</strong></span> <span class='ocrx_word' id='word_1_375' title='bbox 779 3134 805 3174; x_wconf 93' lang='lat' dir='ltr'><strong>et</strong></span> <span class='ocrx_word' id='word_1_376' title='bbox 819 3138 954 3186; x_wconf 87' lang='lat' dir='ltr'><strong>accensus,</strong></span> <span class='ocrx_word' id='word_1_377' title='bbox 969 3126 1002 3175; x_wconf 90' lang='lat' dir='ltr'><strong>ad</strong></span> <span class='ocrx_word' id='word_1_378' title='bbox 1020 3136 1046 3175; x_wconf 86' lang='lat' dir='ltr'><strong>te</strong></span> <span class='ocrx_word' id='word_1_379' title='bbox 1060 3125 1261 3190; x_wconf 85' lang='lat' dir='ltr'><strong>purificatorem</strong></span> 
     </span>
     <span class='ocr_line' id='line_1_70' title="bbox 137 3194 1260 3258; baseline 0.002 -10"><span class='ocrx_word' id='word_1_380' title='bbox 137 3210 229 3248; x_wconf 84' lang='lat' dir='ltr'><strong>meum</strong></span> <span class='ocrx_word' id='word_1_381' title='bbox 244 3195 365 3245; x_wconf 88' lang='lat' dir='ltr'><strong>accedam</strong></span> <span class='ocrx_word' id='word_1_382' title='bbox 380 3209 500 3246; x_wconf 87' lang='lat' dir='ltr'><strong>secums.</strong></span> <span class='ocrx_word' id='word_1_383' title='bbox 518 3196 633 3248; x_wconf 87' lang='lat' dir='ltr'><strong>Purifica</strong></span> <span class='ocrx_word' id='word_1_384' title='bbox 647 3211 693 3247; x_wconf 88' lang='lat' dir='ltr'><strong>me</strong></span> <span class='ocrx_word' id='word_1_385' title='bbox 708 3197 735 3246; x_wconf 91' lang='lat' dir='ltr'><strong>in</strong></span> <span class='ocrx_word' id='word_1_386' title='bbox 750 3194 834 3247; x_wconf 86' lang='lat' dir='ltr'><strong>finem</strong></span> <span class='ocrx_word' id='word_1_387' title='bbox 848 3196 964 3258; x_wconf 86' lang='lat' dir='ltr'><strong>dierum,</strong></span> <span class='ocrx_word' id='word_1_388' title='bbox 980 3207 1006 3248; x_wconf 87' lang='lat' dir='ltr'><strong>et</strong></span> <span class='ocrx_word' id='word_1_389' title='bbox 1020 3199 1139 3248; x_wconf 85' lang='lat' dir='ltr'><strong>emunda</strong></span> <span class='ocrx_word' id='word_1_390' title='bbox 1152 3199 1189 3250; x_wconf 85' lang='lat' dir='ltr'><strong>ab</strong></span> <span class='ocrx_word' id='word_1_391' title='bbox 1203 3214 1260 3249; x_wconf 85' lang='lat' dir='ltr'><strong>om·</strong></span> 
     </span>
     <span class='ocr_line' id='line_1_71' title="bbox 138 3265 1260 3335; baseline 0.001 -16"><span class='ocrx_word' id='word_1_392' title='bbox 138 3268 221 3320; x_wconf 89' lang='lat' dir='ltr'><strong>nibus</strong></span> <span class='ocrx_word' id='word_1_393' title='bbox 237 3265 349 3316; x_wconf 88' lang='lat' dir='ltr'><strong>maculis</strong></span> <span class='ocrx_word' id='word_1_394' title='bbox 367 3275 548 3331; x_wconf 86' lang='lat' dir='ltr'><strong>peccatorum,</strong></span> <span class='ocrx_word' id='word_1_395' title='bbox 562 3277 602 3331; x_wconf 89' lang='lat' dir='ltr'><strong>ut,</strong></span> <span class='ocrx_word' id='word_1_396' title='bbox 621 3267 742 3318; x_wconf 87' lang='lat' dir='ltr'><strong>dimissis</strong></span> <span class='ocrx_word' id='word_1_397' title='bbox 754 3267 930 3335; x_wconf 83' lang='lat' dir='ltr'><strong>negligentiis</strong></span> <span class='ocrx_word' id='word_1_398' title='bbox 945 3278 970 3319; x_wconf 91' lang='lat' dir='ltr'><strong>et</strong></span> <span class='ocrx_word' id='word_1_399' title='bbox 985 3269 1098 3335; x_wconf 88' lang='lat' dir='ltr'><strong>peccatis</strong></span> <span class='ocrx_word' id='word_1_400' title='bbox 1114 3270 1194 3330; x_wconf 88' lang='lat' dir='ltr'><strong>meis,</strong></span> <span class='ocrx_word' id='word_1_401' title='bbox 1210 3266 1260 3320; x_wconf 89' lang='lat' dir='ltr'><strong>ini·</strong></span> 
     </span>
     <span class='ocr_line' id='line_1_72' title="bbox 140 3335 1253 3405; baseline -0.002 -15"><span class='ocrx_word' id='word_1_402' title='bbox 140 3338 204 3392; x_wconf 87' lang='lat' dir='ltr'><strong>mici</strong></span> <span class='ocrx_word' id='word_1_403' title='bbox 227 3339 271 3388; x_wconf 90' lang='lat' dir='ltr'><strong>die</strong></span> <span class='ocrx_word' id='word_1_404' title='bbox 289 3335 387 3387; x_wconf 88' lang='lat' dir='ltr'><strong>mortis</strong></span> <span class='ocrx_word' id='word_1_405' title='bbox 408 3336 514 3386; x_wconf 84' lang='lat' dir='ltr'><strong>confusi</strong></span> <span class='ocrx_word' id='word_1_406' title='bbox 539 3337 690 3403; x_wconf 83' lang='lat' dir='ltr'><strong>abscedant,</strong></span> <span class='ocrx_word' id='word_1_407' title='bbox 715 3337 763 3405; x_wconf 90' lang='lat' dir='ltr'><strong>qui</strong></span> <span class='ocrx_word' id='word_1_408' title='bbox 788 3352 882 3390; x_wconf 86' lang='lat' dir='ltr'><strong>meum</strong></span> <span class='ocrx_word' id='word_1_409' title='bbox 903 3341 1057 3391; x_wconf 84' lang='lat' dir='ltr'><strong>calcaneum</strong></span> <span class='ocrx_word' id='word_1_410' title='bbox 1072 3340 1253 3392; x_wconf 87' lang='lat' dir='ltr'><strong>observabunt</strong></span> 
     </span>
     <span class='ocr_line' id='line_1_73' title="bbox 141 3406 1258 3476; baseline 0.002 -16"><span class='ocrx_word' id='word_1_411' title='bbox 141 3409 243 3476; x_wconf 85' lang='lat' dir='ltr'><strong>Dirige,</strong></span> <span class='ocrx_word' id='word_1_412' title='bbox 261 3408 388 3468; x_wconf 86' lang='lat' dir='ltr'><strong>Domine,</strong></span> <span class='ocrx_word' id='word_1_413' title='bbox 404 3408 484 3474; x_wconf 87' lang='lat' dir='ltr'><strong>pedes</strong></span> <span class='ocrx_word' id='word_1_414' title='bbox 497 3422 573 3458; x_wconf 86' lang='lat' dir='ltr'><strong>meos</strong></span> <span class='ocrx_word' id='word_1_415' title='bbox 587 3409 615 3457; x_wconf 90' lang='lat' dir='ltr'><strong>in</strong></span> <span class='ocrx_word' id='word_1_416' title='bbox 627 3408 703 3460; x_wconf 79' lang='lat' dir='ltr'><strong>viam</strong></span> <span class='ocrx_word' id='word_1_417' title='bbox 716 3409 798 3476; x_wconf 87' lang='lat' dir='ltr'><strong>pacis,</strong></span> <span class='ocrx_word' id='word_1_418' title='bbox 816 3420 846 3462; x_wconf 93' lang='lat' dir='ltr'><strong>ut</strong></span> <span class='ocrx_word' id='word_1_419' title='bbox 866 3411 900 3461; x_wconf 91' lang='lat' dir='ltr'><strong>de</strong></span> <span class='ocrx_word' id='word_1_420' title='bbox 924 3411 1051 3462; x_wconf 88' lang='lat' dir='ltr'><strong>manibus</strong></span> <span class='ocrx_word' id='word_1_421' title='bbox 1065 3412 1196 3462; x_wconf 89' lang='lat' dir='ltr'><strong>omnium</strong></span> <span class='ocrx_word' id='word_1_422' title='bbox 1210 3406 1258 3462; x_wconf 85' lang='lat' dir='ltr'><strong>ini-</strong></span> 
     </span>
     <span class='ocr_line' id='line_1_74' title="bbox 140 3478 1258 3546; baseline 0.002 -15"><span class='ocrx_word' id='word_1_423' title='bbox 140 3480 273 3531; x_wconf 88' lang='lat' dir='ltr'><strong>micorum</strong></span> <span class='ocrx_word' id='word_1_424' title='bbox 292 3480 429 3541; x_wconf 87' lang='lat' dir='ltr'><strong>liberatus,</strong></span> <span class='ocrx_word' id='word_1_425' title='bbox 452 3478 609 3531; x_wconf 85' lang='lat' dir='ltr'><strong>benedicam</strong></span> <span class='ocrx_word' id='word_1_426' title='bbox 621 3489 649 3531; x_wconf 81' lang='lat' dir='ltr'><strong>te</strong></span> <span class='ocrx_word' id='word_1_427' title='bbox 663 3494 725 3532; x_wconf 86' lang='lat' dir='ltr'><strong>cum</strong></span> <span class='ocrx_word' id='word_1_428' title='bbox 739 3480 832 3534; x_wconf 87' lang='lat' dir='ltr'><strong>electis</strong></span> <span class='ocrx_word' id='word_1_429' title='bbox 845 3481 900 3535; x_wconf 89' lang='lat' dir='ltr'><strong>tuis</strong></span> <span class='ocrx_word' id='word_1_430' title='bbox 918 3482 1057 3546; x_wconf 87' lang='lat' dir='ltr'><strong>omnibus,</strong></span> <span class='ocrx_word' id='word_1_431' title='bbox 1072 3482 1101 3533; x_wconf 88' lang='lat' dir='ltr'><strong>in</strong></span> <span class='ocrx_word' id='word_1_432' title='bbox 1116 3482 1209 3535; x_wconf 87' lang='lat' dir='ltr'><strong>secula</strong></span> <span class='ocrx_word' id='word_1_433' title='bbox 1219 3494 1258 3533; x_wconf 86' lang='lat' dir='ltr'><strong>se·</strong></span> 
     </span>
    </p>
   </div>
   <div class='ocr_carea' id='block_1_13' title="bbox 138 3552 389 3603">
    <p class='ocr_par' dir='ltr' id='par_1_14' title="bbox 138 3552 389 3603">
     <span class='ocr_line' id='line_1_75' title="bbox 138 3552 389 3603; baseline -0.004 -1"><span class='ocrx_word' id='word_1_434' title='bbox 138 3552 272 3603; x_wconf 84' lang='lat' dir='ltr'><strong>culorum.</strong></span> <span class='ocrx_word' id='word_1_435' title='bbox 289 3552 389 3603; x_wconf 77' lang='lat' dir='ltr'><strong>Amen.</strong></span> 
     </span>
    </p>
   </div>
   <div class='ocr_carea' id='block_1_14' title="bbox 0 0 1353 4320">
    <p class='ocr_par' dir='ltr' id='par_1_15' title="bbox 0 0 1353 4320">
     <span class='ocr_line' id='line_1_76' title="bbox 0 0 1353 4320; baseline 0 0"><span class='ocrx_word' id='word_1_436' title='bbox 0 0 1353 4320; x_wconf 95' lang='lat' dir='ltr'><strong> </strong></span> 
     </span>
    </p>
   </div>
  </div>
 </body>
</html>
