2632 4320
149 312 198 348 122

145 415 203 465 haec
250 413 305 464 Cir
328 416 468 464 eunomus.
503 414 624 463 Attende
656 421 683 462 et

144 485 219 537 aliud
233 502 270 552 qu
323 485 373 535 tibi
392 485 590 535 diceturziam
612 485 681 535 enim

146 574 197 610 non
211 559 313 625 poteris
326 556 448 608 villicare
457 566 482 606 et
496 555 609 622 operari.
625 556 682 605 Un-

145 630 179 680 de
193 630 265 679 idem
277 629 488 694 chrysostomus
500 643 510 676 ,·
525 644 538 673 n
553 626 681 686 Quotidie

145 701 208 751 talia
232 715 279 766 per
311 699 419 750 effectus
442 698 520 749 nobis
550 700 680 748 exclamat

145 772 227 831 Deus,
241 771 384 821 ostendens
398 770 478 820 nobis
492 768 639 820 ferventem
651 769 677 818 in

145 842 258 891 meridie
272 842 436 908 sospitatem,
452 842 610 908 priusquam
628 841 678 889 ad·

144 924 309 978 susperascat
323 915 484 973 exanimem,
500 924 526 964 et
540 913 624 964 alium
636 912 677 961 in·

145 992 185 1032 ter
199 985 311 1048 prandia
327 985 511 1050 expirantem
528 994 555 1035 et
569 982 679 1034 diversi·

145 1055 225 1104 mode
235 1056 269 1104 ab
278 1056 327 1106 hac
336 1055 677 1106 villicationediscedimus.

145 1128 196 1176 Sed
212 1127 299 1179 fidelis
314 1129 493 1195 dispensator,
508 1129 555 1195 qui
570 1130 603 1180 de
618 1144 678 1194 pro

145 1198 203 1262 pria
217 1200 418 1265 dispensatione
439 1200 558 1262 confidit,
576 1201 677 1250 deside·

145 1283 188 1322 rat
199 1289 261 1323 cum
279 1276 361 1325 Paulo
371 1275 494 1339 dissolvi,
510 1280 537 1326 ei
547 1289 606 1326 esse
619 1290 676 1326 cum

146 1341 255 1396 Christo
262 1362 273 1409 ,·
286 1346 309 1395 is
330 1355 418 1397 autem
443 1347 519 1413 cujus
532 1356 595 1396 sunt
616 1357 678 1396 vota

144 1423 257 1474 terrena,
284 1417 409 1468 anxiatur
430 1418 458 1468 in
488 1418 561 1468 exitu
577 1435 610 1468 :n
623 1418 680 1467 haec

146 1484 367 1549 chrysostomus.
391 1489 486 1554 Cogita
505 1489 587 1539 etiam
606 1490 679 1556 quod

145 1564 208 1604 tunc
223 1556 312 1609 fodere
327 1576 380 1610 non
393 1561 503 1620 valebis,
526 1568 554 1611 et
572 1561 678 1611 mendi-

145 1639 203 1675 care
216 1627 268 1678 erit
283 1629 461 1681 confusionis.
477 1631 554 1682 Unde
576 1632 653 1681 Beda
669 1649 677 1680 .·

145 1714 159 1741 «
176 1698 271 1749 Ablata
287 1701 389 1768 quippe
402 1702 565 1753 villicatione
589 1701 680 1752 fodere

144 1782 199 1816 non
212 1771 342 1835 valemus,
355 1773 419 1839 quia
429 1772 505 1824 finita
519 1773 569 1824 hac
581 1773 635 1824 vita
649 1774 677 1823 in

145 1853 199 1904 qua
226 1853 330 1894 tantum
356 1846 418 1896 licet
441 1847 555 1912 operari,
577 1861 680 1912 nequa·

145 1924 229 1976 quarn
256 1915 326 1965 ultra
351 1916 429 1966 bonse
461 1917 676 1967 conversationis

143 1980 263 2034 fructum
277 1985 366 2051 ligone
380 1988 481 2038 devotae
491 1988 677 2054 compunctio

145 2052 190 2102 nis
210 2055 272 2106 licet
286 2057 431 2123 inquirere.
452 2059 604 2109 Mendicare
617 2075 679 2109 con·

143 2123 261 2177 fusionis
281 2139 329 2189 est,
353 2129 399 2179 illo
423 2130 526 2180 scilicet
558 2130 678 2195 pessimo

144 2210 241 2260 genere
270 2201 453 2261 mendicandi,
476 2217 532 2267 quo
557 2202 678 2268 virgines

143 2265 197 2315 illae
220 2266 298 2318 fatuae
313 2271 478 2321 mendicasse
494 2271 626 2336 feruntur,
653 2281 678 2322 et

145 2337 179 2386 de
193 2354 249 2405 quo
261 2342 388 2392 Salomon
405 2343 462 2394 ait:
479 2345 598 2409 Propter
616 2344 678 2410 sri-

143 2422 199 2473 gus
209 2411 293 2477 piger
304 2428 387 2465 arare
399 2415 503 2479 notatu
516 2415 680 2466 mendicabit

144 2493 214 2547 ergo
237 2491 344 2551 testata
364 2493 390 2538 et
409 2503 460 2539 nun
483 2488 592 2540 dabitur
606 2489 633 2539 ei
643 2506 653 2538 .·
664 2508 678 2535 s

145 2554 203 2605 huc
226 2557 312 2609 Beda.
342 2558 378 2610 Ut
403 2569 493 2610 autem
515 2559 587 2609 idem
613 2559 679 2609 dicit

146 2627 222 2678 Beda
236 2648 246 2680 .·
264 2648 277 2676 α
292 2631 319 2681 Si
331 2631 361 2680 hi
371 2632 418 2698 qui
434 2634 553 2697 praebent
567 2633 679 2683 eleemo-

144 2714 240 2763 synam
263 2701 296 2750 de
320 2702 416 2767 iniquo
443 2718 606 2763 mammona,
633 2703 676 2753 fa-

143 2768 220 2820 ciunt
232 2771 284 2821 sibi
297 2773 407 2833 amicos,
422 2789 437 2824 a
451 2775 552 2840 quibus
563 2774 591 2824 in
604 2785 678 2825 aeter·

144 2856 179 2891 na
190 2842 361 2894 tabernacula
371 2844 551 2910 recipiantur;
574 2857 677 2911 quanto

144 2913 231 2978 magis
246 2914 274 2963 hi
293 2915 341 2981 qui
360 2915 513 2982 spirituales
525 2917 677 2983 largiuntur

144 2985 247 3048 epulas,
266 2985 313 3051 qui
337 2987 402 3038 dant
421 2989 557 3039 conservis
576 2988 676 3039 cibaria

144 3055 311 3121 intempore
331 3073 390 3121 suo,
413 3060 562 3111 certissime
579 3061 676 3110 debent

143 3143 191 3194 spe
206 3145 321 3181 summae
335 3131 522 3184 retributionis
534 3134 600 3200 erigi
612 3134 619 3185 l
635 3153 649 3181 n

178 3212 210 3250 ιο
227 3200 280 3260 Qut
294 3217 322 3250 nt
331 3217 428 3252 uoutco
438 3219 491 3253 sou
504 3220 553 3254 ssr
564 3221 675 3266 sturnis,
691 3253 694 3258 .

143 3286 197 3322 uon
224 3289 308 3323 osser
330 3288 358 3323 ru
386 3288 569 3327 ramirum
593 3293 674 3328 suini.

143 3346 340 3412 -Postquam
361 3362 424 3414 ergo
449 3348 583 3399 Dominus
602 3364 675 3416 prae-

141 3416 218 3477 misit
228 3418 261 3467 de
270 3419 468 3484 dispensatione
485 3419 607 3485 pecuniae
616 3435 670 3469 cor·

142 3489 253 3550 poralis,
265 3489 358 3539 subdit
371 3489 405 3539 de
419 3489 621 3555 dispensatione
632 3505 675 3554 pe-

143 3559 230 3609 cuniae
241 3560 398 3626 spiritualis,
407 3560 513 3611 dicens:
523 3559 577 3621 Qui
581 3559 677 3625 fidelis

142 3633 185 3677 est
204 3629 232 3680 iu
253 3631 369 3692 minimo,
384 3641 411 3682 et
429 3630 457 3680 in
473 3631 674 3696 dispensatione

142 3697 291 3765 minomm,
327 3701 432 3752 scilicet
467 3701 672 3767 temporalium3

139 3774 168 3818 et
181 3770 209 3819 iu
225 3773 334 3839 majori,
349 3773 376 3823 id
391 3782 430 3824 est
443 3774 471 3824 in
484 3773 673 3840 dispensatio-

141 3855 176 3891 ne
198 3844 340 3909 majorum,
355 3846 456 3896 scilicet
476 3846 669 3913 spiritualium,

132 3913 229 3981 fidelis
242 3923 290 3968 est.
306 3918 348 3968 Et
365 3919 411 3985 qui
424 3920 452 3972 in
465 3921 578 3985 modico,
594 3919 669 3971 scili·

447 294 622 346 SECUNDAE
640 293 767 345 PARTIS
783 292 900 346 CAPUT
919 296 977 347 XV.

735 421 775 463 cet
807 413 835 463 in
855 412 1015 472 carnalibus,
1041 410 1147 476 iiiiqutu
1168 412 1219 472 est,
1239 416 1269 457 ut

735 500 790 534 non
805 485 874 537 bene
887 501 936 551 pro
950 483 1106 535 necessitate
1125 478 1266 547 proximo-

733 571 793 607 rum
804 558 949 624 expendat;
964 557 1028 605 etin
1042 553 1149 620 majori,
1165 549 1267 601 scilicet

733 627 761 678 in
774 628 969 694 spiritualibus,
981 626 1087 691 iniquus
1096 630 1146 683 est,
1161 632 1192 672 ut
1207 635 1262 671 non

733 715 781 764 pro
791 699 906 749 utilitate
915 695 1054 748 communi
1066 693 1179 744 dividat.
1195 691 1265 751 Qua·

732 775 754 823 si
779 773 877 823 diceret
900 788 907 822 :
930 771 984 830 Qui
1009 770 1080 819 bona
1103 762 1263 830 temporalia

731 859 792 909 quae
804 853 869 893 sunt
884 841 999 891 minima
1012 840 1080 889 bene
1098 834 1266 901 dispensavit

732 914 759 963 in
777 913 957 980 eleemosynis
975 921 1002 960 et
1017 911 1046 960 in
1062 909 1122 958 aliis
1135 906 1189 972 piis
1202 904 1263 955 usi·

732 986 791 1047 bus,
806 986 906 1051 dignus
919 993 998 1035 estut
1008 981 1061 1032 sibi
1075 977 1262 1030 committatur

730 1056 894 1121 dispensatio
912 1053 1104 1120 spiritualium,
1122 1062 1185 1114 quae
1199 1055 1264 1097 sunt

731 1128 839 1193 maiora,
860 1126 926 1192 quia
945 1124 1060 1175 fidelitas
1078 1116 1264 1185 dispensatio-

732 1200 776 1250 nis
794 1199 890 1266 primae
905 1208 946 1249 est
964 1205 1154 1263 argumentum
1172 1189 1262 1241 fideli·

731 1270 794 1322 tatis
808 1270 931 1322 secundae
939 1287 948 1335 ;
961 1268 1046 1334 etqui
1062 1264 1177 1324 modica,
1190 1260 1266 1313 scili-

732 1352 773 1393 cet
802 1343 872 1393 bona
900 1339 1059 1406 temporalia
1101 1351 1157 1385 non
1195 1332 1264 1382 bene

731 1412 904 1479 dispensarit,
917 1412 964 1462 sed
978 1412 1007 1461 in
1021 1406 1123 1459 illicitis
1134 1417 1263 1455 consum·

733 1484 795 1549 psit,
810 1484 851 1534 vel
863 1484 933 1533 male
948 1481 1068 1541 retinuit,
1080 1477 1212 1542 indignus
1224 1479 1264 1523 est

733 1565 762 1607 ut
774 1557 826 1606 sibi
839 1556 1024 1607 committatur
1035 1548 1204 1618 dispensatio
1214 1560 1268 1597 ma·

732 1629 830 1693 iorum,
855 1629 958 1679 scilicet
979 1622 1176 1693 spiritualium,
1198 1617 1265 1686 quia

733 1699 875 1750 infidelitas
902 1698 989 1764 prima
1010 1705 1052 1746 est
1074 1699 1267 1759 argumentum

731 1773 863 1823 secunde.
887 1771 938 1821 Hic
960 1769 1044 1819 habes
1063 1771 1265 1832 argumentum,

731 1844 804 1908 quod
818 1857 914 1893 avarus
925 1856 981 1890 non
995 1848 1036 1889 est
1055 1838 1145 1886 bonus
1160 1830 1264 1899 predi-

731 1924 812 1975 cator,
829 1915 871 1965 rel
895 1914 1031 1978 prelatus,
1056 1907 1134 1958 Unde
1147 1903 1264 1956 subdit:

732 1987 765 2037 Si
773 2000 840 2052 ergo
852 1987 878 2036 in
889 1985 979 2051 iniquo
990 1992 1148 2039 mammona,
1160 1974 1264 2026 scilicet

732 2060 760 2110 in
784 2059 865 2108 bonis
883 2055 1078 2122 temporalibus
1096 2060 1123 2101 et
1146 2046 1262 2105 divitiis,

725 2130 824 2194 fideles
833 2144 884 2181 nort
891 2127 991 2193 fuistis
1001 2123 1194 2190 dispensando,
1205 2130 1266 2184 quae

732 2211 796 2251 sunt
809 2200 896 2266 magis
916 2200 987 2249 bona
1008 2195 1157 2247 seeundum
1178 2203 1266 2256 appa·

731 2272 855 2331 rentiam,
881 2286 965 2338 quam
995 2265 1145 2318 secundum
1163 2259 1266 2311 verita·

732 2354 804 2405 tem3
819 2342 892 2407 quod
905 2354 994 2391 verum
1008 2343 1058 2400 est,
1074 2334 1177 2385 scilicet
1194 2331 1266 2381 bona

732 2413 890 2480 spiritualia,
913 2426 976 2478 quae
1010 2418 1077 2460 sunt
1097 2420 1157 2457 vera
1181 2403 1264 2459 bona,

731 2488 792 2552 quis
805 2486 895 2537 credet
907 2485 993 2546 vobis,
1009 2481 1035 2531 id
1055 2488 1096 2529 est
1112 2476 1200 2528 tradet
1215 2489 1266 2524 vo·

733 2558 775 2609 bis
783 2560 816 2609 ad
828 2553 1059 2624 dispensandumi
1074 2549 1159 2612 Quasi
1172 2548 1264 2599 diost:

731 2633 828 2683 Nullus
839 2631 955 2697 sapiens.
973 2627 1053 2679 Unde
1072 2625 1156 2675 habes
1170 2636 1265 2673 exem-

731 2703 806 2769 plum
840 2705 874 2753 de
898 2702 1016 2768 quodam
1044 2697 1188 2763 Episcopo,
1216 2691 1265 2759 qui

730 2785 846 2839 quatuor
867 2789 958 2824 caseos
980 2769 1090 2821 tradidit
1114 2766 1147 2816 ad
1169 2773 1266 2815 custo-

729 2847 859 2896 diendum
881 2844 973 2912 nepoti
987 2859 1045 2902 suo,
1065 2838 1180 2909 etquis
1193 2836 1263 2887 male

730 2919 883 2982 custodivit,
905 2919 967 2968 ideo
990 2930 1081 2967 curam
1107 2912 1263 2962 animarum

729 2990 832 3040 tradere
846 2990 899 3040 sibi
915 2988 1011 3040 noluit.
1027 2985 1108 3038 Etsi
1131 2984 1158 3034 in
1173 2982 1263 3033 alieno

723 3061 823 3128 fideles
837 3075 888 3112 nort
898 3061 1007 3127 ficietis,
1022 3058 1092 3109 sicut
1109 3056 1138 3105 in
1152 3065 1265 3119 tempo-

730 3133 840 3193 ralibus,
864 3146 925 3199 quae
948 3141 1013 3182 sunt
1038 3128 1126 3179 aliena
1143 3142 1160 3176 a
1174 3122 1264 3181 nobis,

730 3204 796 3270 quia
810 3214 873 3255 sunt
890 3213 964 3254 extra
977 3217 1044 3264 nos;
1060 3200 1131 3267 quod
1144 3204 1264 3249 vestrum

730 3282 780 3338 est,
801 3275 902 3327 scilicet
920 3276 992 3325 bona
1011 3270 1173 3339 spiritualia,
1186 3280 1269 3341 uque·

730 3360 794 3400 sunt
820 3347 984 3399 habentibus
1014 3344 1170 3402 intrinseca,
1199 3338 1264 3414 qut}⁸

730 3422 805 3473 dabit
817 3422 892 3472 vobis
901 3422 934 3471 ad
950 3418 1165 3486 dispensandum
1178 3415 1267 3474 tQua·

729 3493 752 3542 si
769 3493 857 3543 dicat:
873 3492 971 3542 Nullus
990 3490 1100 3555 sapiens
1116 3488 1176 3537 boc
1190 3485 1264 3536 faue-

731 3573 778 3613 ret.
794 3563 848 3622 Qui
863 3563 936 3613 enim
949 3562 1035 3612 fidelis
1048 3575 1102 3609 non
1112 3568 1153 3608 est
1163 3557 1192 3607 in
1206 3556 1266 3607 dis-

731 3633 885 3700 pensatione
910 3634 1044 3683 bonorum
1082 3629 1210 3688 fortunte,
1238 3634 1264 3677 et

730 3704 884 3755 divitiarum
897 3704 1087 3770 corporalium,
1099 3715 1161 3766 quae
1173 3714 1266 3764 respe-

731 3787 775 3828 ctu
788 3777 970 3843 spiritualium
985 3776 1058 3826 falsae
1069 3772 1173 3824 divitiae
1189 3781 1263 3829 sunt,

731 3859 758 3899 et
775 3848 884 3900 anobis
897 3848 1000 3907 alienae,
1014 3848 1078 3913 quia
1092 3855 1168 3895 extra
1184 3853 1264 3894 natu·

732 3936 789 3972 ram
803 3929 922 3971 nostram
935 3918 1003 3981 sitae,
1021 3916 1089 3968 nitu
1102 3916 1172 3968 enim
1190 3915 1263 3967 initt-
