2632 4320
187 315 234 365 DE
248 315 502 366 lNSTlTUTlONE
520 313 750 366 SACRAMENTI
768 311 1028 365 EUCHARlSTIAE.

56 427 236 494 simpliciter,
265 446 312 481 nec
346 433 450 497 Corpus
483 429 586 482 Christi

56 500 226 566 simpliciter,
237 503 283 552 sed
299 503 403 569 Corpus
415 501 518 553 Christi
537 502 589 554 sub

55 572 146 638 specie
165 573 240 639 panis
256 590 395 640 apparens.
414 575 492 626 Unde
507 575 587 625 etiam

56 642 163 692 videtur
176 644 249 709 quod
271 645 342 695 nulla
356 644 408 695 alia
428 645 589 711 intelligitur

56 712 226 773 benedictio,
240 731 323 781 quam
338 731 475 766 sacrorum
488 716 587 767 verbo-

55 800 119 834 rum
136 786 259 850 prolatio.
275 787 475 838 Transmutatio
497 797 588 838 autem

55 856 88 907 fit
101 857 130 906 in
145 859 243 908 ultimo
264 859 374 911 instanti
395 862 504 927 prolatae
527 875 589 911 ora-

54 927 148 979 tionis.
174 929 250 980 Unde
266 931 315 981 hoc
334 932 503 982 demonstrat
521 932 589 982 Cor-

55 1012 108 1064 pus
122 998 233 1060 Christi,
256 1016 309 1050 non
332 1017 381 1067 pro
402 1012 521 1068 tempore
541 1016 589 1067 pro

54 1085 110 1136 quo
134 1070 276 1136 profertur,
300 1074 346 1122 sed
370 1074 502 1139 completa
528 1087 589 1124 ora·

54 1141 129 1192 tione
158 1181 165 1203 ,
198 1152 230 1193 ut
269 1160 330 1194 cum
370 1146 467 1196 dicitur
496 1162 503 1195 :
538 1145 590 1194 hoc

54 1221 96 1263 est
122 1213 226 1263 bonum
248 1217 378 1279 verbum,
403 1216 490 1266 Deum
514 1215 589 1265 time.

54 1283 95 1335 Et
109 1292 174 1333 tunc
186 1285 288 1350 fregit,
304 1295 341 1344 ut,
360 1287 510 1336 secundum
533 1286 589 1336 Be-

55 1355 141 1417 dam,
157 1357 308 1407 ostenderet
328 1356 456 1423 Corporis
477 1355 546 1407 suis
575 1384 590 1393 -

55 1427 182 1490 ctionem,
199 1430 225 1478 id
240 1440 280 1480 est
296 1430 462 1490 Passionem,
477 1446 533 1481 non
545 1429 587 1478 si-

56 1513 91 1551 ne
119 1515 168 1550 sua
191 1510 286 1566 sponte
308 1511 334 1550 et
361 1517 441 1567 opere
462 1500 589 1551 futuram.

56 1571 219 1637 Frangimus
249 1584 274 1624 et
300 1590 376 1634 nos,
409 1574 438 1623 in
479 1573 588 1638 signum

55 1642 120 1708 quia
140 1643 256 1709 fregerit,
273 1647 319 1696 sed
344 1644 522 1695 nihilominus
545 1642 590 1693 in-

55 1723 128 1781 teger
151 1726 213 1781 post
236 1728 335 1768 manet.
365 1718 436 1767 Pane
462 1716 535 1766 enim
560 1715 588 1764 in

54 1789 161 1856 Corpus
186 1792 288 1842 Christi
316 1792 587 1850 transsubstantiato,

54 1858 141 1925 frangi
161 1861 261 1910 dicitur
285 1878 292 1911 :
317 1878 370 1912 non
390 1862 464 1928 quod
484 1862 589 1926 Corpus

54 1931 168 1992 Christi,
183 1934 256 1998 quod
271 1933 407 2001 integrum
427 1934 478 1985 sub
497 1932 589 2000 quali-

56 2002 101 2053 bet
114 2012 189 2068 parte
204 2013 303 2067 manet,
320 2004 468 2071 frangatur3
484 2005 531 2055 sed
550 2019 589 2054 ac-

54 2073 180 2135 cidentia,
200 2077 251 2126 sub
275 2077 376 2142 quibus
400 2078 506 2143 Corpus
527 2092 588 2127 ma-

55 2154 111 2205 net,
120 2144 291 2211 franguntur.
302 2148 386 2198 Debet
395 2159 484 2198 autem
495 2147 588 2198 fractio

55 2216 112 2268 fieri
129 2217 158 2267 in
173 2227 227 2269 tres
238 2229 335 2284 partes,
348 2220 376 2269 in
390 2220 499 2286 signum
514 2219 589 2286 quod

56 2288 155 2340 fractus
170 2300 210 2340 est
226 2290 369 2356 tripliciter
385 2291 519 2354 Christus,
534 2291 589 2341 sci-

55 2362 137 2413 licet:
153 2362 266 2429 flagellis
279 2374 340 2413 ante
359 2364 525 2424 Passionem,
541 2365 590 2414 cla-

54 2437 97 2488 ris
121 2437 150 2487 in
170 2437 305 2498 Passione,
326 2439 416 2487 lancea
438 2448 499 2503 post
523 2438 589 2489 Pas-

55 2506 175 2570 sionem;
198 2508 273 2567 item,
294 2518 401 2573 propter
422 2516 476 2558 tres
501 2518 590 2573 partes

55 2578 183 2629 Ecclesiae
205 2594 213 2626 :
233 2594 298 2628 narn
322 2577 409 2645 prima
432 2594 493 2643 pars
514 2589 590 2632 notat

54 2647 166 2699 Sanctos
186 2647 215 2707 in
236 2649 324 2713 coelis;
340 2649 465 2709 secunda,
480 2651 590 2700 salvan-

54 2717 114 2779 dos,
128 2718 177 2784 qui
194 2720 301 2769 suntin
316 2719 416 2785 poenis3
435 2720 513 2770 tertia
530 2721 588 2771 tin-

53 2798 114 2850 cta,
142 2789 218 2840 vivos
240 2794 310 2856 quos
338 2791 425 2840 adhuc
450 2791 508 2841 haec
535 2792 589 2843 vita

54 2868 189 2911 sustentat
219 2860 246 2910 in
274 2861 361 2912 terris.
388 2861 492 2913 Deinde
515 2863 589 2915 dedit

54 2929 197 2996 discipulis
218 2932 284 2993 suis,
305 2932 338 2981 ad
360 2947 450 2991 usum,
464 2942 495 2983 ut
513 2933 546 2984 ad
561 2949 589 2984 se

53 3000 158 3066 species
180 3002 257 3067 panis
273 3013 467 3061 converterent,
487 3011 513 3053 et
535 3004 588 3070 ipsi

55 3072 84 3122 in
103 3072 246 3123 Christum
267 3083 493 3124 converterentur.
512 3075 602 3127 Unde·

55 3132 255 3208 Augustinus:
277 3162 291 3190 u
308 3143 416 3193 Dictum
433 3154 474 3194 est
494 3160 510 3196 a
530 3145 588 3196 Do-

56 3214 155 3265 mino:
170 3216 225 3266 Nec
247 3225 277 3267 tu
300 3232 343 3267 me
366 3217 484 3268 mutabis
504 3218 533 3268 in
553 3227 588 3278 te,

56 3286 128 3339 sicut
140 3286 234 3338 cibum
248 3289 336 3341 carnis
350 3298 412 3351 tuae,
427 3289 474 3340 sed
489 3300 519 3340 tu
531 3306 588 3341 mu·

56 3357 157 3409 taberis
178 3359 205 3408 in
228 3375 280 3411 me.
297 3379 311 3408 n
325 3361 364 3411 Et
381 3361 422 3411 ait
440 3379 449 3411 .·
469 3361 591 3428 Accipite

55 3434 83 3480 et
107 3431 251 3495 comedite,
273 3430 320 3481 ubi
343 3440 486 3498 utramque
509 3433 590 3497 hujus

54 3501 217 3552 sacramenti
233 3503 323 3553 innuit
337 3504 541 3563 comestionem,
552 3518 591 3554 sa·

55 3575 246 3624 eramentalem
272 3573 387 3634 scilicet,
410 3582 436 3624 et
459 3573 591 3640 spiritua-

55 3645 121 3707 lem,
136 3654 168 3696 ut
183 3645 314 3712 accipiant
327 3655 417 3696 mente
432 3655 457 3695 et
469 3661 590 3712 corpore,

57 3717 241 3768 etcomedant
256 3716 309 3767 fide
328 3727 355 3768 et
370 3733 425 3777 ore,
441 3733 470 3768 ac
484 3726 592 3784 gustent

57 3797 86 3839 et
96 3787 208 3839 rideant
220 3788 372 3848 devotione,
387 3789 511 3854 quoniam
525 3802 592 3839 sua-

58 3859 103 3911 uis
122 3867 165 3911 est
184 3861 327 3924 Dominus,
345 3870 385 3911 est
402 3861 475 3911 enim
492 3876 593 3912 manna

59 3929 89 3981 in
105 3945 200 3996 sapore
217 3931 320 3983 habens
333 3946 409 3983 omne
421 3931 594 3983 delectamen-

1120 325 1174 377 409

642 437 704 492 tum,
719 435 746 479 et
763 430 850 481 omnis
866 427 975 493 saporis
994 424 1153 476 suavitatem
1162 441 1173 486 ,-

641 517 671 552 ac
692 501 745 552 sibi
771 500 946 566 incorporent
966 495 1171 563 recogitatione,

641 584 777 627 servantes
791 575 818 625 in
835 575 915 625 corde
926 572 1044 638 pretium
1066 570 1172 620 redem-

642 647 742 713 ptionis
760 660 825 696 suae.
841 645 901 695 Non
922 652 963 694 est
982 657 1045 708 ergo
1069 639 1107 692 sic
1125 639 1172 689 in-

641 719 824 786 telligendum,
848 717 921 783 quod
941 715 1017 781 prius
1040 714 1173 779 frangeret

641 804 667 845 et
691 795 764 844 daret
786 790 936 857 discipulis,
959 804 990 840 ac
1014 797 1106 855 postea
1128 785 1173 837 di-

641 874 713 916 ceret
726 864 807 914 verba
822 859 1041 920 consecrationis,
1054 859 1100 910 sed
1115 872 1175 907 ma-

641 936 684 1003 gis
697 952 712 987 e
725 950 864 995 converso,
878 933 943 1000 quia
959 931 1087 982 Christus
1100 927 1175 979 dedit

642 1008 747 1073 Corpus
762 1022 842 1058 suum
857 1011 1038 1055 consecratum
1052 1001 1174 1066 Aposto-

642 1077 686 1141 lis,
700 1086 727 1127 et
741 1077 801 1127 ideo
815 1076 889 1142 prius
902 1074 971 1124 dixit
982 1072 1063 1123 verba
1074 1085 1172 1121 conse-

642 1151 778 1202 crationis.
795 1152 844 1201 Per
857 1150 957 1207 lesum,
972 1145 1018 1214 qui
1034 1145 1110 1195 salus
1129 1143 1173 1193 in-

643 1231 810 1288 terpretatur,
827 1222 916 1271 bonus
931 1218 1057 1269 Praelatus
1071 1214 1174 1266 Christi

642 1293 768 1353 vicarius,
789 1293 867 1343 etde
886 1306 934 1342 sua
947 1288 1174 1352 subditorumque

643 1366 728 1416 salute
755 1364 905 1427 sollicitus,
929 1360 1096 1426 intelligitur.
1124 1356 1175 1408 Hic

643 1437 853 1503 accipitpanem,
865 1451 926 1501 cum
935 1433 1077 1499 diligenter
1086 1427 1175 1479 studet

642 1523 744 1559 sacram
758 1507 935 1571 Scripturam;
950 1503 1061 1570 gratias
1073 1499 1134 1566 agit
1149 1504 1176 1549 et

643 1577 779 1638 benedicit,
793 1576 903 1641 quando
915 1575 971 1625 Deo
984 1571 1106 1624 attribuit
1117 1570 1174 1634 ejus

641 1648 822 1715 diligentiam3
837 1646 956 1711 frangit
968 1654 1057 1694 autem
1071 1648 1097 1693 et
1117 1641 1173 1704 dat,
1241 1692 1246 1703 ,

641 1723 735 1772 devote
759 1718 928 1786 praedicando
948 1732 1016 1767 eam.
1037 1715 1060 1764 Ε
1082 1722 1176 1763 contra

641 1793 674 1843 de
695 1792 836 1858 ignorante
851 1798 878 1839 et
897 1786 1058 1853 negligente,
1077 1783 1174 1833 dicitur

641 1864 670 1914 in
689 1860 805 1913 Threnis
823 1876 829 1910 :
845 1858 962 1910 Parvuli
972 1857 1108 1922 petierunt
1117 1867 1173 1918 pa-

641 1948 708 1995 nem,
724 1939 749 1983 et
763 1945 814 1981 nou
830 1937 892 1981 erat
905 1928 950 1995 qui
961 1928 1110 1992 frangeret
1123 1923 1173 1974 eis.

672 2021 690 2071 4
715 2006 878 2055 Launaunus
906 2016 999 2062 arran
1014 2013 1042 2048 ur
1069 2010 1171 2047 rainu-

641 2092 756 2126 rurromr
767 2075 888 2125 Douruus
903 2080 1172 2124 aaarrcrruunuuour

642 2164 724 2200 ustus
737 2163 831 2199 canter.
850 2175 882 2184 -
901 2145 940 2195 Et
952 2143 1086 2208 accipiens
1101 2138 1172 2191 cali-

641 2236 705 2285 cm,
728 2236 789 2270 cum
810 2218 875 2270 vino
898 2231 968 2283 aqua
989 2214 1084 2272 mixto,
1109 2213 1174 2261 Pas-

641 2293 746 2344 sionem
766 2304 843 2340 suam
865 2287 1082 2354 praesignantem,
1103 2294 1173 2348 gra-

641 2365 696 2415 tias
712 2363 777 2430 egit,
794 2376 842 2426 pro
856 2357 1040 2423 redemptione
1054 2355 1173 2405 humano

642 2434 731 2500 generi
745 2433 840 2482 collata
853 2445 901 2496 per
912 2430 999 2489 illam;
1015 2442 1062 2477 nec
1073 2441 1129 2476 non
1144 2424 1174 2475 ia

641 2502 770 2565 adversis,
785 2510 811 2550 et
823 2514 872 2565 pro
890 2497 1019 2556 adversis,
1032 2495 1105 2561 quod
1120 2509 1175 2543 non

642 2590 754 2643 prose,
777 2573 822 2624 sed
848 2587 897 2637 pro
922 2569 1001 2620 nobis
1024 2567 1082 2617 haec
1101 2565 1173 2625 tulit,

643 2655 795 2698 monstrans
823 2643 852 2693 in
882 2642 935 2691 hoc
965 2650 995 2690 ut
1024 2636 1174 2688 Dominum

642 2720 798 2782 laudemus,
831 2716 940 2782 quando
969 2713 1073 2779 flagella
1098 2709 1175 2761 vide·

642 2806 714 2851 mus,
740 2800 766 2840 et
788 2787 887 2853 gratias
911 2799 1022 2853 agamus
1047 2783 1076 2832 in
1100 2778 1174 2831 omni

642 2861 823 2919 tribulatione,
836 2873 897 2925 quae
909 2855 1074 2923 significatur
1086 2853 1115 2902 in
1128 2866 1175 2902 no-

642 2934 715 2984 mine
731 2930 830 2982 calicis.
849 2931 924 2981 Unde
939 2928 1174 2996 chrysostomus:

643 3024 657 3053 a
671 3004 785 3056 Gratias
799 3002 864 3068 egit,
880 3002 982 3051 docens
995 3015 1044 3050 noa
1060 2995 1175 3064 qualiter

642 3087 747 3144 oportet
772 3077 824 3126 hoc
851 3075 1013 3141 mysterium
1039 3070 1174 3139 perficere,

642 3159 668 3200 et
689 3147 813 3199 erudiens
834 3162 884 3197 nos
900 3146 1082 3212 quodcunque
1102 3138 1174 3206 pati-

642 3236 704 3272 mur
716 3236 778 3271 cum
793 3219 940 3286 gratiarum
954 3217 1057 3268 actione
1068 3214 1145 3262 ferre.
1158 3227 1173 3257 n

643 3293 719 3344 Unde
752 3301 777 3342 et
800 3291 877 3341 Beda
898 3307 906 3340 ε
931 3307 944 3335 u
966 3287 1018 3347 Qui
1040 3282 1110 3334 nihil
1128 3280 1175 3330 di·

643 3381 728 3432 gnum
751 3364 922 3431 percussione
935 3356 1066 3419 exhibuit,
1081 3352 1176 3404 humi·

643 3436 704 3487 liter
724 3435 754 3486 in
775 3433 945 3502 percussione
965 3426 1124 3480 benedicit:
1145 3432 1176 3475 ut

643 3507 707 3558 hinc
722 3507 845 3558 videlicet
859 3502 982 3554 ostendat
998 3498 1064 3566 quid
1086 3511 1176 3547 unus-

643 3579 761 3645 quisque
777 3577 806 3626 in
831 3573 934 3641 flagello
954 3572 1039 3637 culpae
1062 3566 1183 3635 propriae,

644 3651 729 3702 facere
746 3649 848 3705 debeat,
864 3646 887 3695 si
909 3645 967 3711 ipse
987 3639 1175 3709 equanimiter

645 3720 749 3786 flagella
775 3718 859 3783 culpae
885 3717 980 3766 alienae
1013 3721 1117 3779 portat;
1144 3716 1176 3760 ut

644 3792 711 3841 hinc
724 3788 805 3840 etiam
824 3787 946 3837 ostendat
962 3783 1028 3850 quid
1043 3782 1072 3832 in
1087 3793 1178 3831 corre-

646 3862 739 3929 ptione
752 3859 831 3909 faciat
847 3857 982 3915 subditus,
998 3854 1020 3905 si
1040 3852 1068 3902 in
1082 3850 1178 3917 flagel-

646 3934 673 3982 lo
689 3930 795 3997 positus
815 3928 886 3979 Patri
900 3926 997 3994 gratias
1013 3922 1069 3990 agit
1085 3935 1177 3988 equa-
