2632 4312
171 276 217 328 DE
235 276 376 329 DUOBUS
392 272 502 329 CAECIS
519 275 609 326 POST
624 275 815 328 EGRESSUM
840 276 992 331 JERlCHO
1009 280 1129 332 lLLUM.
1171 281 1220 333 183

502 762 670 834 CAPUT
701 764 821 834 XXIV

132 1065 188 1133 De
207 1063 341 1133 duobus
364 1062 463 1132 caecis
478 1073 562 1156 post
585 1085 761 1155 egressum
779 1063 922 1135 Jericko
946 1066 1168 1140 illuminatis.
1258 1046 1262 1051 ’

350 1336 493 1398 Matthaei
515 1356 581 1418 cap.
608 1357 649 1399 20
671 1349 701 1398 et
717 1337 819 1400 Marci
841 1358 908 1420 cap.
930 1360 978 1402 10.

132 1587 257 1639 1Tuasn
277 1602 368 1637 reuera
392 1588 520 1637 Domuuir
540 1601 633 1644 SEQUI-

95 1672 158 1709 rua.
167 1685 199 1696 -
209 1658 275 1707 Post
284 1658 350 1717 haec,
359 1656 558 1722 egredientibus
567 1657 630 1717 illis,

95 1729 200 1781 scilicet
226 1731 288 1781 Jesu
316 1745 378 1780 cum
416 1729 566 1795 discipulis,
597 1730 630 1779 ab

93 1803 210 1876 Jericho,
225 1804 304 1854 turba
320 1803 404 1852 multa
418 1803 630 1853 desiderantium

95 1873 190 1925 audire
213 1874 363 1923 doctrinam
388 1874 446 1938 ejus
469 1880 561 1924 secuta
590 1880 630 1924 est

95 1959 168 2007 eum,·
184 1945 262 2010 pauci
276 1944 349 1995 enim
372 1944 506 1994 audebant
521 1954 629 2010 propter

95 2016 213 2066 latrones
248 2015 352 2081 ingredi
376 2016 522 2066 desertum.
549 2016 629 2076 Quod

93 2085 175 2136 turba
195 2084 310 2151 plurima
336 2086 498 2151 sequebatur
521 2085 627 2144 Jesum,

95 2170 151 2206 suae
170 2155 269 2206 sedulae
297 2164 323 2205 et
348 2156 475 2206 studiosae
500 2156 630 2206 doctrinae

94 2235 136 2277 est
149 2225 291 2278 indicium.
308 2228 384 2277 Unde
399 2228 629 2294 Chrysoslomus:

96 2315 110 2346 a
133 2298 335 2348 Testimonium
368 2298 481 2349 studiosi
507 2298 630 2364 agricolae

95 2377 136 2418 est
159 2367 257 2418 messis
282 2366 403 2428 fecunda,
418 2369 519 2418 assidui
540 2379 630 2419 autem

95 2438 213 2491 doctoris
229 2439 423 2490 documentum
443 2440 553 2491 ecclesia
571 2441 630 2506 ple-

96 2526 139 2562 na.
160 2511 303 2562 Neminem
324 2512 399 2563 labor
422 2513 525 2563 itineris
541 2513 630 2579 impe-

95 2581 176 2643 divit,
201 2583 265 2648 quia
291 2598 366 2633 amor
389 2583 538 2649 spiritualis
566 2583 631 2634 fati-

95 2653 233 2718 gationem
269 2669 325 2702 non
359 2654 449 2704 sentit.
486 2653 629 2704 Neminem

95 2723 299 2788 possessionum
330 2739 440 2775 suarum
474 2724 630 2775 sollicitudo

95 2795 222 2858 retraxit,
254 2796 318 2861 quia
356 2796 577 2863 ingrediebantur
601 2797 630 2847 in

94 2868 293 2933 possessionem
318 2869 392 2935 regni
417 2869 542 2921 coelestis.
561 2870 630 2921 Vere

94 2938 170 2989 enim
183 2955 237 2989 non
252 2939 333 2990 habet
349 2951 540 3006 superterram
557 2941 630 3006 quod

94 3019 175 3074 amet,
192 3010 239 3077 qui
254 3011 359 3060 bonum
384 3011 489 3061 coeleste
512 3011 542 3060 in
555 3011 630 3062 veri·

94 3090 147 3132 tate
164 3080 318 3148 gustaverit.
334 3080 408 3131 Sicut
424 3080 498 3131 enim
512 3081 559 3147 qui
573 3096 631 3147 pre·

94 3155 197 3206 tiosum
216 3154 416 3205 manducaverit
431 3155 531 3218 cibum,
552 3165 630 3220 post-

94 3226 208 3276 modum
240 3226 264 3275 ei
300 3226 357 3276 haec
386 3240 446 3275 esca
477 3226 630 3277 communis

94 3297 199 3362 ingrata
220 3296 339 3358 videtur;
362 3295 400 3345 sic
425 3306 451 3345 et
476 3296 523 3362 qui
546 3299 629 3346 semel

94 3370 265 3421 dulcedinem
286 3369 387 3419 Christi
410 3369 478 3420 bene
504 3380 630 3436 gustave-

94 3439 139 3501 rit,
156 3449 325 3490 terrenorum
347 3439 483 3488 bonorum
495 3438 528 3489 de
542 3448 629 3490 cetero

95 3525 150 3560 non
165 3510 283 3560 multum
300 3507 380 3560 sentit
397 3523 530 3574 saporem.
543 3509 630 3559 Nimi-

95 3595 156 3641 rum
180 3580 237 3630 haec
259 3589 299 3629 est
325 3578 373 3629 illa
390 3594 451 3630 rosa
474 3577 502 3629 in
527 3580 630 3645 campis

93 3649 209 3710 iericho,
231 3649 265 3699 de
279 3664 333 3715 qua
356 3649 488 3714 sapientia
508 3650 630 3716 loquitur

95 3734 142 3786 per
178 3720 349 3770 Salomonem
379 3733 386 3768 :
419 3719 498 3771 Sicut
523 3721 630 3787 palmes

95 3791 220 3842 exaltata
245 3805 303 3841 sum
327 3791 354 3840 in
378 3791 474 3854 Cades,
499 3798 525 3842 et
551 3793 631 3859 quasi

92 3861 228 3927 plantatio
258 3875 330 3912 rosae
356 3861 383 3911 in
413 3862 531 3914 Jericho.
560 3865 629 3930 Ergo

689 1587 747 1639 haec
772 1599 812 1640 est
833 1589 879 1641 illa
912 1593 1111 1657 speciosissima
1144 1609 1222 1654 rosa,

688 1661 828 1713 sanctitate
850 1663 960 1729 justitiae
982 1666 1101 1727 candida,
1116 1677 1143 1717 et
1157 1668 1222 1717 Pas-

688 1731 774 1782 sionis
798 1734 930 1798 sanguine
959 1735 1119 1788 rubicunda.
1148 1738 1222 1788 Sicut

687 1801 762 1851 enim
781 1817 842 1853 rosa
857 1813 1002 1870 antequam
1015 1805 1135 1856 videatur
1158 1823 1221 1857 sen-

687 1871 761 1934 titur,
776 1882 802 1923 et
815 1882 959 1940 antequam
976 1874 1126 1925 invematur
1138 1887 1216 1928 tene-

686 1941 768 1991 turin
778 1942 908 1995 odoribus
921 1944 992 2008 suis;
1008 1945 1046 1995 sic
1061 1956 1087 1996 et
1101 1946 1220 1996 Domino

687 2022 841 2064 transeunte
857 2016 889 2065 de
909 2015 999 2083 longe,
1013 2016 1067 2066 duo
1086 2018 1156 2076 caeci,
1172 2033 1222 2068 an-

686 2090 794 2148 tequam
809 2099 872 2134 eum
897 2084 1027 2145 viderent,
1048 2086 1218 2137 divinitatem

686 2153 743 2217 ejus
764 2152 908 2220 fragrantia
932 2168 1074 2209 senserunt
1098 2175 1106 2208 t
1128 2178 1142 2207 »
1164 2159 1221 2209 haec

687 2225 907 2292 Chrysostomus.

718 2311 732 2344 2
748 2295 809 2346 Duo
823 2312 886 2347 ciaet
901 2297 1021 2349 Cuatsro
1035 2315 1220 2364 ossanuurun,

686 2383 761 2418 arcer
775 2386 808 2419 uu
825 2385 877 2421 uuo
897 2386 1005 2421 rnuruu
1020 2372 1129 2422 Murcus
1147 2389 1218 2422 usu-

686 2454 786 2496 rrouau
804 2456 907 2491 sacras.
926 2469 957 2480 -
982 2442 1060 2492 Unde
1074 2443 1222 2508 sequitur:

686 2507 724 2558 Et
744 2522 802 2560 ecce
824 2509 877 2560 duo
904 2510 968 2561 caeci
998 2510 1119 2562 sedentes
1143 2526 1220 2562 secus

686 2580 765 2643 viam,
789 2590 820 2630 ut
849 2583 1046 2648 eleemosynam
1066 2593 1187 2648 peterent
1207 2600 1228 2636 a,

685 2653 900 2714 transeuntibus,
928 2671 984 2705 non
1008 2667 1110 2707 remote
1139 2672 1155 2707 a
1177 2657 1228 2719 via,

686 2725 790 2786 salutis,
812 2727 957 2778 audierunt
981 2743 996 2778 a
1016 2729 1227 2791 transeuntibus¹

686 2797 748 2863 quia
768 2798 859 2860 Jerus,
887 2797 1040 2849 Nazarenus
1059 2800 1133 2851 omni
1154 2800 1221 2852 flore

685 2869 817 2921 virtutum
838 2887 964 2935 vernans,
983 2873 1123 2924 transiret.
1139 2874 1162 2924 O
1178 2873 1225 2933 fer

686 2941 724 2991 lix
750 2941 869 3001 auditio,
897 2959 991 2993 rumor
1019 2944 1102 2994 levis!
1138 2944 1222 2995 Multi

686 3012 760 3061 enim
772 3026 853 3079 reges
874 3018 901 3062 et
918 3014 1062 3080 Prophetae
1081 3016 1224 3066 voluerunt

686 3081 789 3144 audire,
812 3087 838 3132 et
857 3097 907 3134 non
921 3083 1073 3135 audierunt.
1091 3086 1122 3135 Et
1136 3087 1218 3136 mise-

685 3154 827 3206 ricordiam
863 3172 924 3206 cum
946 3159 1060 3209 clamore
1086 3160 1221 3225 petebant,
1308 3206 1310 3210 ,

685 3224 801 3276 dicentes
814 3227 955 3292 :Domine
980 3229 1107 3280 miserere
1126 3230 1221 3291 nostri,

678 3297 726 3364 fili
748 3298 848 3362 David,
877 3310 923 3351 tua
955 3302 1142 3367 compassione
1168 3318 1220 3352 no-

685 3377 769 3418 stram
797 3369 934 3421 miseriam
965 3372 1136 3422 removendo.
1163 3373 1220 3422 Vo-

685 3450 747 3490 cant
767 3455 830 3491 eum
852 3441 940 3491 filium
957 3443 1051 3503 David,
1070 3442 1134 3509 quia
1160 3458 1227 3509 cre-t

685 3509 785 3561 debant
812 3525 874 3561 eum
901 3527 959 3562 esse
987 3512 1145 3572 Christum,
1176 3528 1223 3577 per

686 3580 832 3646 Prophetas
857 3582 1040 3648 promissum,
1069 3593 1094 3632 et
1123 3592 1218 3634 notum

686 3660 740 3701 erat
768 3649 839 3716 apud
865 3667 959 3702 omnes
990 3652 1113 3711 Judaeos,
1149 3652 1222 3718 quod

686 3720 811 3772 Christus
831 3723 864 3773 de
884 3723 986 3773 semine
1008 3723 1093 3774 David
1112 3735 1167 3775 erat
1179 3741 1222 3776 na·

686 3791 811 3843 sciturus.
833 3793 903 3844 Cum
920 3808 1015 3859 magna
1034 3794 1159 3844 desiderii
1175 3790 1228 3861 in-]

686 3865 807 3927 tentione
834 3865 1034 3930 clamaverunt,
1064 3877 1091 3918 et
1122 3882 1220 3933 magno
