2632 4320
480 297 528 349 ET
546 296 786 349 NUMERORUM.
1141 297 1194 363 437

109 543 227 597 CAPUT
242 544 276 596 V.
289 572 319 583 —
332 546 375 596 De
387 545 546 613 tridatopro
554 546 670 599 Domino
683 553 710 598 et
722 547 806 598 Petro
820 547 918 612 solato,
929 555 956 601 et
969 549 1002 600 de
1011 550 1157 615 quaestione

351 632 542 700 discipulorum
556 649 637 702 super
653 635 807 702 majoritate
823 649 924 687 eoram.

98 799 249 851 1Christus
278 799 415 866 Apostolis
440 801 530 853 denuo

111 869 266 921 Passionem
277 879 304 921 et
311 871 530 923 resurrectionem

109 940 239 1006 praedicit.

93 1027 109 1060 a
128 1010 273 1061 Tributum
287 1026 302 1063 a
316 1010 424 1062 Christo
438 1012 527 1079 exigi-

109 1092 163 1132 tur.
574 1083 609 1150 34

95 1153 109 1202 3
135 1153 238 1205 Solutio
267 1154 362 1205 tributi
390 1154 419 1205 in
447 1170 528 1208 sensu

111 1224 217 1276 morali.
575 1224 609 1291 34

94 1294 255 1359 4Scandali
283 1295 376 1347 vitatio
400 1310 416 1347 a
449 1295 533 1346 Chri·
575 1363 608 1415 35

111 1373 163 1415 Sto.

98 1431 112 1483 5
129 1431 273 1499 Paupertas
284 1433 405 1485 Domini.
575 1431 610 1484 36

87 1504 113 1575 6
128 1505 248 1566 Quaestio
279 1507 473 1573 discipulorum
500 1507 533 1558 de

695 818 759 855 cans
772 819 835 854 eum
847 815 877 855 ut
888 806 1024 873 exemplar
1033 805 1115 857 disci-

695 874 767 940 pulis
782 875 916 941 proponit.
1159 875 1192 942 37

574 942 606 994 33
679 944 696 994 8
711 944 835 995 Pueritiae
846 944 1013 995 conditiones
1024 945 1117 996 homi·

695 1015 738 1065 nis
752 1015 860 1082 perfecti
883 1015 1056 1082 proprietates
1077 1016 1117 1067 si-

695 1086 786 1144 gnant.
1159 1077 1192 1130 38

680 1167 696 1219 9
712 1149 858 1202 Humilitas
871 1149 904 1201 ad
915 1150 1027 1217 gratiam
1044 1166 1133 1244 pra?

696 1231 778 1288 parat.
1038 1248 1040 1253 ·
1159 1221 1193 1290 39

668 1311 699 1345 ιο
711 1294 881 1362 Suscipiendi
893 1303 958 1346 sunt
970 1294 1073 1362 parvuli
1086 1294 1114 1346 in

697 1367 800 1419 Christi
814 1367 933 1420 nomine.
1160 1367 1195 1434 39

669 1454 696 1489 11
713 1439 859 1507 Nunquam
866 1439 1049 1506 prohibendus
1058 1438 1117 1504 qui·

696 1525 802 1577 cunque
815 1524 884 1576 opus
903 1510 1006 1562 bonum
1023 1525 1118 1577 opera-

112 1579 261 1644 majoritate
275 1595 379 1631 eorum.
577 1579 610 1632 36
696 1590 748 1631 tur.
1159 1594 1193 1643 40

97 1664 113 1714 7
134 1648 258 1700 Christus
284 1650 426 1716 parvulum
448 1650 533 1701 advo-

128 1880 244 1952 CAPUT
258 1883 302 1933 Vl.
313 1911 342 1921 —
356 1884 399 1934 De
410 1882 523 1950 pusillis
536 1889 563 1934 et
574 1883 699 1948 parvulis
710 1896 761 1934 non
773 1881 996 1949 scandalizandis
1012 1883 1145 1946 exterius,

415 1977 440 2023 et
459 1986 510 2024 non
528 1972 721 2024 contemnendis
735 1971 855 2023 interius.

102 2155 111 2190 1
130 2138 190 2187 Non
201 2147 265 2189 sunt
276 2139 470 2190 scandalizandi
480 2155 536 2205 par·

114 2210 179 2262 vuli.
577 2229 611 2280 42

99 2299 114 2332 2
132 2283 179 2334 Vae
195 2283 297 2334 mundo
312 2299 327 2336 a
341 2284 482 2335 scandalis.
576 2285 610 2350 43

100 2353 114 2403 3
129 2354 289 2404 Scandalum
306 2354 441 2422 passivum
454 2355 534 2406 etiam

114 2423 252 2474 vitandum
268 2434 317 2476 est.

97 2511 116 2560 4
130 2494 329 2561 Consanguinei
350 2506 376 2547 et
396 2493 474 2547 amici
489 2510 535 2546 sa-

114 2564 163 2615 luti
176 2565 364 2631 posthabendi.
575 2564 610 2631 45

99 2635 113 2686 5
131 2637 298 2688 Humilitatis
311 2635 483 2690 excellentie.
575 2637 626 2703 46·

682 2138 698 2190 6
716 2138 771 2190 Cur
783 2155 837 2191 non
853 2149 919 2192 sunt
930 2140 1116 2192 contemnendi

698 2208 818 2274 parvuli?

684 2297 699 2347 7
717 2281 756 2332 De
784 2281 950 2347 Angelorum
973 2282 1117 2334 custodum

698 2351 858 2403 ministeriu.

576 2440 613 2491 44
683 2422 699 2472 8
723 2422 866 2482 Quomodo
900 2438 996 2474 novem
1027 2406 1141 2475 choris*

697 2494 863 2558 Angelorum
889 2492 973 2543 homo
993 2493 1117 2544 associari

698 2573 824 2616 meretur.

144 2829 261 2881 CAPUT
274 2831 332 2882 Vll.
349 2859 379 2870 -
392 2832 435 2883 De
448 2831 534 2883 tribas
546 2830 698 2898 parabolis,
714 2830 815 2881 scilicet
830 2846 839 2881 .·
857 2829 924 2893 ovis,
943 2835 970 2880 et
987 2812 1131 2891 drachmae,

525 2927 550 2971 et
556 2919 615 2986 filii
623 2919 748 2987 prodigi.

103 3103 111 3135 1
133 3087 197 3139 Tria
213 3097 276 3139 sunt
298 3104 360 3154 quae
373 3090 406 3140 ad
422 3091 534 3142 misera-

115 3156 218 3208 tionem
234 3158 375 3210 inducunt.
499 3168 502 3173 ’
564 3161 612 3213 ·5ο

100 3244 115 3276 a
130 3228 259 3280 Parabola
273 3228 331 3280 ovis
343 3231 466 3283 errantis.
579 3231 608 3282 51

102 3300 114 3350 3
139 3302 245 3367 Septem
278 3302 306 3352 in
334 3304 384 3354 hac
409 3305 535 3370 parabola

116 3371 227 3436 mystice
242 3374 368 3424 notanda.
579 3374 608 3426 51

98 3442 268 3508 4Gaudium
291 3444 467 3509 Angelorum,
484 3460 536 3511 pa-

114 3512 195 3562 storis
209 3524 235 3562 et
248 3513 360 3565 Christi.
579 3512 611 3563 52

100 3582 113 3632 5
129 3582 266 3633 Moraliter
279 3583 313 3633 de
329 3582 446 3648 praelatis
460 3591 488 3633 et
502 3583 535 3633 de

112 3656 258 3707 electorum
273 3670 396 3706 numero.
579 3652 610 3706 53

98 3725 115 3775 6
131 3726 259 3778 Parabola
271 3726 404 3777 drachmae
414 3726 533 3792 perditae.
579 3725 613 3791 54

100 3797 184 3862 ysex
201 3779 232 3846 in'
252 3812 282 3848 ea
305 3796 417 3864 mystice
436 3806 536 3848 notan·
581 3867 595 3920 5

116 3869 158 3920 da.
399 3897 402 3901 ·
597 3884 615 3934 4

100 3938 117 3987 8
143 3939 279 3990 Moraliter
311 3939 344 3991 de
379 3939 537 4006 quaesitione

699 3087 831 3138 drachmae
850 3097 884 3148 et,
900 3103 931 3138 ea
943 3084 1062 3154 reperta,
1086 3088 1118 3139 de

698 3159 864 3226 Angelorum
877 3160 985 3226 gaudio,
1000 3160 1118 3226 itemque

697 3230 730 3281 de
744 3232 863 3296 praelato.
1162 3229 1195 3280 55

681 3315 698 3367 9
715 3300 843 3351 Parabola
855 3300 904 3352 filii
918 3300 1033 3366 prodigi.
1160 3297 1193 3349 56
1289 3287 1299 3310 “

670 3387 701 3422 10
716 3372 768 3422 Sex
795 3372 876 3424 etiam
899 3372 928 3423 in
952 3387 982 3423 ea
1005 3370 1117 3437 mystice

698 3445 822 3496 notanda.
1163 3441 1196 3492 56

671 3531 698 3565 11
716 3515 804 3581 liujus
823 3516 954 3582 parabolae
974 3512 1118 3580 applicatio

656 3600 658 3604 ’
697 3585 796 3637 Judaeis
814 3597 840 3636 et
860 3584 1023 3645 Gentilibus,
1037 3583 1119 3634 inno-

698 3655 766 3708 centi
778 3665 805 3707 et
816 3656 957 3721 peccatori.
1162 3651 1194 3703 56

671 3741 701 3776 12
717 3726 833 3776 Docetur
847 3737 967 3793 peccator
979 3725 1046 3791 quid
1066 3724 1119 3777 sibi

698 3797 850 3848 faciendum
870 3808 901 3849 ut
921 3797 954 3847 ad
975 3797 1061 3848 Deum
1076 3811 1119 3846 re-

698 3877 824 3920 vertatur.
1162 3867 1195 3933 57

672 3935 701 3989 13
715 3938 835 4006 Benigno
848 3948 1017 4006 peccatorum
1031 3953 1047 3990 a
1065 3939 1120 3990 Deo
