<?xml version="1.0" encoding="UTF-8"?>
<!DOCTYPE html PUBLIC "-//W3C//DTD XHTML 1.0 Transitional//EN"
    "http://www.w3.org/TR/xhtml1/DTD/xhtml1-transitional.dtd">
<html xmlns="http://www.w3.org/1999/xhtml" xml:lang="en" lang="en">
 <head>
  <title>
</title>
<meta http-equiv="Content-Type" content="text/html;charset=utf-8" />
  <meta name='ocr-system' content='tesseract 3.04.00' />
  <meta name='ocr-capabilities' content='ocr_page ocr_carea ocr_par ocr_line ocrx_word'/>
</head>
<body>
  <div class='ocr_page' id='page_1' title='image "./vitajesuchristi01rigogoog_0400.png"; bbox 0 0 2632 4320; ppageno 0'>
   <div class='ocr_carea' id='block_1_1' title="bbox 211 244 975 352">
    <p class='ocr_par' dir='ltr' id='par_1_1' title="bbox 211 244 975 352">
     <span class='ocr_line' id='line_1_1' title="bbox 211 244 975 352; baseline 0.009 -9"><span class='ocrx_word' id='word_1_1' title='bbox 211 244 217 259; x_wconf 39' lang='grc' dir='ltr'>Ι</span> <span class='ocrx_word' id='word_1_2' title='bbox 279 293 327 344; x_wconf 84' lang='lat' dir='ltr'>DE</span> <span class='ocrx_word' id='word_1_3' title='bbox 342 293 548 345; x_wconf 84' lang='lat' dir='ltr'>ABLUTIONE</span> <span class='ocrx_word' id='word_1_4' title='bbox 567 293 686 345; x_wconf 88' lang='lat' dir='ltr'>PEDUM</span> <span class='ocrx_word' id='word_1_5' title='bbox 703 295 975 352; x_wconf 86' lang='lat' dir='ltr'>DISCIPULORUM.</span> 
     </span>
    </p>
   </div>
   <div class='ocr_carea' id='block_1_2' title="bbox 34 409 601 2198">
    <p class='ocr_par' dir='ltr' id='par_1_2' title="bbox 34 409 601 2198">
     <span class='ocr_line' id='line_1_2' title="bbox 68 409 601 480; baseline 0.002 -20"><span class='ocrx_word' id='word_1_6' title='bbox 68 409 159 474; x_wconf 83' lang='lat' dir='ltr'>stium,</span> <span class='ocrx_word' id='word_1_7' title='bbox 173 411 339 463; x_wconf 80' lang='lat' dir='ltr'>terrestrium</span> <span class='ocrx_word' id='word_1_8' title='bbox 360 418 386 462; x_wconf 85' lang='lat' dir='ltr'>et</span> <span class='ocrx_word' id='word_1_9' title='bbox 409 410 601 480; x_wconf 79' lang='lat' dir='ltr'>infernorum?</span> 
     </span>
     <span class='ocr_line' id='line_1_3' title="bbox 70 484 601 552; baseline 0.004 -18"><span class='ocrx_word' id='word_1_10' title='bbox 70 484 105 534; x_wconf 88' lang='lat' dir='ltr'>Et</span> <span class='ocrx_word' id='word_1_11' title='bbox 118 484 147 535; x_wconf 92' lang='lat' dir='ltr'>in</span> <span class='ocrx_word' id='word_1_12' title='bbox 161 484 213 535; x_wconf 91' lang='lat' dir='ltr'>hoc</span> <span class='ocrx_word' id='word_1_13' title='bbox 230 487 322 537; x_wconf 91' lang='lat' dir='ltr'>Petrus</span> <span class='ocrx_word' id='word_1_14' title='bbox 337 485 470 552; x_wconf 86' lang='lat' dir='ltr'>significat</span> <span class='ocrx_word' id='word_1_15' title='bbox 481 485 601 551; x_wconf 91' lang='lat' dir='ltr'>discipu·</span> 
     </span>
     <span class='ocr_line' id='line_1_4' title="bbox 70 555 601 622; baseline 0.006 -18"><span class='ocrx_word' id='word_1_16' title='bbox 70 555 126 605; x_wconf 92' lang='lat' dir='ltr'>lum</span> <span class='ocrx_word' id='word_1_17' title='bbox 143 555 318 622; x_wconf 83' lang='lat' dir='ltr'>ignorantem,</span> <span class='ocrx_word' id='word_1_18' title='bbox 346 568 371 608; x_wconf 92' lang='lat' dir='ltr'>et</span> <span class='ocrx_word' id='word_1_19' title='bbox 390 557 533 609; x_wconf 87' lang='lat' dir='ltr'>indiscrete</span> <span class='ocrx_word' id='word_1_20' title='bbox 559 558 601 607; x_wconf 94' lang='lat' dir='ltr'>lo-</span> 
     </span>
     <span class='ocr_line' id='line_1_5' title="bbox 69 627 599 694; baseline 0.004 -18"><span class='ocrx_word' id='word_1_21' title='bbox 69 637 198 693; x_wconf 90' lang='lat' dir='ltr'>quentem</span> <span class='ocrx_word' id='word_1_22' title='bbox 224 627 257 678; x_wconf 91' lang='lat' dir='ltr'>de</span> <span class='ocrx_word' id='word_1_23' title='bbox 279 627 347 679; x_wconf 85' lang='lat' dir='ltr'>iacto</span> <span class='ocrx_word' id='word_1_24' title='bbox 373 627 524 694; x_wconf 87' lang='lat' dir='ltr'>Superioris</span> <span class='ocrx_word' id='word_1_25' title='bbox 547 628 599 690; x_wconf 92' lang='lat' dir='ltr'>sui,</span> 
     </span>
     <span class='ocr_line' id='line_1_6' title="bbox 68 698 601 766; baseline 0.006 -18"><span class='ocrx_word' id='word_1_26' title='bbox 68 699 144 763; x_wconf 88' lang='lat' dir='ltr'>cujus</span> <span class='ocrx_word' id='word_1_27' title='bbox 159 698 265 764; x_wconf 87' lang='lat' dir='ltr'>ignorat</span> <span class='ocrx_word' id='word_1_28' title='bbox 282 700 422 751; x_wconf 90' lang='lat' dir='ltr'>rationem.</span> <span class='ocrx_word' id='word_1_29' title='bbox 436 700 601 766; x_wconf 86' lang='lat' dir='ltr'>Frequenter</span> 
     </span>
     <span class='ocr_line' id='line_1_7' title="bbox 68 769 600 837; baseline 0.002 -17"><span class='ocrx_word' id='word_1_30' title='bbox 68 769 143 820; x_wconf 91' lang='lat' dir='ltr'>enim</span> <span class='ocrx_word' id='word_1_31' title='bbox 157 769 300 836; x_wconf 84' lang='lat' dir='ltr'>contingit,</span> <span class='ocrx_word' id='word_1_32' title='bbox 318 772 389 836; x_wconf 92' lang='lat' dir='ltr'>quod</span> <span class='ocrx_word' id='word_1_33' title='bbox 405 771 507 837; x_wconf 90' lang='lat' dir='ltr'>aliquid</span> <span class='ocrx_word' id='word_1_34' title='bbox 526 770 600 835; x_wconf 91' lang='lat' dir='ltr'>judi-</span> 
     </span>
     <span class='ocr_line' id='line_1_8' title="bbox 66 839 600 907; baseline 0.004 -17"><span class='ocrx_word' id='word_1_35' title='bbox 66 850 143 890; x_wconf 85' lang='lat' dir='ltr'>catur</span> <span class='ocrx_word' id='word_1_36' title='bbox 162 839 456 891; x_wconf 89' lang='lat' dir='ltr'>irrationabilissimum</span> <span class='ocrx_word' id='word_1_37' title='bbox 470 842 504 891; x_wconf 90' lang='lat' dir='ltr'>ab</span> <span class='ocrx_word' id='word_1_38' title='bbox 521 841 600 907; x_wconf 87' lang='lat' dir='ltr'>igno-</span> 
     </span>
     <span class='ocr_line' id='line_1_9' title="bbox 66 915 599 980; baseline 0.002 -17"><span class='ocrx_word' id='word_1_39' title='bbox 66 922 142 964; x_wconf 82' lang='lat' dir='ltr'>rante</span> <span class='ocrx_word' id='word_1_40' title='bbox 156 929 272 974; x_wconf 85' lang='lat' dir='ltr'>causam,</span> <span class='ocrx_word' id='word_1_41' title='bbox 288 915 360 980; x_wconf 92' lang='lat' dir='ltr'>quod</span> <span class='ocrx_word' id='word_1_42' title='bbox 377 925 464 966; x_wconf 86' lang='lat' dir='ltr'>tamen</span> <span class='ocrx_word' id='word_1_43' title='bbox 479 915 599 965; x_wconf 90' lang='lat' dir='ltr'>rationa-</span> 
     </span>
     <span class='ocr_line' id='line_1_10' title="bbox 66 985 598 1042; baseline 0.006 -5"><span class='ocrx_word' id='word_1_44' title='bbox 66 985 234 1042; x_wconf 90' lang='lat' dir='ltr'>bilissimum</span> <span class='ocrx_word' id='word_1_45' title='bbox 244 998 285 1038; x_wconf 93' lang='lat' dir='ltr'>est</span> <span class='ocrx_word' id='word_1_46' title='bbox 291 989 440 1038; x_wconf 90' lang='lat' dir='ltr'>secundum</span> <span class='ocrx_word' id='word_1_47' title='bbox 450 988 598 1040; x_wconf 85' lang='lat' dir='ltr'>veritatem.</span> 
     </span>
     <span class='ocr_line' id='line_1_11' title="bbox 69 1058 600 1124; baseline 0.008 -17"><span class='ocrx_word' id='word_1_48' title='bbox 69 1058 179 1123; x_wconf 86' lang='lat' dir='ltr'>Propter</span> <span class='ocrx_word' id='word_1_49' title='bbox 192 1059 264 1124; x_wconf 91' lang='lat' dir='ltr'>quod</span> <span class='ocrx_word' id='word_1_50' title='bbox 281 1060 354 1110; x_wconf 84' lang='lat' dir='ltr'>dixit</span> <span class='ocrx_word' id='word_1_51' title='bbox 365 1061 390 1110; x_wconf 89' lang='lat' dir='ltr'>ei</span> <span class='ocrx_word' id='word_1_52' title='bbox 401 1061 482 1111; x_wconf 84' lang='lat' dir='ltr'>Jesus</span> <span class='ocrx_word' id='word_1_53' title='bbox 496 1078 505 1111; x_wconf 88' lang='grc'>.·</span> <span class='ocrx_word' id='word_1_54' title='bbox 521 1060 600 1122; x_wconf 83' lang='lat' dir='ltr'>Quod</span> 
     </span>
     <span class='ocr_line' id='line_1_12' title="bbox 67 1128 599 1195; baseline 0.004 -17"><span class='ocrx_word' id='word_1_55' title='bbox 67 1142 119 1195; x_wconf 84' lang='lat' dir='ltr'>ego</span> <span class='ocrx_word' id='word_1_56' title='bbox 143 1128 232 1193; x_wconf 79' lang='lat' dir='ltr'>facio,</span> <span class='ocrx_word' id='word_1_57' title='bbox 256 1135 285 1180; x_wconf 84' lang='lat' dir='ltr'>tu</span> <span class='ocrx_word' id='word_1_58' title='bbox 313 1130 400 1181; x_wconf 87' lang='lat' dir='ltr'>nescis</span> <span class='ocrx_word' id='word_1_59' title='bbox 425 1132 522 1193; x_wconf 84' lang='lat' dir='ltr'>modo,·</span> <span class='ocrx_word' id='word_1_60' title='bbox 548 1131 599 1181; x_wconf 90' lang='lat' dir='ltr'>hoc</span> 
     </span>
     <span class='ocr_line' id='line_1_13' title="bbox 66 1200 598 1268; baseline 0.006 -18"><span class='ocrx_word' id='word_1_61' title='bbox 66 1215 160 1250; x_wconf 91' lang='lat' dir='ltr'>meum</span> <span class='ocrx_word' id='word_1_62' title='bbox 185 1200 301 1263; x_wconf 84' lang='lat' dir='ltr'>factum,</span> <span class='ocrx_word' id='word_1_63' title='bbox 326 1205 480 1268; x_wconf 88' lang='lat' dir='ltr'>exemplum</span> <span class='ocrx_word' id='word_1_64' title='bbox 505 1213 546 1255; x_wconf 91' lang='lat' dir='ltr'>est</span> <span class='ocrx_word' id='word_1_65' title='bbox 572 1212 598 1253; x_wconf 90' lang='lat' dir='ltr'>et</span> 
     </span>
     <span class='ocr_line' id='line_1_14' title="bbox 38 1272 599 1342; baseline 0.009 -22"><span class='ocrx_word' id='word_1_66' title='bbox 38 1275 40 1278; x_wconf 79' lang='grc'>’</span> <span class='ocrx_word' id='word_1_67' title='bbox 64 1272 230 1338; x_wconf 78' lang='lat' dir='ltr'>mysterium¹</span> <span class='ocrx_word' id='word_1_68' title='bbox 242 1291 249 1325; x_wconf 75' lang='grc' dir='ltr'><strong><em>ε</em></strong></span> <span class='ocrx_word' id='word_1_69' title='bbox 261 1275 413 1340; x_wconf 88' lang='lat' dir='ltr'>exemplum</span> <span class='ocrx_word' id='word_1_70' title='bbox 427 1276 537 1342; x_wconf 88' lang='lat' dir='ltr'>quidem</span> <span class='ocrx_word' id='word_1_71' title='bbox 550 1275 599 1326; x_wconf 94' lang='lat' dir='ltr'>hu-</span> 
     </span>
     <span class='ocr_line' id='line_1_15' title="bbox 57 1344 599 1414; baseline 0.009 -22"><span class='ocrx_word' id='word_1_72' title='bbox 57 1344 192 1400; x_wconf 85' lang='lat' dir='ltr'>militatis</span> <span class='ocrx_word' id='word_1_73' title='bbox 202 1345 370 1410; x_wconf 82' lang='lat' dir='ltr'>exhibendae,</span> <span class='ocrx_word' id='word_1_74' title='bbox 383 1347 544 1414; x_wconf 90' lang='lat' dir='ltr'>mysterium</span> <span class='ocrx_word' id='word_1_75' title='bbox 554 1362 599 1398; x_wconf 92' lang='lat' dir='ltr'>au-</span> 
     </span>
     <span class='ocr_line' id='line_1_16' title="bbox 66 1415 597 1469; baseline 0.009 -5"><span class='ocrx_word' id='word_1_76' title='bbox 66 1423 121 1466; x_wconf 87' lang='lat' dir='ltr'>tem</span> <span class='ocrx_word' id='word_1_77' title='bbox 153 1415 290 1469; x_wconf 88' lang='lat' dir='ltr'>interioris</span> <span class='ocrx_word' id='word_1_78' title='bbox 319 1418 514 1469; x_wconf 89' lang='lat' dir='ltr'>mundationis.</span> <span class='ocrx_word' id='word_1_79' title='bbox 538 1419 597 1469; x_wconf 90' lang='lat' dir='ltr'>Du·</span> 
     </span>
     <span class='ocr_line' id='line_1_17' title="bbox 65 1487 597 1557; baseline 0.006 -20"><span class='ocrx_word' id='word_1_80' title='bbox 65 1487 171 1552; x_wconf 86' lang='lat' dir='ltr'>pliciter</span> <span class='ocrx_word' id='word_1_81' title='bbox 188 1505 252 1556; x_wconf 85' lang='lat' dir='ltr'>ergo</span> <span class='ocrx_word' id='word_1_82' title='bbox 279 1500 366 1555; x_wconf 89' lang='lat' dir='ltr'>potest</span> <span class='ocrx_word' id='word_1_83' title='bbox 386 1490 523 1557; x_wconf 85' lang='lat' dir='ltr'>intelligi:</span> <span class='ocrx_word' id='word_1_84' title='bbox 541 1505 597 1540; x_wconf 91' lang='lat' dir='ltr'>uno</span> 
     </span>
     <span class='ocr_line' id='line_1_18' title="bbox 66 1559 597 1628; baseline 0.008 -20"><span class='ocrx_word' id='word_1_85' title='bbox 66 1559 158 1620; x_wconf 89' lang='lat' dir='ltr'>modo,</span> <span class='ocrx_word' id='word_1_86' title='bbox 173 1562 244 1626; x_wconf 84' lang='lat' dir='ltr'>quod</span> <span class='ocrx_word' id='word_1_87' title='bbox 257 1577 308 1627; x_wconf 84' lang='lat' dir='ltr'>ego</span> <span class='ocrx_word' id='word_1_88' title='bbox 318 1562 406 1627; x_wconf 88' lang='lat' dir='ltr'>facio,</span> <span class='ocrx_word' id='word_1_89' title='bbox 429 1561 456 1611; x_wconf 93' lang='lat' dir='ltr'>id</span> <span class='ocrx_word' id='word_1_90' title='bbox 471 1570 510 1612; x_wconf 88' lang='lat' dir='ltr'>est</span> <span class='ocrx_word' id='word_1_91' title='bbox 525 1576 597 1628; x_wconf 92' lang='lat' dir='ltr'>quo-</span> 
     </span>
     <span class='ocr_line' id='line_1_19' title="bbox 64 1630 596 1698; baseline 0.008 -19"><span class='ocrx_word' id='word_1_92' title='bbox 64 1630 147 1680; x_wconf 92' lang='lat' dir='ltr'>modo</span> <span class='ocrx_word' id='word_1_93' title='bbox 161 1648 210 1698; x_wconf 83' lang='lat' dir='ltr'>ego</span> <span class='ocrx_word' id='word_1_94' title='bbox 225 1633 295 1683; x_wconf 83' lang='lat' dir='ltr'>facio</span> <span class='ocrx_word' id='word_1_95' title='bbox 316 1633 480 1698; x_wconf 87' lang='lat' dir='ltr'>exemplum,</span> <span class='ocrx_word' id='word_1_96' title='bbox 502 1639 530 1683; x_wconf 87' lang='lat' dir='ltr'>tu</span> <span class='ocrx_word' id='word_1_97' title='bbox 549 1647 596 1684; x_wconf 86' lang='lat' dir='ltr'>ne-</span> 
     </span>
     <span class='ocr_line' id='line_1_20' title="bbox 64 1701 595 1770; baseline 0.006 -18"><span class='ocrx_word' id='word_1_98' title='bbox 64 1701 118 1752; x_wconf 86' lang='lat' dir='ltr'>scis</span> <span class='ocrx_word' id='word_1_99' title='bbox 142 1704 228 1767; x_wconf 88' lang='lat' dir='ltr'>modo,</span> <span class='ocrx_word' id='word_1_100' title='bbox 255 1704 282 1754; x_wconf 92' lang='lat' dir='ltr'>id</span> <span class='ocrx_word' id='word_1_101' title='bbox 303 1715 344 1755; x_wconf 92' lang='lat' dir='ltr'>est</span> <span class='ocrx_word' id='word_1_102' title='bbox 369 1721 424 1755; x_wconf 89' lang='lat' dir='ltr'>non</span> <span class='ocrx_word' id='word_1_103' title='bbox 449 1705 595 1770; x_wconf 82' lang='lat' dir='ltr'>intelligis3</span> 
     </span>
     <span class='ocr_line' id='line_1_21' title="bbox 63 1775 597 1842; baseline 0.006 -18"><span class='ocrx_word' id='word_1_104' title='bbox 63 1775 132 1825; x_wconf 85' lang='lat' dir='ltr'>scies</span> <span class='ocrx_word' id='word_1_105' title='bbox 159 1781 247 1826; x_wconf 83' lang='lat' dir='ltr'>autem</span> <span class='ocrx_word' id='word_1_106' title='bbox 270 1781 376 1842; x_wconf 84' lang='lat' dir='ltr'>postea,</span> <span class='ocrx_word' id='word_1_107' title='bbox 405 1786 469 1826; x_wconf 92' lang='lat' dir='ltr'>tunc</span> <span class='ocrx_word' id='word_1_108' title='bbox 497 1775 597 1827; x_wconf 89' lang='lat' dir='ltr'>scilicet</span> 
     </span>
     <span class='ocr_line' id='line_1_22' title="bbox 61 1846 597 1912; baseline 0.007 -17"><span class='ocrx_word' id='word_1_109' title='bbox 61 1846 172 1912; x_wconf 88' lang='lat' dir='ltr'>quando</span> <span class='ocrx_word' id='word_1_110' title='bbox 181 1847 314 1912; x_wconf 88' lang='lat' dir='ltr'>exposuit,</span> <span class='ocrx_word' id='word_1_111' title='bbox 329 1847 368 1897; x_wconf 91' lang='lat' dir='ltr'>eis</span> <span class='ocrx_word' id='word_1_112' title='bbox 383 1848 496 1899; x_wconf 88' lang='lat' dir='ltr'>dicens:</span> <span class='ocrx_word' id='word_1_113' title='bbox 512 1849 597 1900; x_wconf 85' lang='lat' dir='ltr'>Scitis</span> 
     </span>
     <span class='ocr_line' id='line_1_23' title="bbox 61 1919 596 1988; baseline 0.002 -17"><span class='ocrx_word' id='word_1_114' title='bbox 61 1920 128 1988; x_wconf 82' lang='lat' dir='ltr'>quid</span> <span class='ocrx_word' id='word_1_115' title='bbox 137 1919 253 1984; x_wconf 84' lang='lat' dir='ltr'>fecerim</span> <span class='ocrx_word' id='word_1_116' title='bbox 265 1920 349 1981; x_wconf 81' lang='lat' dir='ltr'>vobis,</span> <span class='ocrx_word' id='word_1_117' title='bbox 365 1931 425 1981; x_wconf 84' lang='lat' dir='ltr'>etc,</span> <span class='ocrx_word' id='word_1_118' title='bbox 436 1921 512 1972; x_wconf 86' lang='lat' dir='ltr'>aliter</span> <span class='ocrx_word' id='word_1_119' title='bbox 523 1922 596 1974; x_wconf 90' lang='lat' dir='ltr'>enim</span> 
     </span>
     <span class='ocr_line' id='line_1_24' title="bbox 61 1990 597 2057; baseline 0 -14"><span class='ocrx_word' id='word_1_120' title='bbox 61 2009 119 2043; x_wconf 88' lang='lat' dir='ltr'>non</span> <span class='ocrx_word' id='word_1_121' title='bbox 135 1992 225 2057; x_wconf 90' lang='lat' dir='ltr'>potuit</span> <span class='ocrx_word' id='word_1_122' title='bbox 245 1990 378 2056; x_wconf 84' lang='lat' dir='ltr'>superbiae</span> <span class='ocrx_word' id='word_1_123' title='bbox 396 2002 492 2043; x_wconf 83' lang='lat' dir='ltr'>nostrae</span> <span class='ocrx_word' id='word_1_124' title='bbox 505 2002 597 2043; x_wconf 87' lang='lat' dir='ltr'>tumor</span> 
     </span>
     <span class='ocr_line' id='line_1_25' title="bbox 34 2060 596 2127; baseline -0.002 -13"><span class='ocrx_word' id='word_1_125' title='bbox 34 2060 38 2069; x_wconf 89' lang='grc'><strong>“</strong></span> <span class='ocrx_word' id='word_1_126' title='bbox 61 2063 161 2124; x_wconf 88' lang='lat' dir='ltr'>curari,</span> <span class='ocrx_word' id='word_1_127' title='bbox 176 2061 230 2112; x_wconf 89' lang='lat' dir='ltr'>nisi</span> <span class='ocrx_word' id='word_1_128' title='bbox 250 2077 297 2127; x_wconf 92' lang='lat' dir='ltr'>per</span> <span class='ocrx_word' id='word_1_129' title='bbox 317 2063 463 2112; x_wconf 84' lang='lat' dir='ltr'>maximam</span> <span class='ocrx_word' id='word_1_130' title='bbox 482 2062 596 2114; x_wconf 91' lang='lat' dir='ltr'>humili-</span> 
     </span>
     <span class='ocr_line' id='line_1_26' title="bbox 64 2133 595 2198; baseline 0 -13"><span class='ocrx_word' id='word_1_131' title='bbox 64 2144 146 2185; x_wconf 81' lang='lat' dir='ltr'>tatem</span> <span class='ocrx_word' id='word_1_132' title='bbox 161 2133 350 2198; x_wconf 89' lang='lat' dir='ltr'>Redemptoris</span> <span class='ocrx_word' id='word_1_133' title='bbox 363 2133 458 2194; x_wconf 85' lang='lat' dir='ltr'>nostri,</span> <span class='ocrx_word' id='word_1_134' title='bbox 469 2144 495 2184; x_wconf 87' lang='lat' dir='ltr'>et</span> <span class='ocrx_word' id='word_1_135' title='bbox 506 2144 595 2186; x_wconf 88' lang='lat' dir='ltr'>tamen</span> 
     </span>
    </p>
   </div>
   <div class='ocr_carea' id='block_1_3' title="bbox 60 2205 597 2561">
    <p class='ocr_par' dir='ltr' id='par_1_3' title="bbox 60 2205 597 2561">
     <span class='ocr_line' id='line_1_27' title="bbox 63 2205 596 2274; baseline 0.002 -16"><span class='ocrx_word' id='word_1_136' title='bbox 63 2216 123 2274; x_wconf 91' lang='lat' dir='ltr'>post</span> <span class='ocrx_word' id='word_1_137' title='bbox 139 2216 227 2258; x_wconf 89' lang='lat' dir='ltr'>totum</span> <span class='ocrx_word' id='word_1_138' title='bbox 245 2205 316 2256; x_wconf 90' lang='lat' dir='ltr'>istud</span> <span class='ocrx_word' id='word_1_139' title='bbox 331 2207 419 2256; x_wconf 90' lang='lat' dir='ltr'>adhuc</span> <span class='ocrx_word' id='word_1_140' title='bbox 433 2222 494 2256; x_wconf 90' lang='lat' dir='ltr'>cum</span> <span class='ocrx_word' id='word_1_141' title='bbox 512 2208 596 2259; x_wconf 93' lang='lat' dir='ltr'>Luci-</span> 
     </span>
     <span class='ocr_line' id='line_1_28' title="bbox 62 2276 597 2343; baseline 0.002 -14"><span class='ocrx_word' id='word_1_142' title='bbox 62 2279 124 2335; x_wconf 55' lang='lat' dir='ltr'>fero,</span> <span class='ocrx_word' id='word_1_143' title='bbox 146 2276 308 2343; x_wconf 90' lang='lat' dir='ltr'>superbiunt</span> <span class='ocrx_word' id='word_1_144' title='bbox 337 2277 415 2327; x_wconf 92' lang='lat' dir='ltr'>multi</span> <span class='ocrx_word' id='word_1_145' title='bbox 444 2277 545 2339; x_wconf 90' lang='lat' dir='ltr'>vicarii,</span> <span class='ocrx_word' id='word_1_146' title='bbox 571 2288 597 2330; x_wconf 87' lang='lat' dir='ltr'>et</span> 
     </span>
     <span class='ocr_line' id='line_1_29' title="bbox 64 2347 596 2416; baseline 0 -15"><span class='ocrx_word' id='word_1_147' title='bbox 64 2364 230 2401; x_wconf 84' lang='lat' dir='ltr'>successores</span> <span class='ocrx_word' id='word_1_148' title='bbox 245 2347 364 2412; x_wconf 88' lang='lat' dir='ltr'>Christi;</span> <span class='ocrx_word' id='word_1_149' title='bbox 379 2349 432 2399; x_wconf 87' lang='lat' dir='ltr'>alio</span> <span class='ocrx_word' id='word_1_150' title='bbox 455 2350 537 2401; x_wconf 92' lang='lat' dir='ltr'>modo</span> <span class='ocrx_word' id='word_1_151' title='bbox 552 2366 596 2416; x_wconf 92' lang='lat' dir='ltr'>po-</span> 
     </span>
     <span class='ocr_line' id='line_1_30' title="bbox 60 2420 596 2486; baseline 0 -13"><span class='ocrx_word' id='word_1_152' title='bbox 60 2432 111 2473; x_wconf 89' lang='lat' dir='ltr'>test</span> <span class='ocrx_word' id='word_1_153' title='bbox 125 2420 251 2486; x_wconf 87' lang='lat' dir='ltr'>intelligi,</span> <span class='ocrx_word' id='word_1_154' title='bbox 266 2421 337 2486; x_wconf 82' lang='lat' dir='ltr'>quod</span> <span class='ocrx_word' id='word_1_155' title='bbox 348 2436 399 2486; x_wconf 84' lang='lat' dir='ltr'>ego</span> <span class='ocrx_word' id='word_1_156' title='bbox 408 2421 496 2485; x_wconf 87' lang='lat' dir='ltr'>facio,</span> <span class='ocrx_word' id='word_1_157' title='bbox 512 2429 541 2474; x_wconf 81' lang='lat' dir='ltr'>tu</span> <span class='ocrx_word' id='word_1_158' title='bbox 555 2436 596 2473; x_wconf 86' lang='lat' dir='ltr'>ne·</span> 
     </span>
     <span class='ocr_line' id='line_1_31' title="bbox 62 2495 595 2561; baseline -0.004 -14"><span class='ocrx_word' id='word_1_159' title='bbox 62 2496 115 2547; x_wconf 86' lang='lat' dir='ltr'>scis</span> <span class='ocrx_word' id='word_1_160' title='bbox 140 2495 229 2556; x_wconf 89' lang='lat' dir='ltr'>mod0,</span> <span class='ocrx_word' id='word_1_161' title='bbox 255 2495 283 2545; x_wconf 91' lang='lat' dir='ltr'>id</span> <span class='ocrx_word' id='word_1_162' title='bbox 307 2504 347 2544; x_wconf 89' lang='lat' dir='ltr'>est</span> <span class='ocrx_word' id='word_1_163' title='bbox 363 2495 415 2543; x_wconf 92' lang='lat' dir='ltr'>hoc</span> <span class='ocrx_word' id='word_1_164' title='bbox 436 2495 595 2561; x_wconf 88' lang='lat' dir='ltr'>mysterium</span> 
     </span>
    </p>
   </div>
   <div class='ocr_carea' id='block_1_4' title="bbox 55 2564 598 3989">
    <p class='ocr_par' dir='ltr' id='par_1_4' title="bbox 55 2564 598 3989">
     <span class='ocr_line' id='line_1_32' title="bbox 62 2564 597 2632; baseline -0.004 -13"><span class='ocrx_word' id='word_1_165' title='bbox 62 2578 101 2619; x_wconf 89' lang='lat' dir='ltr'>est</span> <span class='ocrx_word' id='word_1_166' title='bbox 113 2577 140 2619; x_wconf 84' lang='lat' dir='ltr'>et</span> <span class='ocrx_word' id='word_1_167' title='bbox 153 2576 295 2629; x_wconf 88' lang='lat' dir='ltr'>secretum,</span> <span class='ocrx_word' id='word_1_168' title='bbox 308 2576 333 2617; x_wconf 90' lang='lat' dir='ltr'>et</span> <span class='ocrx_word' id='word_1_169' title='bbox 346 2564 476 2632; x_wconf 83' lang='lat' dir='ltr'>significat</span> <span class='ocrx_word' id='word_1_170' title='bbox 489 2566 597 2617; x_wconf 88' lang='lat' dir='ltr'>interio-</span> 
     </span>
     <span class='ocr_line' id='line_1_33' title="bbox 61 2637 596 2704; baseline -0.004 -14"><span class='ocrx_word' id='word_1_171' title='bbox 61 2654 119 2690; x_wconf 90' lang='lat' dir='ltr'>rem</span> <span class='ocrx_word' id='word_1_172' title='bbox 134 2637 348 2698; x_wconf 89' lang='lat' dir='ltr'>mundationem,</span> <span class='ocrx_word' id='word_1_173' title='bbox 363 2653 423 2704; x_wconf 86' lang='lat' dir='ltr'>quae</span> <span class='ocrx_word' id='word_1_174' title='bbox 438 2652 492 2686; x_wconf 88' lang='lat' dir='ltr'>nou</span> <span class='ocrx_word' id='word_1_175' title='bbox 510 2645 596 2701; x_wconf 90' lang='lat' dir='ltr'>potest</span> 
     </span>
     <span class='ocr_line' id='line_1_34' title="bbox 64 2711 595 2778; baseline -0.006 -16"><span class='ocrx_word' id='word_1_176' title='bbox 64 2712 120 2763; x_wconf 88' lang='lat' dir='ltr'>fieri</span> <span class='ocrx_word' id='word_1_177' title='bbox 135 2711 189 2762; x_wconf 87' lang='lat' dir='ltr'>nisi</span> <span class='ocrx_word' id='word_1_178' title='bbox 206 2727 252 2777; x_wconf 90' lang='lat' dir='ltr'>per</span> <span class='ocrx_word' id='word_1_179' title='bbox 264 2727 316 2772; x_wconf 92' lang='lat' dir='ltr'>me,</span> <span class='ocrx_word' id='word_1_180' title='bbox 331 2713 404 2778; x_wconf 93' lang='lat' dir='ltr'>quod</span> <span class='ocrx_word' id='word_1_181' title='bbox 423 2728 477 2761; x_wconf 90' lang='lat' dir='ltr'>non</span> <span class='ocrx_word' id='word_1_182' title='bbox 494 2711 595 2762; x_wconf 90' lang='lat' dir='ltr'>intelli-</span> 
     </span>
     <span class='ocr_line' id='line_1_35' title="bbox 64 2783 596 2850; baseline -0.004 -16"><span class='ocrx_word' id='word_1_183' title='bbox 64 2783 105 2850; x_wconf 87' lang='lat' dir='ltr'>gis</span> <span class='ocrx_word' id='word_1_184' title='bbox 122 2783 215 2843; x_wconf 93' lang='lat' dir='ltr'>modo,</span> <span class='ocrx_word' id='word_1_185' title='bbox 227 2783 296 2832; x_wconf 86' lang='lat' dir='ltr'>scies</span> <span class='ocrx_word' id='word_1_186' title='bbox 311 2790 399 2834; x_wconf 87' lang='lat' dir='ltr'>autem</span> <span class='ocrx_word' id='word_1_187' title='bbox 411 2789 515 2848; x_wconf 86' lang='lat' dir='ltr'>postea,</span> <span class='ocrx_word' id='word_1_188' title='bbox 531 2793 596 2833; x_wconf 88' lang='lat' dir='ltr'>tunc</span> 
     </span>
     <span class='ocr_line' id='line_1_36' title="bbox 63 2852 596 2918; baseline -0.002 -14"><span class='ocrx_word' id='word_1_189' title='bbox 63 2853 166 2905; x_wconf 88' lang='lat' dir='ltr'>scilicet</span> <span class='ocrx_word' id='word_1_190' title='bbox 175 2869 237 2903; x_wconf 91' lang='lat' dir='ltr'>cum</span> <span class='ocrx_word' id='word_1_191' title='bbox 251 2852 383 2918; x_wconf 86' lang='lat' dir='ltr'>Spiritum</span> <span class='ocrx_word' id='word_1_192' title='bbox 394 2856 521 2905; x_wconf 88' lang='lat' dir='ltr'>Sanctum</span> <span class='ocrx_word' id='word_1_193' title='bbox 531 2853 596 2904; x_wconf 90' lang='lat' dir='ltr'>acci-</span> 
     </span>
     <span class='ocr_line' id='line_1_37' title="bbox 55 2924 594 2990; baseline 0 -15"><span class='ocrx_word' id='word_1_194' title='bbox 55 2925 127 2990; x_wconf 87' lang='lat' dir='ltr'>pies.</span> <span class='ocrx_word' id='word_1_195' title='bbox 145 2926 199 2975; x_wconf 88' lang='lat' dir='ltr'>Res</span> <span class='ocrx_word' id='word_1_196' title='bbox 212 2924 285 2974; x_wconf 92' lang='lat' dir='ltr'>enim</span> <span class='ocrx_word' id='word_1_197' title='bbox 300 2935 340 2974; x_wconf 89' lang='lat' dir='ltr'>est</span> <span class='ocrx_word' id='word_1_198' title='bbox 352 2926 549 2977; x_wconf 87' lang='lat' dir='ltr'>sacramentalis</span> <span class='ocrx_word' id='word_1_199' title='bbox 562 2927 594 2976; x_wconf 92' lang='lat' dir='ltr'>ad</span> 
     </span>
     <span class='ocr_line' id='line_1_38' title="bbox 63 2995 595 3057; baseline -0.002 -10"><span class='ocrx_word' id='word_1_200' title='bbox 63 2995 273 3047; x_wconf 89' lang='lat' dir='ltr'>instructionem</span> <span class='ocrx_word' id='word_1_201' title='bbox 295 2996 426 3057; x_wconf 74' lang='lat' dir='ltr'>Ecclesiae,</span> <span class='ocrx_word' id='word_1_202' title='bbox 443 3007 469 3046; x_wconf 91' lang='lat' dir='ltr'>et</span> <span class='ocrx_word' id='word_1_203' title='bbox 486 2997 531 3047; x_wconf 86' lang='lat' dir='ltr'>fiet</span> <span class='ocrx_word' id='word_1_204' title='bbox 545 2996 595 3048; x_wconf 92' lang='lat' dir='ltr'>tibi</span> 
     </span>
     <span class='ocr_line' id='line_1_39' title="bbox 61 3066 597 3133; baseline 0.006 -17"><span class='ocrx_word' id='word_1_205' title='bbox 61 3066 205 3117; x_wconf 84' lang='lat' dir='ltr'>manifesta</span> <span class='ocrx_word' id='word_1_206' title='bbox 231 3077 385 3133; x_wconf 91' lang='lat' dir='ltr'>opportuno</span> <span class='ocrx_word' id='word_1_207' title='bbox 411 3077 540 3133; x_wconf 90' lang='lat' dir='ltr'>tempore.</span> <span class='ocrx_word' id='word_1_208' title='bbox 563 3069 597 3119; x_wconf 89' lang='lat' dir='ltr'>Et</span> 
     </span>
     <span class='ocr_line' id='line_1_40' title="bbox 61 3136 596 3204; baseline 0.006 -17"><span class='ocrx_word' id='word_1_209' title='bbox 61 3136 90 3188; x_wconf 89' lang='lat' dir='ltr'>in</span> <span class='ocrx_word' id='word_1_210' title='bbox 112 3137 166 3188; x_wconf 90' lang='lat' dir='ltr'>hoc</span> <span class='ocrx_word' id='word_1_211' title='bbox 187 3137 317 3188; x_wconf 89' lang='lat' dir='ltr'>docemur</span> <span class='ocrx_word' id='word_1_212' title='bbox 333 3139 399 3189; x_wconf 91' lang='lat' dir='ltr'>bene</span> <span class='ocrx_word' id='word_1_213' title='bbox 421 3139 545 3204; x_wconf 89' lang='lat' dir='ltr'>judicare,</span> <span class='ocrx_word' id='word_1_214' title='bbox 570 3149 596 3190; x_wconf 91' lang='lat' dir='ltr'>et</span> 
     </span>
     <span class='ocr_line' id='line_1_41' title="bbox 61 3207 594 3274; baseline 0.004 -16"><span class='ocrx_word' id='word_1_215' title='bbox 61 3207 137 3274; x_wconf 92' lang='lat' dir='ltr'>loqui</span> <span class='ocrx_word' id='word_1_216' title='bbox 154 3207 188 3258; x_wconf 92' lang='lat' dir='ltr'>de</span> <span class='ocrx_word' id='word_1_217' title='bbox 204 3207 281 3258; x_wconf 89' lang='lat' dir='ltr'>factis</span> <span class='ocrx_word' id='word_1_218' title='bbox 296 3209 442 3274; x_wconf 89' lang='lat' dir='ltr'>superioris</span> <span class='ocrx_word' id='word_1_219' title='bbox 458 3210 530 3273; x_wconf 87' lang='lat' dir='ltr'>boni,</span> <span class='ocrx_word' id='word_1_220' title='bbox 543 3210 594 3260; x_wconf 93' lang='lat' dir='ltr'>nisi</span> 
     </span>
     <span class='ocr_line' id='line_1_42' title="bbox 61 3281 594 3347; baseline 0.008 -16"><span class='ocrx_word' id='word_1_221' title='bbox 61 3281 117 3331; x_wconf 87' lang='lat' dir='ltr'>Deo</span> <span class='ocrx_word' id='word_1_222' title='bbox 138 3281 308 3347; x_wconf 88' lang='lat' dir='ltr'>permittente</span> <span class='ocrx_word' id='word_1_223' title='bbox 330 3294 427 3333; x_wconf 89' lang='lat' dir='ltr'>erraret</span> <span class='ocrx_word' id='word_1_224' title='bbox 444 3283 594 3335; x_wconf 86' lang='lat' dir='ltr'>manifeste.</span> 
     </span>
     <span class='ocr_line' id='line_1_43' title="bbox 64 3355 596 3406; baseline 0.004 -2"><span class='ocrx_word' id='word_1_225' title='bbox 64 3355 159 3404; x_wconf 88' lang='lat' dir='ltr'>Petrus</span> <span class='ocrx_word' id='word_1_226' title='bbox 173 3365 263 3405; x_wconf 90' lang='lat' dir='ltr'>autem</span> <span class='ocrx_word' id='word_1_227' title='bbox 277 3355 309 3405; x_wconf 89' lang='lat' dir='ltr'>de</span> <span class='ocrx_word' id='word_1_228' title='bbox 324 3365 398 3406; x_wconf 91' lang='lat' dir='ltr'>tanta</span> <span class='ocrx_word' id='word_1_229' title='bbox 409 3355 471 3406; x_wconf 88' lang='lat' dir='ltr'>Filii</span> <span class='ocrx_word' id='word_1_230' title='bbox 487 3355 536 3406; x_wconf 91' lang='lat' dir='ltr'>Dei</span> <span class='ocrx_word' id='word_1_231' title='bbox 553 3356 596 3406; x_wconf 92' lang='lat' dir='ltr'>in-</span> 
     </span>
     <span class='ocr_line' id='line_1_44' title="bbox 63 3423 596 3492; baseline 0.006 -18"><span class='ocrx_word' id='word_1_232' title='bbox 63 3423 210 3474; x_wconf 79' lang='lat' dir='ltr'>clinatione</span> <span class='ocrx_word' id='word_1_233' title='bbox 227 3424 392 3489; x_wconf 91' lang='lat' dir='ltr'>perterritus,</span> <span class='ocrx_word' id='word_1_234' title='bbox 414 3437 440 3476; x_wconf 89' lang='lat' dir='ltr'>et</span> <span class='ocrx_word' id='word_1_235' title='bbox 459 3441 546 3492; x_wconf 90' lang='lat' dir='ltr'>usque</span> <span class='ocrx_word' id='word_1_236' title='bbox 564 3426 596 3477; x_wconf 91' lang='lat' dir='ltr'>ad</span> 
     </span>
     <span class='ocr_line' id='line_1_45' title="bbox 60 3494 596 3558; baseline 0.004 -15"><span class='ocrx_word' id='word_1_237' title='bbox 60 3507 126 3544; x_wconf 91' lang='lat' dir='ltr'>suos</span> <span class='ocrx_word' id='word_1_238' title='bbox 149 3494 230 3558; x_wconf 88' lang='lat' dir='ltr'>pedes</span> <span class='ocrx_word' id='word_1_239' title='bbox 250 3494 383 3545; x_wconf 90' lang='lat' dir='ltr'>humilem</span> <span class='ocrx_word' id='word_1_240' title='bbox 401 3495 538 3547; x_wconf 89' lang='lat' dir='ltr'>Christum</span> <span class='ocrx_word' id='word_1_241' title='bbox 551 3496 596 3547; x_wconf 92' lang='lat' dir='ltr'>vi-</span> 
     </span>
     <span class='ocr_line' id='line_1_46' title="bbox 60 3564 598 3626; baseline 0.004 -12"><span class='ocrx_word' id='word_1_242' title='bbox 60 3564 125 3616; x_wconf 91' lang='lat' dir='ltr'>dere</span> <span class='ocrx_word' id='word_1_243' title='bbox 140 3565 246 3626; x_wconf 88' lang='lat' dir='ltr'>nolens,</span> <span class='ocrx_word' id='word_1_244' title='bbox 257 3566 286 3615; x_wconf 92' lang='lat' dir='ltr'>in</span> <span class='ocrx_word' id='word_1_245' title='bbox 300 3567 391 3617; x_wconf 88' lang='lat' dir='ltr'>eadem</span> <span class='ocrx_word' id='word_1_246' title='bbox 402 3568 491 3618; x_wconf 92' lang='lat' dir='ltr'>adhuc</span> <span class='ocrx_word' id='word_1_247' title='bbox 504 3568 598 3619; x_wconf 93' lang='lat' dir='ltr'>volun-</span> 
     </span>
     <span class='ocr_line' id='line_1_47' title="bbox 63 3638 596 3704; baseline 0.004 -16"><span class='ocrx_word' id='word_1_248' title='bbox 63 3647 117 3688; x_wconf 87' lang='lat' dir='ltr'>tate</span> <span class='ocrx_word' id='word_1_249' title='bbox 129 3638 250 3704; x_wconf 87' lang='lat' dir='ltr'>persistit</span> <span class='ocrx_word' id='word_1_250' title='bbox 266 3656 272 3688; x_wconf 75' lang='grc' dir='ltr'><strong>ι</strong></span> <span class='ocrx_word' id='word_1_251' title='bbox 289 3655 342 3690; x_wconf 88' lang='lat' dir='ltr'>non</span> <span class='ocrx_word' id='word_1_252' title='bbox 359 3655 391 3690; x_wconf 92' lang='lat' dir='ltr'>ex</span> <span class='ocrx_word' id='word_1_253' title='bbox 405 3640 596 3701; x_wconf 86' lang='lat' dir='ltr'>obstinatione,</span> 
     </span>
     <span class='ocr_line' id='line_1_48' title="bbox 63 3707 598 3776; baseline 0.006 -18"><span class='ocrx_word' id='word_1_254' title='bbox 63 3707 111 3758; x_wconf 84' lang='lat' dir='ltr'>sed</span> <span class='ocrx_word' id='word_1_255' title='bbox 132 3723 165 3758; x_wconf 88' lang='lat' dir='ltr'>ex</span> <span class='ocrx_word' id='word_1_256' title='bbox 185 3708 349 3770; x_wconf 89' lang='lat' dir='ltr'>humillima,</span> <span class='ocrx_word' id='word_1_257' title='bbox 365 3725 446 3776; x_wconf 89' lang='lat' dir='ltr'>quam</span> <span class='ocrx_word' id='word_1_258' title='bbox 461 3710 494 3761; x_wconf 91' lang='lat' dir='ltr'>ad</span> <span class='ocrx_word' id='word_1_259' title='bbox 515 3710 598 3762; x_wconf 91' lang='lat' dir='ltr'>Chri-</span> 
     </span>
     <span class='ocr_line' id='line_1_49' title="bbox 63 3778 596 3841; baseline 0.002 -13"><span class='ocrx_word' id='word_1_260' title='bbox 63 3786 139 3828; x_wconf 85' lang='lat' dir='ltr'>stum</span> <span class='ocrx_word' id='word_1_261' title='bbox 163 3778 268 3840; x_wconf 88' lang='lat' dir='ltr'>habuit,</span> <span class='ocrx_word' id='word_1_262' title='bbox 292 3780 447 3841; x_wconf 89' lang='lat' dir='ltr'>reverentia,</span> <span class='ocrx_word' id='word_1_263' title='bbox 472 3780 565 3830; x_wconf 88' lang='lat' dir='ltr'>dicens</span> <span class='ocrx_word' id='word_1_264' title='bbox 589 3796 596 3829; x_wconf 92' lang='lat'>:</span> 
     </span>
     <span class='ocr_line' id='line_1_50' title="bbox 62 3848 596 3916; baseline 0.004 -17"><span class='ocrx_word' id='word_1_265' title='bbox 62 3849 128 3900; x_wconf 87' lang='lat' dir='ltr'>Non</span> <span class='ocrx_word' id='word_1_266' title='bbox 138 3848 243 3901; x_wconf 81' lang='lat' dir='ltr'>lavabis</span> <span class='ocrx_word' id='word_1_267' title='bbox 255 3851 319 3901; x_wconf 87' lang='lat' dir='ltr'>mihi</span> <span class='ocrx_word' id='word_1_268' title='bbox 326 3852 410 3916; x_wconf 86' lang='lat' dir='ltr'>pedes</span> <span class='ocrx_word' id='word_1_269' title='bbox 420 3852 446 3902; x_wconf 83' lang='lat' dir='ltr'>in</span> <span class='ocrx_word' id='word_1_270' title='bbox 458 3857 596 3914; x_wconf 74' lang='lat' dir='ltr'>aeternum,</span> 
     </span>
     <span class='ocr_line' id='line_1_51' title="bbox 63 3921 596 3989; baseline 0 -16"><span class='ocrx_word' id='word_1_271' title='bbox 63 3921 90 3973; x_wconf 94' lang='lat' dir='ltr'>id</span> <span class='ocrx_word' id='word_1_272' title='bbox 106 3931 149 3973; x_wconf 87' lang='lat' dir='ltr'>est</span> <span class='ocrx_word' id='word_1_273' title='bbox 163 3933 307 3989; x_wconf 88' lang='lat' dir='ltr'>nunquam</span> <span class='ocrx_word' id='word_1_274' title='bbox 319 3923 433 3987; x_wconf 81' lang='lat' dir='ltr'>lavabis,</span> <span class='ocrx_word' id='word_1_275' title='bbox 455 3938 596 3989; x_wconf 90' lang='lat' dir='ltr'>nunquam</span> 
     </span>
    </p>
   </div>
   <div class='ocr_carea' id='block_1_5' title="bbox 1134 301 1184 370">
    <p class='ocr_par' dir='ltr' id='par_1_5' title="bbox 1134 301 1184 370">
     <span class='ocr_line' id='line_1_52' title="bbox 1134 301 1184 370; baseline 0.04 -18"><span class='ocrx_word' id='word_1_276' title='bbox 1134 301 1184 370; x_wconf 80' lang='lat'>393</span> 
     </span>
    </p>
   </div>
   <div class='ocr_carea' id='block_1_6' title="bbox 654 411 1195 696">
    <p class='ocr_par' dir='ltr' id='par_1_6' title="bbox 654 411 1195 696">
     <span class='ocr_line' id='line_1_53' title="bbox 656 411 1186 478; baseline 0.017 -17"><span class='ocrx_word' id='word_1_277' title='bbox 656 411 707 462; x_wconf 88' lang='lat' dir='ltr'>hoc</span> <span class='ocrx_word' id='word_1_278' title='bbox 722 412 815 478; x_wconf 86' lang='lat' dir='ltr'>patiar.</span> <span class='ocrx_word' id='word_1_279' title='bbox 831 415 889 466; x_wconf 91' lang='lat' dir='ltr'>Hoc</span> <span class='ocrx_word' id='word_1_280' title='bbox 911 416 985 467; x_wconf 90' lang='lat' dir='ltr'>enim</span> <span class='ocrx_word' id='word_1_281' title='bbox 1006 419 1034 468; x_wconf 90' lang='lat' dir='ltr'>in</span> <span class='ocrx_word' id='word_1_282' title='bbox 1054 429 1186 470; x_wconf 85' lang='lat' dir='ltr'>aeternum</span> 
     </span>
     <span class='ocr_line' id='line_1_54' title="bbox 655 483 1186 554; baseline 0.013 -21"><span class='ocrx_word' id='word_1_283' title='bbox 655 499 710 534; x_wconf 92' lang='lat' dir='ltr'>non</span> <span class='ocrx_word' id='word_1_284' title='bbox 724 483 763 548; x_wconf 92' lang='lat' dir='ltr'>fit,</span> <span class='ocrx_word' id='word_1_285' title='bbox 786 487 859 551; x_wconf 90' lang='lat' dir='ltr'>quod</span> <span class='ocrx_word' id='word_1_286' title='bbox 881 502 1022 554; x_wconf 92' lang='lat' dir='ltr'>nunquam</span> <span class='ocrx_word' id='word_1_287' title='bbox 1048 488 1087 540; x_wconf 89' lang='lat' dir='ltr'>fit.</span> <span class='ocrx_word' id='word_1_288' title='bbox 1108 491 1146 540; x_wconf 89' lang='lat' dir='ltr'>Ac</span> <span class='ocrx_word' id='word_1_289' title='bbox 1163 489 1186 541; x_wconf 93' lang='lat' dir='ltr'>si</span> 
     </span>
     <span class='ocr_line' id='line_1_55' title="bbox 654 555 1195 625; baseline 0.015 -21"><span class='ocrx_word' id='word_1_290' title='bbox 654 555 753 607; x_wconf 90' lang='lat' dir='ltr'>diceret</span> <span class='ocrx_word' id='word_1_291' title='bbox 763 573 770 606; x_wconf 74' lang='grc' dir='ltr'>ι</span> <span class='ocrx_word' id='word_1_292' title='bbox 781 556 884 607; x_wconf 82' lang='lat' dir='ltr'>Absita</span> <span class='ocrx_word' id='word_1_293' title='bbox 898 573 941 609; x_wconf 93' lang='lat' dir='ltr'>me</span> <span class='ocrx_word' id='word_1_294' title='bbox 954 560 1027 625; x_wconf 93' lang='lat' dir='ltr'>quod</span> <span class='ocrx_word' id='word_1_295' title='bbox 1037 561 1195 619; x_wconf 86' lang='lat' dir='ltr'>sustineam¹</span> 
     </span>
     <span class='ocr_line' id='line_1_56' title="bbox 654 628 1187 696; baseline 0.017 -19"><span class='ocrx_word' id='word_1_296' title='bbox 654 628 706 678; x_wconf 90' lang='lat' dir='ltr'>hoc</span> <span class='ocrx_word' id='word_1_297' title='bbox 719 643 735 678; x_wconf 91' lang='lat' dir='ltr'>a</span> <span class='ocrx_word' id='word_1_298' title='bbox 749 629 886 696; x_wconf 88' lang='lat' dir='ltr'>Magistro,</span> <span class='ocrx_word' id='word_1_299' title='bbox 901 646 916 682; x_wconf 89' lang='lat' dir='ltr'>a</span> <span class='ocrx_word' id='word_1_300' title='bbox 929 632 1048 684; x_wconf 91' lang='lat' dir='ltr'>Domino</span> <span class='ocrx_word' id='word_1_301' title='bbox 1064 644 1090 685; x_wconf 87' lang='lat' dir='ltr'>et</span> <span class='ocrx_word' id='word_1_302' title='bbox 1103 649 1118 684; x_wconf 92' lang='lat' dir='ltr'>a</span> <span class='ocrx_word' id='word_1_303' title='bbox 1129 634 1187 687; x_wconf 88' lang='lat' dir='ltr'>Deo</span> 
     </span>
    </p>
   </div>
   <div class='ocr_carea' id='block_1_7' title="bbox 654 702 1299 765">
    <p class='ocr_par' dir='ltr' id='par_1_7' title="bbox 654 702 1299 765">
     <span class='ocr_line' id='line_1_57' title="bbox 654 702 1299 765; baseline 0.016 -14"><span class='ocrx_word' id='word_1_304' title='bbox 654 717 724 753; x_wconf 86' lang='lat' dir='ltr'>meo.</span> <span class='ocrx_word' id='word_1_305' title='bbox 741 702 815 754; x_wconf 90' lang='lat' dir='ltr'>Licet</span> <span class='ocrx_word' id='word_1_306' title='bbox 829 713 919 755; x_wconf 90' lang='lat' dir='ltr'>autem</span> <span class='ocrx_word' id='word_1_307' title='bbox 937 706 1030 756; x_wconf 91' lang='lat' dir='ltr'>Petrus</span> <span class='ocrx_word' id='word_1_308' title='bbox 1043 708 1115 758; x_wconf 91' lang='lat' dir='ltr'>bono</span> <span class='ocrx_word' id='word_1_309' title='bbox 1129 708 1187 760; x_wconf 89' lang='lat' dir='ltr'>zelo</span> <span class='ocrx_word' id='word_1_310' title='bbox 1248 760 1251 765; x_wconf 85' lang='grc'><em>,</em></span> <span class='ocrx_word' id='word_1_311' title='bbox 1296 748 1299 753; x_wconf 90' lang='grc'>-</span> 
     </span>
    </p>
   </div>
   <div class='ocr_carea' id='block_1_8' title="bbox 649 772 1190 2479">
    <p class='ocr_par' dir='ltr' id='par_1_8' title="bbox 649 772 1190 2479">
     <span class='ocr_line' id='line_1_58' title="bbox 654 772 1187 835; baseline 0.015 -13"><span class='ocrx_word' id='word_1_312' title='bbox 654 772 705 824; x_wconf 92' lang='lat' dir='ltr'>hoc</span> <span class='ocrx_word' id='word_1_313' title='bbox 720 772 825 835; x_wconf 87' lang='lat' dir='ltr'>faceret,</span> <span class='ocrx_word' id='word_1_314' title='bbox 837 784 926 826; x_wconf 89' lang='lat' dir='ltr'>tamen</span> <span class='ocrx_word' id='word_1_315' title='bbox 947 776 1090 829; x_wconf 90' lang='lat' dir='ltr'>indiscrete</span> <span class='ocrx_word' id='word_1_316' title='bbox 1104 778 1187 830; x_wconf 91' lang='lat' dir='ltr'>facie-</span> 
     </span>
     <span class='ocr_line' id='line_1_59' title="bbox 654 845 1187 915; baseline 0.013 -20"><span class='ocrx_word' id='word_1_317' title='bbox 654 845 711 910; x_wconf 89' lang='lat' dir='ltr'>bat;</span> <span class='ocrx_word' id='word_1_318' title='bbox 727 846 789 913; x_wconf 91' lang='lat' dir='ltr'>quia</span> <span class='ocrx_word' id='word_1_319' title='bbox 803 862 865 898; x_wconf 88' lang='lat' dir='ltr'>cum</span> <span class='ocrx_word' id='word_1_320' title='bbox 878 848 1005 898; x_wconf 89' lang='lat' dir='ltr'>Christus</span> <span class='ocrx_word' id='word_1_321' title='bbox 1020 866 1076 900; x_wconf 92' lang='lat' dir='ltr'>non</span> <span class='ocrx_word' id='word_1_322' title='bbox 1095 861 1187 915; x_wconf 87' lang='lat' dir='ltr'>posset</span> 
     </span>
     <span class='ocr_line' id='line_1_60' title="bbox 653 918 1187 983; baseline 0.009 -17"><span class='ocrx_word' id='word_1_323' title='bbox 653 930 754 977; x_wconf 83' lang='lat' dir='ltr'>errare,¹</span> <span class='ocrx_word' id='word_1_324' title='bbox 772 933 827 968; x_wconf 92' lang='lat' dir='ltr'>non</span> <span class='ocrx_word' id='word_1_325' title='bbox 849 918 962 968; x_wconf 82' lang='lat' dir='ltr'>debebat</span> <span class='ocrx_word' id='word_1_326' title='bbox 982 919 1114 970; x_wconf 86' lang='lat' dir='ltr'>voluntati</span> <span class='ocrx_word' id='word_1_327' title='bbox 1130 920 1187 983; x_wconf 82' lang='lat' dir='ltr'>ejus</span> 
     </span>
     <span class='ocr_line' id='line_1_61' title="bbox 652 985 1186 1051; baseline 0.011 -17"><span class='ocrx_word' id='word_1_328' title='bbox 652 985 745 1051; x_wconf 91' lang='lat' dir='ltr'>aliquo</span> <span class='ocrx_word' id='word_1_329' title='bbox 758 987 840 1037; x_wconf 92' lang='lat' dir='ltr'>modo</span> <span class='ocrx_word' id='word_1_330' title='bbox 853 987 983 1040; x_wconf 86' lang='lat' dir='ltr'>resistere.</span> <span class='ocrx_word' id='word_1_331' title='bbox 996 990 1028 1039; x_wconf 89' lang='lat' dir='ltr'>Et</span> <span class='ocrx_word' id='word_1_332' title='bbox 1043 989 1104 1039; x_wconf 90' lang='lat' dir='ltr'>ideo</span> <span class='ocrx_word' id='word_1_333' title='bbox 1116 1006 1186 1040; x_wconf 92' lang='lat' dir='ltr'>com·</span> 
     </span>
     <span class='ocr_line' id='line_1_62' title="bbox 651 1057 1185 1121; baseline 0.009 -13"><span class='ocrx_word' id='word_1_334' title='bbox 651 1057 770 1109; x_wconf 90' lang='lat' dir='ltr'>minatur</span> <span class='ocrx_word' id='word_1_335' title='bbox 781 1059 804 1109; x_wconf 93' lang='lat' dir='ltr'>ei</span> <span class='ocrx_word' id='word_1_336' title='bbox 818 1060 960 1121; x_wconf 90' lang='lat' dir='ltr'>Dominus,</span> <span class='ocrx_word' id='word_1_337' title='bbox 971 1062 1062 1112; x_wconf 90' lang='lat' dir='ltr'>dicens</span> <span class='ocrx_word' id='word_1_338' title='bbox 1074 1078 1081 1112; x_wconf 73' lang='grc' dir='ltr'>ι</span> <span class='ocrx_word' id='word_1_339' title='bbox 1092 1062 1125 1111; x_wconf 89' lang='lat' dir='ltr'>Si</span> <span class='ocrx_word' id='word_1_340' title='bbox 1134 1077 1185 1114; x_wconf 85' lang='lat' dir='ltr'>non</span> 
     </span>
     <span class='ocr_line' id='line_1_63' title="bbox 652 1129 1185 1197; baseline 0.009 -19"><span class='ocrx_word' id='word_1_341' title='bbox 652 1129 745 1180; x_wconf 86' lang='lat' dir='ltr'>lavero</span> <span class='ocrx_word' id='word_1_342' title='bbox 768 1136 800 1193; x_wconf 85' lang='lat' dir='ltr'>te,</span> <span class='ocrx_word' id='word_1_343' title='bbox 818 1130 845 1180; x_wconf 94' lang='lat' dir='ltr'>id</span> <span class='ocrx_word' id='word_1_344' title='bbox 871 1141 911 1182; x_wconf 90' lang='lat' dir='ltr'>est</span> <span class='ocrx_word' id='word_1_345' title='bbox 932 1132 1012 1197; x_wconf 91' lang='lat' dir='ltr'>pedes</span> <span class='ocrx_word' id='word_1_346' title='bbox 1036 1142 1108 1192; x_wconf 90' lang='lat' dir='ltr'>tuos,</span> <span class='ocrx_word' id='word_1_347' title='bbox 1133 1147 1185 1183; x_wconf 84' lang='lat' dir='ltr'>non</span> 
     </span>
     <span class='ocr_line' id='line_1_64' title="bbox 651 1197 1186 1267; baseline 0.009 -19"><span class='ocrx_word' id='word_1_348' title='bbox 651 1197 760 1250; x_wconf 84' lang='lat' dir='ltr'>habebis</span> <span class='ocrx_word' id='word_1_349' title='bbox 769 1208 877 1267; x_wconf 84' lang='lat' dir='ltr'>partem</span> <span class='ocrx_word' id='word_1_350' title='bbox 892 1217 1000 1265; x_wconf 85' lang='lat' dir='ltr'>mecum,</span> <span class='ocrx_word' id='word_1_351' title='bbox 1016 1201 1044 1251; x_wconf 94' lang='lat' dir='ltr'>in</span> <span class='ocrx_word' id='word_1_352' title='bbox 1068 1202 1186 1253; x_wconf 88' lang='lat' dir='ltr'>beatitu-</span> 
     </span>
     <span class='ocr_line' id='line_1_65' title="bbox 651 1269 1186 1340; baseline 0.009 -21"><span class='ocrx_word' id='word_1_353' title='bbox 651 1269 723 1321; x_wconf 92' lang='lat' dir='ltr'>dine.</span> <span class='ocrx_word' id='word_1_354' title='bbox 749 1271 811 1322; x_wconf 89' lang='lat' dir='ltr'>Sive</span> <span class='ocrx_word' id='word_1_355' title='bbox 832 1272 884 1323; x_wconf 91' lang='lat' dir='ltr'>hoc</span> <span class='ocrx_word' id='word_1_356' title='bbox 909 1273 1072 1340; x_wconf 87' lang='lat' dir='ltr'>intelligatur</span> <span class='ocrx_word' id='word_1_357' title='bbox 1093 1274 1126 1324; x_wconf 86' lang='lat' dir='ltr'>de</span> <span class='ocrx_word' id='word_1_358' title='bbox 1143 1274 1186 1324; x_wconf 91' lang='lat' dir='ltr'>lo·</span> 
     </span>
     <span class='ocr_line' id='line_1_66' title="bbox 651 1342 1185 1410; baseline 0.006 -19"><span class='ocrx_word' id='word_1_359' title='bbox 651 1342 726 1393; x_wconf 90' lang='lat' dir='ltr'>tione</span> <span class='ocrx_word' id='word_1_360' title='bbox 740 1343 852 1410; x_wconf 87' lang='lat' dir='ltr'>mystica</span> <span class='ocrx_word' id='word_1_361' title='bbox 867 1354 893 1396; x_wconf 91' lang='lat' dir='ltr'>et</span> <span class='ocrx_word' id='word_1_362' title='bbox 916 1345 1053 1396; x_wconf 92' lang='lat' dir='ltr'>interioris</span> <span class='ocrx_word' id='word_1_363' title='bbox 1073 1345 1185 1395; x_wconf 85' lang='lat' dir='ltr'>maculae</span> 
     </span>
     <span class='ocr_line' id='line_1_67' title="bbox 651 1415 1186 1485; baseline 0.011 -20"><span class='ocrx_word' id='word_1_364' title='bbox 651 1415 737 1482; x_wconf 84' lang='lat' dir='ltr'>ipsius</span> <span class='ocrx_word' id='word_1_365' title='bbox 751 1417 870 1478; x_wconf 88' lang='lat' dir='ltr'>affectus,</span> <span class='ocrx_word' id='word_1_366' title='bbox 882 1434 943 1484; x_wconf 87' lang='lat' dir='ltr'>quae</span> <span class='ocrx_word' id='word_1_367' title='bbox 958 1419 1022 1485; x_wconf 92' lang='lat' dir='ltr'>quia</span> <span class='ocrx_word' id='word_1_368' title='bbox 1038 1419 1186 1471; x_wconf 88' lang='lat' dir='ltr'>neccssaria</span> 
     </span>
     <span class='ocr_line' id='line_1_68' title="bbox 651 1489 1187 1554; baseline 0.007 -17"><span class='ocrx_word' id='word_1_369' title='bbox 651 1498 700 1548; x_wconf 92' lang='lat' dir='ltr'>est,</span> <span class='ocrx_word' id='word_1_370' title='bbox 715 1489 775 1539; x_wconf 91' lang='lat' dir='ltr'>ideo</span> <span class='ocrx_word' id='word_1_371' title='bbox 788 1489 956 1554; x_wconf 62' lang='lat' dir='ltr'>praecipitum</span> <span class='ocrx_word' id='word_1_372' title='bbox 975 1490 1031 1541; x_wconf 89' lang='lat' dir='ltr'>sive</span> <span class='ocrx_word' id='word_1_373' title='bbox 1042 1492 1076 1541; x_wconf 92' lang='lat' dir='ltr'>de</span> <span class='ocrx_word' id='word_1_374' title='bbox 1085 1490 1187 1542; x_wconf 90' lang='lat' dir='ltr'>lotione</span> 
     </span>
     <span class='ocr_line' id='line_1_69' title="bbox 654 1558 1188 1627; baseline 0.009 -20"><span class='ocrx_word' id='word_1_375' title='bbox 654 1558 787 1608; x_wconf 88' lang='lat' dir='ltr'>materiali</span> <span class='ocrx_word' id='word_1_376' title='bbox 803 1568 829 1609; x_wconf 88' lang='lat' dir='ltr'>et</span> <span class='ocrx_word' id='word_1_377' title='bbox 843 1560 972 1625; x_wconf 90' lang='lat' dir='ltr'>corporali</span> <span class='ocrx_word' id='word_1_378' title='bbox 988 1562 1087 1627; x_wconf 92' lang='lat' dir='ltr'>pedum</span> <span class='ocrx_word' id='word_1_379' title='bbox 1103 1561 1188 1627; x_wconf 86' lang='lat' dir='ltr'>ipsius</span> 
     </span>
     <span class='ocr_line' id='line_1_70' title="bbox 651 1631 1186 1697; baseline 0.009 -17"><span class='ocrx_word' id='word_1_380' title='bbox 651 1631 732 1692; x_wconf 88' lang='lat' dir='ltr'>Petri,</span> <span class='ocrx_word' id='word_1_381' title='bbox 754 1646 815 1697; x_wconf 87' lang='lat' dir='ltr'>quae</span> <span class='ocrx_word' id='word_1_382' title='bbox 830 1648 845 1682; x_wconf 91' lang='lat' dir='ltr'>e</span> <span class='ocrx_word' id='word_1_383' title='bbox 863 1648 991 1683; x_wconf 87' lang='lat' dir='ltr'>converso</span> <span class='ocrx_word' id='word_1_384' title='bbox 1007 1633 1068 1684; x_wconf 90' lang='lat' dir='ltr'>ideo</span> <span class='ocrx_word' id='word_1_385' title='bbox 1081 1643 1122 1684; x_wconf 89' lang='lat' dir='ltr'>est</span> <span class='ocrx_word' id='word_1_386' title='bbox 1136 1649 1186 1684; x_wconf 88' lang='lat' dir='ltr'>ne-</span> 
     </span>
     <span class='ocr_line' id='line_1_71' title="bbox 651 1703 1190 1771; baseline 0.006 -18"><span class='ocrx_word' id='word_1_387' title='bbox 651 1703 775 1764; x_wconf 90' lang='lat' dir='ltr'>cessaria,</span> <span class='ocrx_word' id='word_1_388' title='bbox 796 1704 861 1770; x_wconf 89' lang='lat' dir='ltr'>quia</span> <span class='ocrx_word' id='word_1_389' title='bbox 885 1704 1049 1770; x_wconf 80' lang='lat' dir='ltr'>praecipitur,</span> <span class='ocrx_word' id='word_1_390' title='bbox 1066 1721 1122 1755; x_wconf 88' lang='lat' dir='ltr'>non</span> <span class='ocrx_word' id='word_1_391' title='bbox 1138 1721 1190 1771; x_wconf 92' lang='lat' dir='ltr'>po·</span> 
     </span>
     <span class='ocr_line' id='line_1_72' title="bbox 650 1773 1184 1840; baseline 0.004 -17"><span class='ocrx_word' id='word_1_392' title='bbox 650 1773 703 1824; x_wconf 91' lang='lat' dir='ltr'>tuit</span> <span class='ocrx_word' id='word_1_393' title='bbox 730 1773 760 1823; x_wconf 92' lang='lat' dir='ltr'>in</span> <span class='ocrx_word' id='word_1_394' title='bbox 789 1774 897 1824; x_wconf 89' lang='lat' dir='ltr'>Petrum</span> <span class='ocrx_word' id='word_1_395' title='bbox 922 1774 1038 1840; x_wconf 87' lang='lat' dir='ltr'>amplius</span> <span class='ocrx_word' id='word_1_396' title='bbox 1062 1773 1184 1826; x_wconf 88' lang='lat' dir='ltr'>intonare</span> 
     </span>
     <span class='ocr_line' id='line_1_73' title="bbox 650 1847 1184 1913; baseline 0.002 -17"><span class='ocrx_word' id='word_1_397' title='bbox 650 1862 732 1912; x_wconf 92' lang='lat' dir='ltr'>quam</span> <span class='ocrx_word' id='word_1_398' title='bbox 751 1856 782 1897; x_wconf 91' lang='lat' dir='ltr'>ut</span> <span class='ocrx_word' id='word_1_399' title='bbox 810 1847 957 1897; x_wconf 89' lang='lat' dir='ltr'>minaretur</span> <span class='ocrx_word' id='word_1_400' title='bbox 980 1848 1124 1913; x_wconf 87' lang='lat' dir='ltr'>repulsam.</span> <span class='ocrx_word' id='word_1_401' title='bbox 1148 1847 1184 1898; x_wconf 92' lang='lat' dir='ltr'>Et</span> 
     </span>
     <span class='ocr_line' id='line_1_74' title="bbox 649 1918 1182 1978; baseline 0.002 -10"><span class='ocrx_word' id='word_1_402' title='bbox 649 1919 709 1968; x_wconf 89' lang='lat' dir='ltr'>ideo</span> <span class='ocrx_word' id='word_1_403' title='bbox 731 1919 833 1978; x_wconf 90' lang='lat' dir='ltr'>Petrus,</span> <span class='ocrx_word' id='word_1_404' title='bbox 859 1918 950 1969; x_wconf 89' lang='lat' dir='ltr'>audita</span> <span class='ocrx_word' id='word_1_405' title='bbox 969 1919 1182 1969; x_wconf 88' lang='lat' dir='ltr'>comminatione</span> 
     </span>
     <span class='ocr_line' id='line_1_75' title="bbox 651 1988 1184 2053; baseline 0.002 -13"><span class='ocrx_word' id='word_1_406' title='bbox 651 1988 771 2053; x_wconf 90' lang='lat' dir='ltr'>Christi,</span> <span class='ocrx_word' id='word_1_407' title='bbox 799 1989 831 2040; x_wconf 88' lang='lat' dir='ltr'>ad</span> <span class='ocrx_word' id='word_1_408' title='bbox 856 2000 938 2040; x_wconf 84' lang='lat' dir='ltr'>tantae</span> <span class='ocrx_word' id='word_1_409' title='bbox 963 1989 1184 2041; x_wconf 84' lang='lat' dir='ltr'>comminationis</span> 
     </span>
     <span class='ocr_line' id='line_1_76' title="bbox 651 2059 1185 2126; baseline 0.002 -16"><span class='ocrx_word' id='word_1_410' title='bbox 651 2059 798 2110; x_wconf 88' lang='lat' dir='ltr'>terrificum</span> <span class='ocrx_word' id='word_1_411' title='bbox 814 2061 927 2111; x_wconf 93' lang='lat' dir='ltr'>verbum</span> <span class='ocrx_word' id='word_1_412' title='bbox 944 2076 1131 2126; x_wconf 86' lang='lat' dir='ltr'>expavescens,</span> <span class='ocrx_word' id='word_1_413' title='bbox 1146 2075 1185 2111; x_wconf 90' lang='lat' dir='ltr'>sa·</span> 
     </span>
     <span class='ocr_line' id='line_1_77' title="bbox 649 2131 1183 2198; baseline 0.004 -16"><span class='ocrx_word' id='word_1_414' title='bbox 649 2131 753 2198; x_wconf 89' lang='lat' dir='ltr'>pienter</span> <span class='ocrx_word' id='word_1_415' title='bbox 768 2143 854 2183; x_wconf 90' lang='lat' dir='ltr'>mutat</span> <span class='ocrx_word' id='word_1_416' title='bbox 866 2133 1012 2184; x_wconf 91' lang='lat' dir='ltr'>consilium</span> <span class='ocrx_word' id='word_1_417' title='bbox 1027 2133 1056 2183; x_wconf 88' lang='lat' dir='ltr'>in</span> <span class='ocrx_word' id='word_1_418' title='bbox 1076 2132 1183 2196; x_wconf 90' lang='lat' dir='ltr'>melius,</span> 
     </span>
     <span class='ocr_line' id='line_1_78' title="bbox 649 2206 1184 2271; baseline 0.004 -16"><span class='ocrx_word' id='word_1_419' title='bbox 649 2206 763 2257; x_wconf 88' lang='lat' dir='ltr'>dicens:</span> <span class='ocrx_word' id='word_1_420' title='bbox 778 2207 901 2270; x_wconf 84' lang='lat' dir='ltr'>Domine,</span> <span class='ocrx_word' id='word_1_421' title='bbox 920 2221 971 2257; x_wconf 85' lang='lat' dir='ltr'>non</span> <span class='ocrx_word' id='word_1_422' title='bbox 987 2212 1087 2257; x_wconf 83' lang='lat' dir='ltr'>tantum</span> <span class='ocrx_word' id='word_1_423' title='bbox 1103 2207 1184 2271; x_wconf 83' lang='lat' dir='ltr'>pedes</span> 
     </span>
     <span class='ocr_line' id='line_1_79' title="bbox 649 2277 1182 2341; baseline 0.002 -15"><span class='ocrx_word' id='word_1_424' title='bbox 649 2291 730 2339; x_wconf 88' lang='lat' dir='ltr'>meos,</span> <span class='ocrx_word' id='word_1_425' title='bbox 746 2277 827 2327; x_wconf 88' lang='lat' dir='ltr'>idest</span> <span class='ocrx_word' id='word_1_426' title='bbox 842 2277 964 2341; x_wconf 73' lang='lat' dir='ltr'>affectus,</span> <span class='ocrx_word' id='word_1_427' title='bbox 980 2278 1065 2328; x_wconf 82' lang='lat' dir='ltr'>sedet</span> <span class='ocrx_word' id='word_1_428' title='bbox 1079 2291 1182 2341; x_wconf 85' lang='lat' dir='ltr'>manus,</span> 
     </span>
     <span class='ocr_line' id='line_1_80' title="bbox 649 2348 1184 2415; baseline 0.006 -17"><span class='ocrx_word' id='word_1_429' title='bbox 649 2348 677 2398; x_wconf 96' lang='lat' dir='ltr'>id</span> <span class='ocrx_word' id='word_1_430' title='bbox 695 2359 736 2399; x_wconf 90' lang='lat' dir='ltr'>est</span> <span class='ocrx_word' id='word_1_431' title='bbox 752 2364 846 2414; x_wconf 90' lang='lat' dir='ltr'>opera;</span> <span class='ocrx_word' id='word_1_432' title='bbox 863 2359 889 2400; x_wconf 88' lang='lat' dir='ltr'>ct</span> <span class='ocrx_word' id='word_1_433' title='bbox 909 2356 997 2415; x_wconf 83' lang='lat' dir='ltr'>caput,</span> <span class='ocrx_word' id='word_1_434' title='bbox 1014 2349 1040 2399; x_wconf 94' lang='lat' dir='ltr'>id</span> <span class='ocrx_word' id='word_1_435' title='bbox 1053 2359 1093 2399; x_wconf 90' lang='lat' dir='ltr'>est</span> <span class='ocrx_word' id='word_1_436' title='bbox 1106 2349 1184 2415; x_wconf 88' lang='lat' dir='ltr'>cogi·</span> 
     </span>
     <span class='ocr_line' id='line_1_81' title="bbox 650 2419 1184 2479; baseline 0 -11"><span class='ocrx_word' id='word_1_437' title='bbox 650 2419 765 2470; x_wconf 88' lang='lat' dir='ltr'>tationes</span> <span class='ocrx_word' id='word_1_438' title='bbox 777 2420 886 2477; x_wconf 87' lang='lat' dir='ltr'>mentis.</span> <span class='ocrx_word' id='word_1_439' title='bbox 901 2420 984 2479; x_wconf 88' lang='lat' dir='ltr'>Quasi</span> <span class='ocrx_word' id='word_1_440' title='bbox 995 2420 1093 2470; x_wconf 87' lang='lat' dir='ltr'>diceret</span> <span class='ocrx_word' id='word_1_441' title='bbox 1105 2436 1111 2468; x_wconf 92' lang='lat'><strong>:</strong></span> <span class='ocrx_word' id='word_1_442' title='bbox 1124 2421 1184 2468; x_wconf 94' lang='lat' dir='ltr'>Non</span> 
     </span>
    </p>
   </div>
   <div class='ocr_carea' id='block_1_9' title="bbox 650 2491 1292 2557">
    <p class='ocr_par' dir='ltr' id='par_1_9' title="bbox 650 2491 1292 2557">
     <span class='ocr_line' id='line_1_82' title="bbox 650 2491 1292 2557; baseline -0.003 -15"><span class='ocrx_word' id='word_1_443' title='bbox 650 2507 681 2542; x_wconf 90' lang='lat' dir='ltr'>ex</span> <span class='ocrx_word' id='word_1_444' title='bbox 696 2491 830 2556; x_wconf 89' lang='lat' dir='ltr'>protervia</span> <span class='ocrx_word' id='word_1_445' title='bbox 847 2492 974 2552; x_wconf 89' lang='lat' dir='ltr'>recusavi,</span> <span class='ocrx_word' id='word_1_446' title='bbox 985 2491 1031 2542; x_wconf 93' lang='lat' dir='ltr'>sed</span> <span class='ocrx_word' id='word_1_447' title='bbox 1046 2492 1111 2557; x_wconf 89' lang='lat' dir='ltr'>quia</span> <span class='ocrx_word' id='word_1_448' title='bbox 1125 2507 1185 2540; x_wconf 91' lang='lat' dir='ltr'>con·</span> <span class='ocrx_word' id='word_1_449' title='bbox 1273 2506 1292 2556; x_wconf 70' lang='lat'>,‘</span> 
     </span>
    </p>
   </div>
   <div class='ocr_carea' id='block_1_10' title="bbox 645 2563 1185 3991">
    <p class='ocr_par' dir='ltr' id='par_1_10' title="bbox 645 2563 1185 3991">
     <span class='ocr_line' id='line_1_83' title="bbox 650 2563 1184 2629; baseline 0 -15"><span class='ocrx_word' id='word_1_450' title='bbox 650 2564 763 2614; x_wconf 90' lang='lat' dir='ltr'>sideravi</span> <span class='ocrx_word' id='word_1_451' title='bbox 780 2575 921 2629; x_wconf 88' lang='lat' dir='ltr'>operatua</span> <span class='ocrx_word' id='word_1_452' title='bbox 938 2573 964 2614; x_wconf 93' lang='lat' dir='ltr'>et</span> <span class='ocrx_word' id='word_1_453' title='bbox 975 2564 1078 2629; x_wconf 87' lang='lat' dir='ltr'>expavi.</span> <span class='ocrx_word' id='word_1_454' title='bbox 1101 2563 1184 2614; x_wconf 89' lang='lat' dir='ltr'>Pedes</span> 
     </span>
     <span class='ocr_line' id='line_1_84' title="bbox 650 2635 1182 2702; baseline -0.002 -16"><span class='ocrx_word' id='word_1_455' title='bbox 650 2647 713 2686; x_wconf 91' lang='lat' dir='ltr'>sunt</span> <span class='ocrx_word' id='word_1_456' title='bbox 730 2651 791 2702; x_wconf 89' lang='lat' dir='ltr'>pars</span> <span class='ocrx_word' id='word_1_457' title='bbox 811 2635 931 2701; x_wconf 89' lang='lat' dir='ltr'>corporis</span> <span class='ocrx_word' id='word_1_458' title='bbox 947 2635 1066 2695; x_wconf 91' lang='lat' dir='ltr'>inferior,</span> <span class='ocrx_word' id='word_1_459' title='bbox 1084 2650 1182 2686; x_wconf 90' lang='lat' dir='ltr'>manus</span> 
     </span>
     <span class='ocr_line' id='line_1_85' title="bbox 650 2706 1183 2774; baseline -0.006 -15"><span class='ocrx_word' id='word_1_460' title='bbox 650 2709 747 2769; x_wconf 91' lang='lat' dir='ltr'>media,</span> <span class='ocrx_word' id='word_1_461' title='bbox 761 2718 841 2774; x_wconf 90' lang='lat' dir='ltr'>caput</span> <span class='ocrx_word' id='word_1_462' title='bbox 859 2707 996 2772; x_wconf 89' lang='lat' dir='ltr'>superior;</span> <span class='ocrx_word' id='word_1_463' title='bbox 1017 2716 1043 2757; x_wconf 88' lang='lat' dir='ltr'>et</span> <span class='ocrx_word' id='word_1_464' title='bbox 1058 2706 1119 2756; x_wconf 90' lang='lat' dir='ltr'>ideo</span> <span class='ocrx_word' id='word_1_465' title='bbox 1135 2721 1183 2772; x_wconf 88' lang='lat' dir='ltr'>per</span> 
     </span>
     <span class='ocr_line' id='line_1_86' title="bbox 651 2781 1184 2850; baseline -0.009 -15"><span class='ocrx_word' id='word_1_466' title='bbox 651 2783 854 2850; x_wconf 85' lang='lat' dir='ltr'>expressionem</span> <span class='ocrx_word' id='word_1_467' title='bbox 870 2781 982 2833; x_wconf 87' lang='lat' dir='ltr'>istarum</span> <span class='ocrx_word' id='word_1_468' title='bbox 996 2782 1124 2847; x_wconf 89' lang='lat' dir='ltr'>partium,</span> <span class='ocrx_word' id='word_1_469' title='bbox 1139 2781 1184 2831; x_wconf 87' lang='lat' dir='ltr'>in-</span> 
     </span>
     <span class='ocr_line' id='line_1_87' title="bbox 651 2851 1183 2922; baseline -0.002 -16"><span class='ocrx_word' id='word_1_470' title='bbox 651 2856 782 2922; x_wconf 85' lang='lat' dir='ltr'>telligitur</span> <span class='ocrx_word' id='word_1_471' title='bbox 800 2864 898 2921; x_wconf 33' lang='lat' dir='ltr'>,totum</span> <span class='ocrx_word' id='word_1_472' title='bbox 925 2870 1031 2920; x_wconf 90' lang='lat' dir='ltr'>corpus.</span> <span class='ocrx_word' id='word_1_473' title='bbox 1060 2851 1183 2905; x_wconf 84' lang='lat' dir='ltr'>Territus</span> 
     </span>
     <span class='ocr_line' id='line_1_88' title="bbox 650 2923 1184 2993; baseline -0.006 -17"><span class='ocrx_word' id='word_1_474' title='bbox 650 2928 746 2978; x_wconf 87' lang='lat' dir='ltr'>Petrus</span> <span class='ocrx_word' id='word_1_475' title='bbox 768 2928 801 2976; x_wconf 92' lang='lat' dir='ltr'>de</span> <span class='ocrx_word' id='word_1_476' title='bbox 823 2926 941 2993; x_wconf 91' lang='lat' dir='ltr'>periculo</span> <span class='ocrx_word' id='word_1_477' title='bbox 958 2923 1053 2975; x_wconf 86' lang='lat' dir='ltr'>salutis</span> <span class='ocrx_word' id='word_1_478' title='bbox 1074 2940 1105 2974; x_wconf 87' lang='lat' dir='ltr'>ex</span> <span class='ocrx_word' id='word_1_479' title='bbox 1125 2924 1184 2974; x_wconf 89' lang='lat' dir='ltr'>Do-</span> 
     </span>
     <span class='ocr_line' id='line_1_89' title="bbox 651 2995 1184 3065; baseline -0.002 -18"><span class='ocrx_word' id='word_1_480' title='bbox 651 2997 717 3047; x_wconf 92' lang='lat' dir='ltr'>mini</span> <span class='ocrx_word' id='word_1_481' title='bbox 747 2997 931 3062; x_wconf 90' lang='lat' dir='ltr'>responsione,</span> <span class='ocrx_word' id='word_1_482' title='bbox 959 3011 989 3045; x_wconf 91' lang='lat' dir='ltr'>ac</span> <span class='ocrx_word' id='word_1_483' title='bbox 1013 2995 1184 3065; x_wconf 85' lang='lat' dir='ltr'>perturbatus</span> 
     </span>
     <span class='ocr_line' id='line_1_90' title="bbox 650 3067 1185 3133; baseline -0.004 -15"><span class='ocrx_word' id='word_1_484' title='bbox 650 3084 742 3118; x_wconf 90' lang='lat' dir='ltr'>amore</span> <span class='ocrx_word' id='word_1_485' title='bbox 756 3079 782 3118; x_wconf 91' lang='lat' dir='ltr'>et</span> <span class='ocrx_word' id='word_1_486' title='bbox 795 3067 901 3128; x_wconf 89' lang='lat' dir='ltr'>timore,</span> <span class='ocrx_word' id='word_1_487' title='bbox 918 3068 979 3133; x_wconf 87' lang='lat' dir='ltr'>plus</span> <span class='ocrx_word' id='word_1_488' title='bbox 993 3068 1099 3133; x_wconf 87' lang='lat' dir='ltr'>expavit</span> <span class='ocrx_word' id='word_1_489' title='bbox 1109 3067 1185 3120; x_wconf 90' lang='lat' dir='ltr'>Chri-</span> 
     </span>
     <span class='ocr_line' id='line_1_91' title="bbox 651 3139 1183 3206; baseline -0.006 -15"><span class='ocrx_word' id='word_1_490' title='bbox 651 3150 722 3191; x_wconf 89' lang='lat' dir='ltr'>stum</span> <span class='ocrx_word' id='word_1_491' title='bbox 745 3141 797 3191; x_wconf 89' lang='lat' dir='ltr'>sibi</span> <span class='ocrx_word' id='word_1_492' title='bbox 818 3140 919 3206; x_wconf 87' lang='lat' dir='ltr'>negari,</span> <span class='ocrx_word' id='word_1_493' title='bbox 943 3156 1025 3206; x_wconf 90' lang='lat' dir='ltr'>quam</span> <span class='ocrx_word' id='word_1_494' title='bbox 1046 3156 1132 3205; x_wconf 90' lang='lat' dir='ltr'>usque</span> <span class='ocrx_word' id='word_1_495' title='bbox 1151 3139 1183 3188; x_wconf 92' lang='lat' dir='ltr'>ad</span> 
     </span>
     <span class='ocr_line' id='line_1_92' title="bbox 651 3210 1183 3277; baseline -0.009 -15"><span class='ocrx_word' id='word_1_496' title='bbox 651 3226 715 3263; x_wconf 90' lang='lat' dir='ltr'>suos</span> <span class='ocrx_word' id='word_1_497' title='bbox 732 3212 811 3277; x_wconf 90' lang='lat' dir='ltr'>pedes</span> <span class='ocrx_word' id='word_1_498' title='bbox 826 3210 965 3262; x_wconf 91' lang='lat' dir='ltr'>humiliari</span> <span class='ocrx_word' id='word_1_499' title='bbox 971 3227 978 3274; x_wconf 91' lang='lat'>;</span> <span class='ocrx_word' id='word_1_500' title='bbox 1003 3222 1028 3261; x_wconf 88' lang='lat' dir='ltr'>et</span> <span class='ocrx_word' id='word_1_501' title='bbox 1050 3226 1078 3260; x_wconf 92' lang='lat' dir='ltr'>se</span> <span class='ocrx_word' id='word_1_502' title='bbox 1096 3218 1183 3258; x_wconf 90' lang='lat' dir='ltr'>totum</span> 
     </span>
     <span class='ocr_line' id='line_1_93' title="bbox 652 3279 1182 3345; baseline -0.013 -11"><span class='ocrx_word' id='word_1_503' title='bbox 652 3285 729 3334; x_wconf 90' lang='lat' dir='ltr'>offert</span> <span class='ocrx_word' id='word_1_504' title='bbox 745 3284 922 3334; x_wconf 89' lang='lat' dir='ltr'>abluendum.</span> <span class='ocrx_word' id='word_1_505' title='bbox 947 3283 974 3334; x_wconf 89' lang='lat' dir='ltr'>Si</span> <span class='ocrx_word' id='word_1_506' title='bbox 999 3281 1059 3340; x_wconf 91' lang='lat' dir='ltr'>tibi,</span> <span class='ocrx_word' id='word_1_507' title='bbox 1083 3279 1182 3345; x_wconf 90' lang='lat' dir='ltr'>inquit,</span> 
     </span>
     <span class='ocr_line' id='line_1_94' title="bbox 651 3354 1182 3419; baseline -0.013 -13"><span class='ocrx_word' id='word_1_508' title='bbox 651 3357 744 3419; x_wconf 89' lang='lat' dir='ltr'>placet,</span> <span class='ocrx_word' id='word_1_509' title='bbox 773 3356 796 3406; x_wconf 92' lang='lat' dir='ltr'>si</span> <span class='ocrx_word' id='word_1_510' title='bbox 818 3356 895 3407; x_wconf 86' lang='lat' dir='ltr'>aliter</span> <span class='ocrx_word' id='word_1_511' title='bbox 923 3354 979 3405; x_wconf 90' lang='lat' dir='ltr'>fieri</span> <span class='ocrx_word' id='word_1_512' title='bbox 994 3368 1062 3406; x_wconf 64' lang='lat' dir='ltr'>,non</span> <span class='ocrx_word' id='word_1_513' title='bbox 1086 3359 1182 3416; x_wconf 90' lang='lat' dir='ltr'>potest,</span> 
     </span>
     <span class='ocr_line' id='line_1_95' title="bbox 650 3432 1183 3488; baseline -0.011 -8"><span class='ocrx_word' id='word_1_514' title='bbox 650 3445 743 3480; x_wconf 89' lang='lat' dir='ltr'>servus</span> <span class='ocrx_word' id='word_1_515' title='bbox 771 3439 835 3481; x_wconf 90' lang='lat' dir='ltr'>tuus</span> <span class='ocrx_word' id='word_1_516' title='bbox 862 3445 933 3488; x_wconf 89' lang='lat' dir='ltr'>sum,</span> <span class='ocrx_word' id='word_1_517' title='bbox 958 3436 1044 3476; x_wconf 89' lang='lat' dir='ltr'>totum</span> <span class='ocrx_word' id='word_1_518' title='bbox 1067 3439 1110 3474; x_wconf 94' lang='lat' dir='ltr'>me</span> <span class='ocrx_word' id='word_1_519' title='bbox 1129 3432 1183 3474; x_wconf 85' lang='lat' dir='ltr'>tuae</span> 
     </span>
     <span class='ocr_line' id='line_1_96' title="bbox 650 3494 1183 3564; baseline -0.013 -13"><span class='ocrx_word' id='word_1_520' title='bbox 650 3500 781 3551; x_wconf 90' lang='lat' dir='ltr'>voluntati</span> <span class='ocrx_word' id='word_1_521' title='bbox 813 3499 941 3564; x_wconf 88' lang='lat' dir='ltr'>subjicio;</span> <span class='ocrx_word' id='word_1_522' title='bbox 968 3507 994 3546; x_wconf 90' lang='lat' dir='ltr'>et</span> <span class='ocrx_word' id='word_1_523' title='bbox 1023 3510 1074 3546; x_wconf 88' lang='lat' dir='ltr'>non</span> <span class='ocrx_word' id='word_1_524' title='bbox 1101 3494 1183 3560; x_wconf 83' lang='lat' dir='ltr'>pedes</span> 
     </span>
     <span class='ocr_line' id='line_1_97' title="bbox 651 3564 1183 3632; baseline -0.015 -11"><span class='ocrx_word' id='word_1_525' title='bbox 651 3570 821 3632; x_wconf 81' lang='lat' dir='ltr'>tantum,sed</span> <span class='ocrx_word' id='word_1_526' title='bbox 843 3576 868 3619; x_wconf 83' lang='lat' dir='ltr'>ei</span> <span class='ocrx_word' id='word_1_527' title='bbox 888 3581 991 3628; x_wconf 86' lang='lat' dir='ltr'>manus,</span> <span class='ocrx_word' id='word_1_528' title='bbox 1005 3572 1032 3616; x_wconf 86' lang='lat' dir='ltr'>et</span> <span class='ocrx_word' id='word_1_529' title='bbox 1050 3571 1129 3630; x_wconf 84' lang='lat' dir='ltr'>caput</span> <span class='ocrx_word' id='word_1_530' title='bbox 1150 3564 1183 3614; x_wconf 88' lang='lat' dir='ltr'>ad</span> 
     </span>
     <span class='ocr_line' id='line_1_98' title="bbox 650 3636 1183 3702; baseline -0.011 -11"><span class='ocrx_word' id='word_1_531' title='bbox 650 3642 794 3691; x_wconf 90' lang='lat' dir='ltr'>lavandum</span> <span class='ocrx_word' id='word_1_532' title='bbox 809 3640 858 3690; x_wconf 93' lang='lat' dir='ltr'>tibi</span> <span class='ocrx_word' id='word_1_533' title='bbox 873 3639 970 3699; x_wconf 85' lang='lat' dir='ltr'>offero;</span> <span class='ocrx_word' id='word_1_534' title='bbox 986 3646 1012 3687; x_wconf 88' lang='lat' dir='ltr'>et</span> <span class='ocrx_word' id='word_1_535' title='bbox 1026 3636 1101 3702; x_wconf 91' lang='lat' dir='ltr'>prius</span> <span class='ocrx_word' id='word_1_536' title='bbox 1120 3650 1183 3686; x_wconf 91' lang='lat' dir='ltr'>sus-</span> 
     </span>
     <span class='ocr_line' id='line_1_99' title="bbox 650 3706 1184 3774; baseline -0.011 -13"><span class='ocrx_word' id='word_1_537' title='bbox 650 3712 764 3762; x_wconf 89' lang='lat' dir='ltr'>tinerem</span> <span class='ocrx_word' id='word_1_538' title='bbox 789 3725 804 3760; x_wconf 91' lang='lat' dir='ltr'>a</span> <span class='ocrx_word' id='word_1_539' title='bbox 823 3719 849 3760; x_wconf 92' lang='lat' dir='ltr'>te</span> <span class='ocrx_word' id='word_1_540' title='bbox 864 3724 911 3774; x_wconf 91' lang='lat' dir='ltr'>per</span> <span class='ocrx_word' id='word_1_541' title='bbox 925 3718 1012 3758; x_wconf 89' lang='lat' dir='ltr'>totum</span> <span class='ocrx_word' id='word_1_542' title='bbox 1030 3721 1128 3770; x_wconf 90' lang='lat' dir='ltr'>corpus</span> <span class='ocrx_word' id='word_1_543' title='bbox 1142 3706 1184 3755; x_wconf 90' lang='lat' dir='ltr'>la-</span> 
     </span>
     <span class='ocr_line' id='line_1_100' title="bbox 651 3774 1184 3847; baseline -0.011 -15"><span class='ocrx_word' id='word_1_544' title='bbox 651 3781 717 3842; x_wconf 90' lang='lat' dir='ltr'>vari,</span> <span class='ocrx_word' id='word_1_545' title='bbox 732 3795 814 3847; x_wconf 91' lang='lat' dir='ltr'>quam</span> <span class='ocrx_word' id='word_1_546' title='bbox 828 3796 843 3831; x_wconf 88' lang='lat' dir='ltr'>a</span> <span class='ocrx_word' id='word_1_547' title='bbox 855 3790 880 3830; x_wconf 89' lang='lat' dir='ltr'>te</span> <span class='ocrx_word' id='word_1_548' title='bbox 896 3777 1020 3845; x_wconf 89' lang='lat' dir='ltr'>separari.</span> <span class='ocrx_word' id='word_1_549' title='bbox 1036 3777 1097 3826; x_wconf 94' lang='lat' dir='ltr'>Non</span> <span class='ocrx_word' id='word_1_550' title='bbox 1114 3774 1184 3826; x_wconf 92' lang='lat' dir='ltr'>mihi</span> 
     </span>
     <span class='ocr_line' id='line_1_101' title="bbox 652 3852 1184 3919; baseline -0.011 -16"><span class='ocrx_word' id='word_1_551' title='bbox 652 3868 733 3919; x_wconf 87' lang='lat' dir='ltr'>neges</span> <span class='ocrx_word' id='word_1_552' title='bbox 760 3852 916 3919; x_wconf 86' lang='lat' dir='ltr'>capiendam</span> <span class='ocrx_word' id='word_1_553' title='bbox 942 3862 1031 3901; x_wconf 88' lang='lat' dir='ltr'>tecum</span> <span class='ocrx_word' id='word_1_554' title='bbox 1062 3856 1184 3915; x_wconf 88' lang='lat' dir='ltr'>partem,</span> 
     </span>
     <span class='ocr_line' id='line_1_102' title="bbox 645 3922 1177 3991; baseline -0.008 -15"><span class='ocrx_word' id='word_1_555' title='bbox 645 3942 708 3977; x_wconf 92' lang='lat' dir='ltr'>cum</span> <span class='ocrx_word' id='word_1_556' title='bbox 721 3927 824 3977; x_wconf 89' lang='lat' dir='ltr'>nullam</span> <span class='ocrx_word' id='word_1_557' title='bbox 840 3925 890 3976; x_wconf 93' lang='lat' dir='ltr'>tibi</span> <span class='ocrx_word' id='word_1_558' title='bbox 905 3939 1001 3991; x_wconf 86' lang='lat' dir='ltr'>negem</span> <span class='ocrx_word' id='word_1_559' title='bbox 1015 3922 1177 3974; x_wconf 91' lang='lat' dir='ltr'>abluendam</span> 
     </span>
    </p>
   </div>
   <div class='ocr_carea' id='block_1_11' title="bbox 0 0 1320 4320">
    <p class='ocr_par' dir='ltr' id='par_1_11' title="bbox 0 0 1320 4320">
     <span class='ocr_line' id='line_1_103' title="bbox 0 0 1320 4320; baseline 0 1"><span class='ocrx_word' id='word_1_560' title='bbox 0 0 1320 4320; x_wconf 95' lang='lat' dir='ltr'> </span> 
     </span>
    </p>
   </div>
  </div>
 </body>
</html>
