2632 4320
96 314 130 383 76
405 317 579 369 SECUNDAE
596 317 720 368 PARTlS
737 317 855 371 CAPUT
870 319 915 371 IX.

95 433 196 484 malum
209 448 258 498 pro
270 432 358 496 malo;
372 433 428 483 imo
443 433 552 486 reddere
563 450 625 487 con-

94 502 174 555 traria
199 503 349 568 injunctum
364 513 403 553 est
419 504 499 554 nobis
518 521 525 555 ι
543 505 627 557 bene-

94 573 154 624 ficia
168 583 195 624 et
209 573 352 624 orationes.
368 574 428 624 Non
444 584 484 626 est
496 574 563 641 quid
578 576 627 626 dif-

95 646 193 697 ficilius
221 660 302 711 quam
330 648 460 698 memoria
483 648 626 700 malorum.

95 717 159 767 Haec
173 716 254 782 igitur
268 716 381 768 scientes
394 716 583 779 humiliemur,
600 727 627 770 et

93 788 264 840 debitoribus
293 790 394 840 nostris
420 791 501 841 etiam
529 791 627 856 gratias

95 874 223 926 agamus,
239 857 307 911 fiunt
324 860 398 910 enim
413 860 500 920 nobis,
517 860 539 910 si
561 860 626 926 phi-

94 932 231 998 losophari
256 933 392 992 volumus,
416 933 541 984 maximae
570 949 625 984 non

95 1004 184 1064 solum
219 1003 416 1069 indulgentiae,
451 1003 626 1055 verumetiam

95 1072 225 1123 mercedis
248 1073 361 1124 occasio·
380 1074 468 1124 Pauca
490 1074 627 1139 siquidem

95 1144 199 1206 damus,
212 1144 327 1210 plurima
341 1145 482 1210 recepturi.
496 1145 567 1206 Quid
580 1145 628 1211 igi·

96 1227 140 1267 tur
154 1215 256 1282 expetis
270 1231 331 1265 cum
344 1216 482 1276 violentia,
497 1232 560 1266 cum
577 1216 626 1266 de-

96 1297 175 1348 ceret,
193 1296 219 1337 et
233 1286 255 1336 si
277 1286 322 1337 ille
339 1287 417 1337 vellet
430 1287 501 1351 dare,
522 1287 546 1337 ei
560 1303 628 1337 con-

96 1361 197 1420 cedere,
222 1369 252 1410 ut
275 1374 291 1409 a
314 1360 370 1410 Deo
391 1370 479 1411 totum
493 1360 627 1426 accipias?

95 1432 174 1482 Nunc
188 1441 278 1481 autem
302 1431 395 1481 omnia
408 1431 474 1482 facis
488 1441 513 1482 et
529 1431 626 1496 litigas,

96 1512 126 1552 ut
154 1502 224 1552 nihil
251 1502 299 1552 tibi
328 1501 482 1552 dimittatur
507 1512 626 1552 tuorum-

680 439 758 490 Sieut
789 436 943 502 exstinguit
962 436 1051 501 ignem
1069 449 1153 500 aqua,
1173 433 1210 485 sic

679 509 848 574 eleemosyna
868 512 1021 572 peccatum·
1039 514 1154 572 quartus
1173 515 1234 573 est¹

679 577 758 630 fletus
772 590 798 630 et
811 579 942 643 lacrymae,
957 576 1063 627 dicente
1074 576 1210 627 Domino:

681 650 750 711 Quia
766 649 847 716 flevit
863 649 891 700 in
909 654 1050 713 eorrspectu
1072 662 1139 711 meo,
1161 663 1211 699 non

679 720 802 772 inducam
815 721 887 771 mala
903 721 929 771 in
943 719 1034 770 diebus
1049 719 1124 782 suis,
1135 719 1213 786 quin·

679 801 723 841 tus
739 801 779 842 est
796 790 928 842 confessio
945 800 971 840 et
986 789 1151 854 poenitentia,
1163 805 1211 840 un·

679 863 712 912 de
738 861 878 912 Psalmista
902 877 909 911 2
939 859 1023 921 Dixi,
1050 860 1211 928 confitebor,

678 943 740 996 etc.;
765 943 856 984 sextus
879 941 919 983 est
944 931 1054 982 afflictio
1080 931 1212 997 corporis,

679 1004 751 1054 unde
762 1005 908 1069 Apostolus
922 1019 929 1053 ε
948 1002 1067 1053 Tradidi
1079 1003 1215 1069 hujusmo-

680 1077 708 1126 di
722 1076 852 1127 dominam
872 1076 898 1126 in
916 1075 1051 1127 interitum
1071 1076 1173 1141 carnis,
1187 1082 1214 1126 ut

679 1148 793 1214 spiritus
822 1147 914 1197 salvus
938 1147 989 1210 εἰη
1016 1146 1151 1212 septimus
1175 1156 1214 1198 est

679 1217 830 1269 emendatio
846 1233 964 1278 morum,
978 1217 1019 1267 vel
1037 1217 1215 1269 abrenuntia·

679 1289 717 1340 tio
740 1288 877 1348 vitiorum,
892 1289 964 1338 unde
985 1288 1013 1338 in
1039 1288 1214 1354 Evangelio:

679 1361 751 1412 Ecce
766 1374 848 1411 sanus
859 1360 955 1426 sactus
972 1375 1009 1423 es,
1018 1361 1080 1427 jam
1096 1361 1215 1427 amplius

680 1434 736 1485 noli
750 1448 878 1499 peccare,⁸
894 1443 1003 1484 octavus
1023 1443 1064 1483 est
1083 1433 1215 1484 interces-

680 1504 722 1555 sio
743 1505 911 1564 Sanctorum‚
927 1503 999 1553 unde
1016 1504 1131 1554 Jacobus
1146 1520 1153 1554 ε
1167 1502 1216 1554 In-

97 1573 276 1638 Quotcunque
301 1588 365 1638 ergo
386 1572 520 1624 debitores
544 1573 628 1623 habes
673 1574 805 1642 firmatur
821 1574 928 1640 aliqum,
945 1573 1055 1624 inducat
1066 1574 1215 1642 presbyte-

96 1656 122 1695 et
145 1645 320 1710 pecuniarum
341 1654 366 1695 et
380 1645 513 1707 laborum,
533 1660 628 1695 omnes

95 1715 202 1766 dimitte
218 1716 328 1778 liberos,
349 1726 375 1767 et
386 1717 473 1767 Deum
487 1726 579 1782 expete
591 1731 629 1766 re-

96 1797 303 1839 muneratorem.
343 1788 447 1838 Cuncta
488 1787 571 1853 igitur
603 1797 629 1836 et

95 1856 220 1921 pecunias
250 1868 275 1908 et
301 1868 425 1924 peccata,
461 1857 629 1908 debitoribus

100 1927 201 1977 nostris
213 1927 352 1988 debemus,
375 1937 405 1977 ut
419 1927 498 1977 nobis
512 1927 629 1977 retribu-

96 1998 135 2048 tio
155 2008 244 2064 optata
257 1999 405 2064 proveniat.
427 1997 559 2064 Quodque
580 2011 629 2048 ne-

98 2069 259 2137 glexerimus
274 2085 320 2135 per
335 2071 413 2120 aliam
428 2070 533 2134 explere
546 2068 630 2119 virtu·

96 2153 160 2204 tem,
203 2142 254 2192 hoc
278 2141 311 2192 de
339 2141 476 2192 oblivione
504 2141 629 2190 admissae

97 2216 125 2264 in
141 2230 191 2265 nos
202 2213 311 2264 malitia
323 2213 509 2279 adipiscentes,
524 2211 629 2262 aeternis

96 2294 232 2360 potiamur
254 2292 332 2342 bonis
352 2309 358 2342 :
382 2311 395 2339 n
415 2292 473 2343 haec
496 2293 630 2356 Chryses-

97 2370 191 2414 tomus.
221 2363 336 2418 Artende
361 2371 387 2412 et
416 2362 462 2412 hic
489 2362 627 2423 Senecam,

97 2432 144 2498 qui
169 2433 254 2483 dicit:
279 2451 292 2479 a
309 2431 338 2482 Si
355 2431 545 2498 magnanimus
569 2429 629 2480 fue-

97 2504 144 2565 ris,
172 2519 312 2571 nunquam
335 2503 465 2569 judicabis
486 2501 536 2553 tibi
563 2517 628 2551 cona

95 2577 236 2627 tumeliam
261 2574 327 2627 fieri.
350 2576 388 2626 De
407 2575 517 2624 inimico
535 2571 626 2623 dices:

98 2647 156 2696 Non
171 2647 261 2697 nocuit
275 2646 355 2707 mihi,
373 2646 419 2696 sed
436 2645 559 2695 animum
575 2660 627 2694 no-

97 2717 173 2766 cendi
188 2717 299 2781 habuit3
315 2728 341 2767 et
354 2731 416 2765 cum
429 2716 507 2766 illum
526 2715 555 2765 in
577 2731 628 2781 po-

96 2795 189 2836 testate
202 2796 248 2836 tua
261 2785 368 2846 videris,
389 2785 534 2835 vindictam
549 2794 629 2849 puta-

98 2858 140 2909 bis
157 2858 291 2908 vindicare
311 2857 440 2924 potuisse.
459 2855 531 2906 Scito
555 2854 628 2905 enim

97 2929 242 2978 honestum
256 2938 282 2979 et
295 2944 424 2994 magnum
434 2926 557 2977 vindictae
571 2940 629 2977 esse

98 3015 196 3065 genus,
223 2999 369 3065 ignoscere.
395 3019 409 3047 n
435 2999 470 3050 Et
500 2997 598 3049 iterum
620 3013 627 3047 ι

98 3091 111 3118 a
137 3071 298 3137 Iniuriarum
320 3071 469 3122 remedium
493 3080 532 3121 est
555 3069 629 3120 obli-

97 3144 142 3195 vio
155 3161 162 3194 ι
177 3163 191 3192 »
209 3145 265 3194 haec
280 3145 391 3195 Seneca.

128 3216 144 3268 8
174 3217 313 3267 Duouacrn
349 3231 413 3265 raoni
450 3230 628 3264 nunrssronuu

97 3302 299 3339 auunanarvrun.
315 3315 345 3324 -
360 3287 393 3336 Et
408 3295 471 3336 nota
486 3286 540 3345 hic,
555 3285 628 3350 quod

98 3359 246 3409 secundum
272 3372 416 3407 numerum
443 3355 541 3421 gradus
561 3370 628 3420 apo-

98 3429 184 3479 stolici
206 3428 378 3489 duodenum,
402 3437 466 3477 sunt
486 3425 628 3476 duodecim

98 3500 170 3550 modi
201 3499 393 3550 remissionum
420 3513 428 3548 z
455 3498 559 3562 primus
588 3505 629 3545 est

98 3570 266 3641 Baptismus,
293 3571 365 3620 unde
394 3568 423 3618 in
451 3564 597 3632 Evangelio
621 3582 627 3616 :

98 3642 163 3694 Nisi
182 3645 242 3708 quis
260 3651 370 3695 renatus
384 3643 482 3710 suerit,
503 3652 562 3703 etc.;
584 3655 628 3691 se-

97 3714 201 3764 cundus
222 3724 261 3766 est
283 3715 387 3774 caritas,
405 3714 476 3764 unde
498 3712 579 3762 etiam
600 3710 627 3760 in

97 3785 242 3850 Evangelio
260 3803 267 3836 ε
284 3787 465 3838 Remittuntur
479 3784 505 3835 ei
513 3788 627 3850 peccata

97 3857 189 3921 inulta,
208 3867 266 3922 etc.;
284 3859 377 3910 tertius
397 3867 437 3908 est
458 3856 628 3922 eleemosyna

96 3939 122 3981 et
146 3928 262 3980 caritatis
284 3945 377 3996 opera,
394 3929 466 3980 unde
483 3928 596 3995 Sapiens
619 3944 626 3977 ι

680 1659 735 1709 ros,
750 1655 810 1707 etc.;
822 1660 911 1694 nonus
929 1654 969 1694 est
987 1643 1178 1695 misericordias
1189 1654 1216 1695 et

680 1714 742 1766 fidei
757 1714 893 1775 meritum,
911 1715 981 1764 unde
1002 1714 1032 1763 in
1046 1713 1215 1780 Evangelio:

681 1787 762 1838 Beati
780 1786 976 1847 misericordes,
1000 1787 1135 1852 quoniam,
1154 1795 1214 1849 etc.;

680 1856 801 1908 decimus
830 1866 870 1907 est
908 1855 1048 1917 conversio
1084 1866 1110 1905 et
1143 1857 1216 1906 salus

681 1929 877 1995 proximorum,
897 1929 969 1978 unde
993 1928 1137 1978 lacobus:
1163 1928 1216 1990 Qui

680 2001 799 2052 conuerti
822 1999 924 2065 fecerit
943 2006 1128 2066 peccatorem,
1154 2009 1216 2063 etc.;

681 2073 841 2123 undecimus
861 2081 902 2122 est
926 2083 1020 2123 mutua
1041 2072 1168 2123 remissio
1190 2080 1216 2123 et

681 2142 858 2213 indulgentia,
886 2143 958 2193 unde
982 2143 1010 2193 in
1036 2141 1184 2208 Evangelio
1205 2158 1215 2195 t

681 2212 823 2276 Daninite,
839 2219 866 2264 et
879 2212 1057 2276 dimittemini,
1073 2212 1147 2262 utin
1163 2212 1215 2263 hoc

681 2282 739 2332 loco
779 2282 927 2348 praesenti;
958 2282 1137 2332 duodecimus
1176 2290 1216 2333 est

682 2353 771 2420 passio
797 2353 919 2420 martyrii
939 2369 987 2419 pro
1009 2352 1060 2403 lide
1082 2351 1214 2412 Ecclesioe,

682 2423 752 2474 unde
775 2423 871 2473 latroni
896 2421 1037 2488 poenitenti
1052 2437 1082 2472 ac
1103 2420 1215 2488 patienti

681 2493 933 2546 dicituraDomino
950 2511 956 2545 :
972 2497 1056 2546 Amen
1072 2494 1132 2545 dico
1147 2494 1214 2545 riti:

680 2570 771 2621 Hodie
784 2584 882 2621 mecum
898 2569 991 2619 crisin
1009 2567 1154 2633 paradiso.

712 2657 729 2709 9
743 2641 802 2690 Nou
817 2655 967 2691 uasrennnu
983 2653 1116 2689 uocauun.
1130 2665 1161 2675 -
1175 2635 1216 2688 Ex

680 2713 732 2763 hoc
757 2712 837 2762 etiarn
866 2712 934 2774 loco,
956 2721 982 2760 et
1006 2710 1131 2776 pluribus
1156 2708 1217 2760 aliis

681 2783 821 2848 Evangelii
843 2782 922 2842 locis,
943 2780 1062 2832 salubria
1084 2780 1216 2830 habemus

681 2855 798 2906 remedia
821 2865 911 2906 contra
931 2854 1034 2905 malum
1048 2852 1216 2919 desperatio-

682 2926 740 2989 nis,
762 2935 788 2975 et
808 2924 868 2975 ideo
888 2941 943 2975 non
963 2925 1085 2990 desperet
1108 2923 1217 2989 aliquis,

682 3012 744 3047 cum
766 2996 868 3046 multos
891 2996 1039 3046 habeamus
1056 3006 1151 3060 portus
1176 3009 1217 3045 sa·

682 3067 755 3118 lutis.
782 3065 809 3116 Si
834 3057 1079 3131 enim'desperasti
1107 3074 1217 3131 propter

681 3139 780 3205 peccati
801 3137 1033 3206 magnitudinem,
1058 3136 1142 3203 habes
1167 3136 1217 3186 Pe-

681 3223 752 3267 trum
773 3211 821 3279 qui
844 3211 951 3278 negavit
970 3209 1061 3271 fidem,
1082 3210 1155 3275 quod
1176 3219 1217 3261 est

681 3283 831 3333 maximum
843 3292 990 3348 peccatum,
1002 3291 1028 3331 et
1040 3291 1131 3330 tamen
1143 3279 1217 3330 Deus

682 3355 798 3421 respexit
812 3370 884 3405 eum.
897 3353 925 3404 Si
939 3352 1094 3418 desperasti,
1108 3362 1217 3419 propter

682 3428 779 3493 peccati
804 3426 1024 3485 multitudinem,
1047 3425 1134 3475 habes
1159 3425 1217 3474 Ma-

680 3498 748 3550 riam
763 3498 957 3563 Magdalenam,
971 3511 1030 3561 quae
1047 3505 1151 3561 septem
1166 3494 1217 3545 ha·

681 3569 760 3620 bebat
788 3568 940 3629 daemonia,
967 3567 994 3617 id
1023 3577 1064 3616 est
1091 3565 1217 3617 universa

681 3650 795 3706 peccata,
809 3650 835 3689 et
846 3650 936 3689 tamen
949 3639 982 3688 de
995 3653 1024 3688 ea
1036 3636 1139 3686 dictum
1153 3646 1195 3689 est
1208 3651 1217 3689 ι

682 3710 865 3762 Remittuntur
889 3710 913 3760 ei
933 3715 1046 3775 peccata
1071 3708 1166 3759 multa.
1190 3705 1217 3759 Si

682 3781 826 3848 desperasti
849 3791 958 3847 propter
980 3779 1078 3846 peccati
1097 3779 1218 3845 turpitu-

681 3853 783 3913 dinem,
799 3853 882 3903 habes
896 3851 1039 3902 mulierem
1060 3850 1088 3900 in
1109 3851 1216 3903 adulte·

683 3926 724 3976 rio
745 3924 950 3990 deprehensam,
964 3922 1008 3973 cui
1026 3922 1131 3972 dicrum
1152 3931 1216 3975 est:
