2632 4320
364 288 412 338 DE
427 290 787 346 TRANSFlGURATlUNE
803 297 939 351 DOMINI.
1175 303 1210 354 23

104 399 197 450 oblitus
217 415 333 465 regnum
348 402 397 453 Dei
412 420 469 455 non
484 420 542 456 esse
555 407 624 456 San-

104 469 146 521 ct's
158 470 324 536 promissum
339 473 366 524 in
380 484 458 537 terra,
473 477 520 527 sed
532 477 558 526 in
569 494 625 530 coe-

103 541 136 606 lo;
161 553 222 593 turn
246 544 310 610 quia
336 545 364 595 in
386 548 480 614 gloria,
506 551 625 602 taberna-

102 613 151 664 cula
162 613 314 666 manufacta
329 618 476 670 necessaria
492 622 624 686 credebat,

101 683 222 750 ignoraus
238 688 351 738 domum
374 691 552 743 manufactam
569 710 624 745 non

102 773 152 810 esse
188 763 364 815 necessariam
396 765 425 816 iu
453 766 499 817 illo
535 771 625 819 seculo

103 827 198 895 iuturo;
224 842 285 884 tum
317 836 380 902 quia
414 853 443 889 se
470 850 496 890 et
524 855 626 905 coapo-

103 902 176 954 stolos
201 904 292 956 adbuc
327 922 406 959 carne
433 910 539 960 mortali
573 910 625 966 cire

104 975 235 1025 cumdatos
259 991 319 1027 esse
341 994 396 1029 non
413 981 575 1042 advertebat,
600 992 627 1032 et

101 1044 196 1113 absque
227 1059 310 1114 gustu
340 1052 436 1103 mortis
466 1053 627 1106 immortalis

102 1118 154 1169 nae
174 1130 277 1172 statum
305 1123 396 1174 subire
418 1126 538 1190 volebat;
567 1137 626 1178 tum

101 1192 174 1243 etiam
194 1194 260 1261 quia
288 1211 366 1248 suam
392 1208 418 1249 et
440 1201 626 1264 proximorum

101 1264 206 1315 alutem
228 1282 286 1316 non
300 1269 459 1320 attendebat.
474 1271 552 1322 Unde
565 1275 625 1323 Au-

100 1337 268 1402 pastinare«
284 1339 356 1399 Quid
371 1342 447 1406 dicis,
468 1354 559 1394 sancte
576 1345 627 1395 Pe·

101 1407 153 1458 tre?
173 1410 294 1460 Mundus
309 1413 386 1476 perit,
400 1423 427 1464 et
449 1423 479 1464 tu
495 1426 627 1466 secretum

101 1478 207 1543 araris!
227 1480 312 1532 Vides
324 1493 364 1533 tot
386 1494 478 1550 gentes
499 1485 526 1535 in
540 1502 626 1536 unum

46 1554 48 1593 :
101 1550 248 1612 murenire,
277 1564 304 1604 et
328 1565 356 1604 tu
378 1555 498 1622 quietem
516 1558 625 1624 diligis!

46 1662 48 1675 ,
101 1618 177 1671 anes
188 1624 315 1674 tenebras
328 1627 434 1690 mundi,
454 1638 481 1678 et
493 1637 523 1678 tu
533 1630 632 1686 lumen,

101 1693 251 1748 abscondis!
275 1698 362 1750 Nemo
387 1701 484 1768 quippe
506 1705 629 1754 accendit

46 1776 48 1787 ·
102 1762 241 1831 lacerum,
260 1775 287 1819 et
295 1771 374 1836 ponit
386 1786 446 1822 eam
467 1775 626 1838 submodio,

103 1843 147 1887 etc.
160 1855 175 1885 r
189 1839 267 1890 Unde
293 1851 320 1890 et
343 1843 462 1894 Joanues
476 1845 627 1896 Damasce-

103 1921 166 1961 sas:
175 1927 187 1956 a
195 1911 259 1962 Non
273 1923 316 1963 est
328 1913 389 1974 tibi,
400 1915 499 1981 inquit,
513 1917 627 1978 bonum,

101 1977 181 2040 Petre,
194 1983 270 2048 quod
294 1983 420 2036 Christus
441 1985 480 2036 ibi
500 1997 628 2048 moretur,

99 2051 227 2117 quoniam
249 2054 274 2104 si
298 2053 336 2105 ibi
354 2057 507 2116 mansisset,
525 2074 630 2124 nequa-

98 2137 177 2188 quam
190 2124 242 2175 tibi
255 2124 323 2176 facta
331 2128 475 2194 promissio
485 2145 629 2196 conseque·

97 2204 168 2246 παπ
181 2194 317 2248 effectum.
342 2199 443 2265 Neque·
453 2201 525 2250 enim
542 2203 629 2254 claves

97 2265 264 2318 obtinuisses
289 2270 376 2335 regni,
402 2287 452 2322 nec
465 2272 563 2323 mortis
584 2283 630 2340 ty-

97 2338 189 2390 tannis
204 2340 306 2391 abolita
319 2353 399 2394 esset.
424 2363 439 2391 u
464 2346 505 2404 Et,
521 2354 551 2394 ut
566 2345 632 2397 dicit

97 2408 310 2479 chysostomus
322 2431 354 2464 :a
365 2414 436 2474 Quia
445 2415 550 2466 audivit
557 2417 630 2482 quod

97 2493 203 2547 oportet
226 2499 288 2534 eum
317 2487 512 2554 lerosolymam
538 2489 579 2540 ire
605 2499 631 2539 et

98 2555 182 2606 mlta
197 2557 263 2623 pati,
280 2559 368 2609 adhuc
388 2560 466 2611 timet
488 2576 535 2626 pro
548 2561 630 2612 Chri-

97 2635 152 2690 sto;
183 2629 232 2679 sed
256 2639 318 2694 post
344 2629 557 2697 increpationem
575 2648 630 2683 non

94 2699 173 2748 audet
188 2710 280 2765 aper-te
296 2701 384 2752 dicere
410 2718 517 2763 rursus,
533 2703 629 2769 propi-

95 2771 151 2822 tius
164 2782 224 2822 esto
240 2771 300 2832 tibi,
315 2773 363 2824 sed
377 2773 450 2824 idem
463 2776 569 2826 occulte
583 2791 630 2841 per

97 2842 148 2893 alia
161 2843 249 2910 signa
264 2843 393 2896 insinuat.
415 2846 486 2906 Quia
499 2847 571 2898 enim
586 2846 630 2897 vi-

97 2915 177 2966 debat
192 2916 306 2966 multam
316 2917 437 2982 quietem
455 2928 482 2968 et
503 2919 631 2969 solitudi-

99 3000 178 3046 ηοω,
204 2985 330 3052 cogitarit
356 2987 559 3038 convenientem
592 2987 630 3037 ibi

98 3071 156 3108 esse
171 3056 316 3107 sennonem
331 3073 364 3107 cx
380 3057 431 3107 loci
442 3057 631 3123 dispositione,

97 3130 171 3196 quod
185 3128 331 3196 significat,
345 3130 438 3181 dicens
453 3147 461 3181 z
477 3132 580 3182 &num
591 3137 632 3180 est

98 3214 148 3252 sos
162 3199 208 3251 liic
235 3214 305 3251 erse.
328 3200 395 3251 Vult
422 3201 502 3251 etiam
526 3217 632 3267 semper

96 3273 144 3324 bic
156 3289 230 3336 esse3
243 3273 305 3324 ideo
319 3275 552 3325 tabernaculorum
574 3291 632 3325 me-

96 3344 189 3404 minit,
204 3345 298 3395 dicens
314 3362 321 3394 :
337 3345 370 3396 Si
386 3345 575 3411 visfaciamus
589 3345 631 3396 hic

99 3415 154 3465 tria
180 3416 364 3467 minearum.
393 3415 529 3482 Cogitavit
558 3416 631 3467 enim

98 3486 172 3552 qnod
195 3486 218 3536 si
241 3487 293 3537 boc
307 3487 392 3546 fieret,
411 3503 466 3537 non
478 3488 633 3537 ascenderet

99 3557 305 3624 lerosolymam,
326 3569 351 3609 et
372 3557 395 3608 si
416 3574 470 3608 non
481 3559 634 3609 ascenderet

99 3629 234 3692 Cabristus,
249 3647 304 3681 non
316 3639 483 3694 moreretur;
505 3631 542 3681 ibi
558 3629 632 3681 enirn

102 3771 324 3840 Onysostomas.
338 3772 374 3822 Et
397 3773 462 3822 licet
487 3773 589 3832 Petrus,
604 3783 635 3823 ut

101 3841 369 3907 bomostupefactus,
384 3843 500 3893 nesciret
509 3843 573 3908 quid
589 3843 634 3893 di-

101 3919 180 3975 ceret,
201 3914 232 3964 in
245 3913 297 3963 boc
309 3923 400 3963 tamen
415 3927 491 3962 suam
507 3913 633 3965 devotio-

678 425 742 459 nem
755 413 872 463 ostendit
887 425 913 465 et
934 414 1023 466 insiti
1039 415 1093 467 sibi
1107 416 1210 471 ardoris

678 495 809 535 monstrat
821 487 962 550 judicium.
976 489 1053 540 Unde
1062 488 1211 541 inebriatus

678 554 774 605 Petrus
789 569 854 617 erat,
868 559 915 626 qui
930 561 964 610 de
979 576 1032 611 una
1055 570 1130 626 gutta
1152 561 1208 612 sini

678 626 792 677 coelestis
801 643 882 693 quam
893 629 1007 691 biberat,
1021 631 1100 697 quasi
1109 640 1163 682 tres
1174 641 1210 682 ta·

680 695 774 747 bemas
788 697 875 749 facere
894 701 1010 752 volebat.
1037 701 1111 752 Sicut
1135 701 1208 753 enim

678 785 711 820 ex
722 771 855 836 passionis
870 775 1066 839 magnitudine,
1081 785 1111 825 ut
1126 775 1209 825 timo·

678 843 716 893 ris
729 845 770 895 vel
790 846 914 896 moeroris
929 856 974 896 aut
984 848 1095 906 amoris,
1109 847 1209 914 aliquis

678 916 830 981 prorumpit
840 915 871 965 in
879 915 971 982 aliqua
982 918 1062 968 verba
1076 918 1135 969 sine
1146 933 1210 983 prac-

679 985 871 1048 meditatione;
896 987 934 1037 ite
952 987 1078 1038 similiter
1102 1004 1135 1038 ex
1149 1003 1209 1039 ma-

678 1055 820 1121 gnitudine
829 1057 979 1108 devotionis
989 1068 1016 1108 et
1027 1057 1209 1110 delectationis

678 1126 878 1192 expertae,dixit
888 1129 982 1181 Petrus
993 1127 1039 1178 illa
1051 1128 1139 1191 verba,
1147 1143 1209 1194 quae

679 1181 767 1249 famen
784 1211 930 1251 nouerant
946 1200 1126 1258 rationabilia,
1144 1200 1210 1265 quia

679 1268 709 1318 in
723 1271 781 1320 solo
792 1281 901 1335 aspectu
915 1270 1090 1321 humanitatis
1107 1269 1209 1322 Christi

680 1359 735 1393 non
750 1344 873 1395 consistit
885 1342 1208 1406 essentia'beatitudinis3

679 1424 705 1465 et
720 1414 779 1465 ideo
802 1414 868 1465 illud
883 1433 940 1466 uon
958 1416 1071 1467 debebat
1089 1413 1210 1467 sufficere

680 1501 729 1551 pro
753 1485 825 1536 finali
859 1487 1033 1537 beatitudine.
1060 1488 1091 1537 ln
1120 1494 1222 1535 monte

679 1556 790 1607 Thabor
816 1566 856 1607 est
885 1557 987 1622 grande
1016 1557 1209 1608 monasterium

680 1628 774 1694 grandi
789 1629 863 1694 sylva
877 1630 1083 1688 circumdatum,
1099 1639 1153 1679 tres
1167 1629 1212 1680 ha·

681 1701 747 1750 bens
762 1700 897 1765 ecclesias,
924 1701 996 1764 juxta
1019 1701 1092 1766 quod
1118 1701 1210 1751 Petrus

679 1769 718 1820 ait
732 1786 738 1818 2
755 1769 901 1821 Faciamus
912 1770 955 1820 liic
961 1770 1017 1820 tria
1027 1770 1209 1822 tabernacula.

680 1839 745 1890 Tria
754 1839 921 1890 tabernacula
930 1840 1212 1904 contemplativusmo·

680 1915 770 1965 raliter
779 1913 850 1972 iacit,
865 1914 974 1980 quando
984 1915 1094 1980 Legem,
1107 1924 1133 1965 et
1143 1914 1211 1966 Pro·

681 1985 783 2051 phetas,
798 1995 824 2035 et
838 1984 1016 2050 Evangelium
1038 1983 1153 2050 practice
1170 1984 1211 2034 le·
1229 1991 1233 2003 “
1271 2027 1275 2038 .

681 2057 768 2123 gendo
795 2055 937 2122 disponit,
967 2055 1071 2106 scilicet
1098 2072 1105 2106 ι
1133 2055 1211 2105 corde

670 2130 821 2189 'credenda
844 2145 890 2181 ore
912 2129 1076 2189 confitendo,
1091 2138 1118 2179 et
1131 2143 1212 2194 opere

681 2202 862 2269 adimplendo.

714 2274 730 2326 6
745 2276 814 2325 Tum
829 2292 857 2326 ru
873 2289 1140 2326 raamrrounarrorss
1152 2287 1213 2324 cosr-

682 2362 828 2397 smnaauna
844 2347 1024 2396 :Tamirarrs
1048 2360 1212 2395 marasm-

682 2433 736 2475 rto,
752 2432 902 2467 eumenum
916 2419 1018 2467 Morsrs
1030 2431 1119 2474 nrQus
1138 2415 1211 2464 Enna

682 2504 716 2538 nr
728 2488 840 2538 Cunrsrr
855 2503 1051 2539 cnonrsrcarro.
1076 2515 1106 2524 -
1120 2486 1213 2536 Scien-

682 2562 748 2610 dum
759 2571 849 2610 autem
857 2561 929 2625 quod
945 2559 994 2609 ista
1004 2558 1212 2624 transfiguratio,

683 2629 840 2696 significans
854 2630 969 2696 gloriam
984 2631 1151 2689 Sanctorum,
1164 2630 1215 2695 pri-

683 2717 728 2751 mo
742 2701 902 2750 describitur
914 2716 929 2750 a
939 2701 1075 2765 majestate
1082 2699 1142 2759 Dei,
1150 2700 1215 2766 quia

682 2784 737 2825 tota
753 2774 873 2825 Trinitas
885 2774 923 2824 ibi
938 2773 1080 2840 apparant:
1095 2773 1172 2823 Pater
1187 2773 1215 2822 in

682 2861 755 2905 voce,
772 2845 858 2896 Filius
872 2845 901 2895 in
918 2845 1037 2895 humana
1048 2859 1136 2903 carne,
1157 2843 1215 2908 Spi-

682 2918 751 2967 ritus
766 2917 881 2966 Sanctus
908 2915 937 2965 in
966 2916 1047 2975 nube,
1074 2931 1121 2981 per
1141 2914 1215 2980 quod

683 2989 760 3038 datur
774 2987 891 3052 intelligi
911 2989 985 3053 quod
1000 2987 1085 3054 gloria
1098 2987 1211 3037 Sancto·
1292 2997 1293 3000 ’

683 3073 744 3107 rum
769 3057 893 3107 mnsistit
917 3057 945 3107 in
978 3056 1109 3117 fruitione
1134 3058 1216 3108 beatae
1255 3087 1257 3091 ·

683 3127 834 3179 Trinitatis.
849 3128 924 3179 Sicut
937 3129 1009 3179 enim
1021 3131 1114 3180 Petrus
1125 3128 1216 3180 ebrius

684 3215 716 3249 ex
732 3199 876 3250 dulcedine
898 3198 972 3250 illius
986 3198 1114 3250 claritatis
1130 3197 1227 3248 voluit¹

684 3271 768 3321 iacere
794 3271 846 3322 tria
869 3272 1056 3333 tabernacula;
1077 3271 1117 3321 ita
1136 3269 1216 3319 habet

684 3342 768 3391 homo
779 3341 830 3392 tria
838 3342 1008 3392 tabernacula
1018 3343 1046 3391 in
1057 3341 1147 3392 anima
1158 3353 1215 3397 sua,

685 3428 744 3479 quae
761 3428 809 3462 nec
819 3414 934 3479 Moyses,
949 3428 998 3463 nec
1010 3413 1090 3468 Elias,
1104 3410 1150 3459 sed
1160 3409 1218 3460 sola
1279 3416 1288 3434 ·

685 3483 762 3534 beata
773 3482 893 3533 Trinitas
906 3481 1095 3533 delectabiliter
1108 3478 1217 3529 inhabi-

685 3563 735 3614 tat,
756 3554 905 3604 secundum
934 3552 1000 3602 illud
1027 3548 1137 3601 loannis
1151 3565 1160 3598 c
1173 3550 1218 3600 Ad

685 3639 744 3674 eum
765 3625 906 3686 venieruas,
923 3630 949 3675 et
962 3621 1124 3672 mansionem
1143 3620 1217 3687 apud

686 3710 745 3745 eum
767 3696 912 3761 jaciemus.
939 3694 1003 3742 Haec
1021 3700 1111 3741 autem
1131 3700 1216 3742 sunt:

687 3767 826 3826 memoria,
843 3762 1020 3830 intelligentia
1037 3772 1063 3813 et
1083 3763 1216 3814 voluntas.

686 3843 753 3892 Nam
777 3840 863 3890 Filius
889 3837 992 3889 habitat
1005 3836 1034 3886 in
1047 3836 1216 3892 tabernaculo

686 3910 882 3976 intelligentia,
907 3908 1046 3974 irnplendo
1061 3908 1147 3974 ipsam
1167 3905 1216 3957 Dei
