2632 4320
94 270 143 322 DE
156 266 288 321 VlGlLIA
299 265 588 319 PATRISFAMILIAS
600 266 838 321 CUSTODIENT.
855 270 986 322 DOMUM
1003 269 1107 321 SUAM.
1125 269 1175 335 341
1248 309 1250 313 .

55 397 154 449 exeat,
169 383 256 452 qualis
281 383 327 433 illo
356 384 399 435 die
428 384 587 449 judicandus

57 469 106 512 est.
122 458 197 509 Talis
218 455 292 507 enim
305 455 510 520 praesentabitur
522 455 588 521 judi-

57 531 110 592 cio,
126 529 229 580 scilicet
249 527 276 577 in
292 537 366 591 parte
383 528 528 577 electorum
549 527 590 576 vel

57 600 292 658 damnandorum,
326 597 413 663 qualis
438 595 591 648 invenietur

57 674 86 724 in
111 681 207 732 morte,
228 679 360 736 quantum
383 670 415 720 ad
437 669 549 735 gratiam
566 678 592 720 et

57 744 197 802 meritum,
221 741 262 791 vel
288 740 395 806 culpam
421 748 446 790 et
474 739 592 790 demeri-

57 825 125 865 tum.
143 813 173 862 ln
195 825 356 877 quocunque
369 819 439 860 statu
455 824 591 876 quemque

57 884 192 937 invenerit
207 898 272 933 suus
297 881 462 932 novissimus
480 883 546 941 dies,
564 881 592 931 in

56 972 89 1007 eo
100 954 307 1021 comprehendet
320 968 381 1002 eum
396 953 491 1004 mundi
503 951 594 1003 novis-

58 1026 146 1077 simus
166 1025 238 1087 dies3
251 1024 381 1090 quoniam
396 1024 484 1090 qualis
502 1024 530 1073 in
549 1022 593 1073 die

58 1100 113 1149 isto
128 1097 245 1164 quisque
259 1097 362 1161 capitur
374 1106 401 1146 et
411 1095 536 1156 moritur,
549 1104 592 1145 ta-

60 1170 94 1220 lis
108 1169 138 1219 in
153 1168 197 1218 die
208 1169 255 1218 illo
270 1167 474 1233 praesentabitur
486 1176 512 1218 et
525 1165 593 1232 judi-

58 1240 172 1292 cabitur.
187 1240 265 1291 Unde
289 1241 461 1305 Augustinus
480 1254 489 1287 :
507 1257 521 1286 a
536 1238 592 1289 Ne-

41 1318 106 1362 'mo
144 1319 246 1378 quaerat
296 1309 474 1360 novissimum
519 1308 591 1359 diem

58 1384 167 1450 quando
189 1383 298 1433 futurus
316 1382 359 1433 sit.
379 1382 422 1432 Sic
448 1381 593 1448 vigilemus

59 1471 155 1507 omnes
168 1456 236 1506 bene
247 1455 371 1515 vivendo,
382 1469 415 1504 ne
428 1453 592 1504 novissimus

58 1525 118 1576 dies
129 1527 313 1591 cujuscunque
335 1534 458 1574 nostrum
473 1523 593 1575 inveniat

59 1614 111 1649 nos
140 1599 303 1663 imparatos,
323 1608 350 1648 et
367 1597 455 1664 qualis
475 1597 592 1664 quisque

58 1669 125 1720 hinc
138 1669 233 1720 exierit
255 1684 305 1720 suo
325 1667 475 1718 novissimo
489 1667 542 1732 die,
557 1676 593 1717 ta·

59 1741 95 1792 lis
109 1741 262 1791 inveniatur
286 1741 314 1791 in
336 1740 484 1790 novissimo
510 1738 592 1790 seculi

57 1810 115 1875 die3
132 1821 159 1862 et
180 1811 241 1861 ideo
263 1811 374 1877 vigilare
394 1811 472 1861 debet
499 1809 591 1861 animo

59 1880 153 1932 omnis
166 1881 346 1940 Christianus,
376 1896 409 1930 ne
427 1880 591 1945 imparatum

642 383 768 436 Christus
804 386 837 437 de
877 387 979 438 ioanne
1008 385 1177 452 Evangelista

643 454 680 504 ait
705 469 712 504 ε
740 457 788 507 Sic
801 471 859 507 eum
883 458 942 508 volo
966 471 1072 508 monere
1094 457 1177 508 donec

644 526 756 590 ueniam,
768 528 867 587 etc.,ad
882 527 987 578 obitum
995 527 1090 592 ipsius.
1107 527 1176 586 Qua·

643 606 706 649 tuor
719 614 781 664 ergo
795 600 921 666 leguntur
934 601 1062 651 adventus
1072 599 1176 650 Christi

644 671 677 721 ad
692 672 826 734 homines,
842 674 896 723 duo
915 673 1028 724 feliciter
1045 673 1177 734 visibiles,

645 741 698 792 duo
727 743 900 795 invisibiles:
918 744 1023 810 primus
1047 745 1178 795 adventus

644 812 761 864 visibilis
774 813 825 864 fuit
834 815 863 864 in
875 814 1031 864 infirmitate
1047 814 1177 880 corporis,

645 883 746 934 scilicet
761 885 790 934 in
807 901 893 946 carne,
908 885 979 936 alius
995 886 1126 935 adventus
1137 884 1177 934 vi-

646 955 733 1006 sibilis
745 957 797 1007 erit
807 957 835 1007 in
849 957 984 1021 majestate
998 957 1055 1020 Dei,
1072 955 1177 1007 scilicet

646 1027 678 1076 ad
703 1027 850 1092 judicium;
866 1029 971 1094 primus
991 1028 1122 1078 adventus
1136 1026 1177 1077 in·

645 1097 762 1149 visibilis
775 1099 805 1150 fit
820 1100 847 1149 in
862 1110 952 1151 mente
973 1099 1036 1166 justi
1060 1115 1108 1165 per
1123 1113 1178 1165 gra-

645 1167 719 1230 tiam,
734 1172 868 1221 secundus
888 1172 1017 1221 adventus
1031 1168 1189 1226 invisibilis,

646 1249 686 1289 est
703 1240 732 1290 in
746 1241 823 1293 obitu
842 1243 972 1308 cujusque
986 1241 1083 1301 fidelis,
1105 1240 1178 1290 unde

645 1309 745 1360 dicitur
763 1311 868 1373 obitus,
890 1313 954 1379 quia
974 1311 1080 1361 obviarn
1104 1309 1179 1382 venit

646 1382 780 1434 Christus.
808 1385 865 1434 Hos
905 1396 1022 1451 quatuor
1048 1385 1177 1433 adventus

645 1464 818 1519 repraesentat
830 1455 948 1505 Ecclesia
963 1455 991 1504 in
1002 1464 1118 1519 quatuor
1127 1453 1179 1503 Do·

646 1526 754 1593 minicis
770 1527 803 1578 de
818 1529 943 1588 adventu,
961 1544 1014 1578 non
1029 1529 1120 1578 solum
1131 1543 1179 1577 nu-

645 1612 720 1647 mero
748 1596 867 1662 dierum,
902 1599 948 1648 sed
973 1598 1052 1649 etiam
1075 1596 1178 1648 ratione

644 1667 795 1718 officiorum
813 1685 820 1719 ε
835 1688 848 1717 n
864 1668 922 1719 haec
942 1668 1112 1720 Innocentius
1130 1666 1181 1719 111

646 1743 724 1806 Papa.
742 1742 798 1792 Eia
815 1756 891 1808 ergo,
909 1743 1049 1793 Advocata
1072 1746 1176 1801 nostra,

644 1812 708 1863 illos
728 1817 790 1863 tuos
808 1814 995 1864 misericordes
1019 1811 1112 1863 oculos
1139 1811 1178 1862 ad

644 1897 694 1933 nos
709 1889 833 1933 conuerte
840 1900 851 1946 ,·
863 1889 889 1934 et
901 1885 994 1934 Jesum
1011 1882 1177 1933 benedictum

59 1968 123 2004 eum
158 1952 279 2004 inveniat
310 1951 419 2002 Domini
451 1953 590 2002 adventus.
638 1954 762 2019 fructum
776 1955 877 2005 uentris
894 1955 933 2004 tui
954 1955 1029 2004 nobis
1043 1959 1108 2020 post
1127 1952 1178 2003 hoc

57 2024 221 2090 imparatum
238 2033 327 2075 autem
351 2023 471 2074 inveniet
483 2023 541 2073 dies
557 2023 592 2073 il-

56 2096 91 2152 le,
107 2110 189 2162 quem
204 2094 365 2161 imparatum
384 2093 516 2145 invenerit
537 2109 592 2144 suae

57 2165 122 2216 vitae
133 2165 215 2231 hujus
232 2166 345 2216 ultimus
361 2166 426 2216 dies.
453 2165 506 2216 Ubi
521 2164 601 2216 inve·

57 2237 187 2296 alemus,
211 2237 248 2287 ibi
278 2237 457 2303 judicabimur
475 2255 481 2288 :
499 2256 513 2286 n
533 2236 592 2288 haec

55 2308 239 2373 Augustinus.
251 2309 364 2368 Qualem
379 2325 442 2375 ergo
457 2307 592 2359 Dominus

56 2380 86 2430 in
116 2389 203 2430 morte
223 2395 359 2447 quemque
383 2381 525 2443 invenerit,
550 2389 591 2431 ta·

56 2465 123 2500 men
150 2450 198 2500 illo
222 2450 267 2501 die
289 2452 427 2517 judicabit,
444 2451 491 2517 qui
510 2451 590 2501 etiam

54 2521 85 2572 in
101 2531 190 2572 morte
203 2522 333 2588 iudicium
348 2539 428 2573 suum
445 2523 590 2589 cognoscit.

55 2591 252 2658 Unusquisque
270 2593 344 2643 enim
367 2593 539 2643 Christianus
561 2591 591 2642 iu

54 2672 144 2712 morte
172 2662 312 2714 Christum
339 2664 457 2724 videbit,
480 2675 506 2714 et
526 2673 591 2713 tunc

54 2745 208 2802 cognoscet,
224 2751 258 2786 an
272 2736 305 2786 de
313 2737 405 2787 electis
420 2737 462 2787 vel
477 2737 591 2787 damna-

54 2808 91 2860 tis
115 2808 160 2860 sit.
188 2809 266 2860 Unde
285 2810 431 2861 Lotharius
451 2810 498 2876 qui
514 2820 591 2874 post·

55 2879 171 2930 modum
192 2880 363 2933 Innocentius
378 2882 426 2931 III
439 2891 479 2931 est
492 2882 590 2945 dictus,

55 2952 86 3003 in
109 2951 207 3003 libro:
227 2953 266 3003 De
293 2952 402 3003 miseria
429 2952 590 3003 conditionis

54 3021 195 3082 humanae,
217 3021 256 3072 sic
284 3023 322 3073 ait
345 3040 352 3072 ι
378 3022 502 3072 «Videat
525 3037 589 3088 ergo

54 3101 112 3143 tam
134 3092 223 3143 bonus
235 3107 318 3158 quam
333 3093 429 3152 malus,
446 3102 590 3157 antequam

54 3165 147 3216 anima
169 3166 320 3233 egrediatur
338 3181 354 3218 a
377 3181 495 3232 corpore,
507 3164 591 3215 Chri-

54 3246 129 3288 stum
143 3236 173 3287 in
185 3252 263 3288 cruce
276 3237 403 3301 positum.
420 3238 505 3286 Malus
517 3236 592 3286 videt

55 3306 199 3358 Christum
211 3307 244 3357 ad
258 3307 470 3358 erubescentiam
485 3316 510 3358 et
521 3322 589 3357 con-

53 3378 202 3441 fusionem,
220 3390 251 3431 ut
274 3380 411 3430 erubescat
426 3396 454 3430 se
466 3396 522 3430 non
532 3395 590 3430 esse

643 2025 772 2077 exsilium
786 2025 902 2088 ostende,
916 2025 1074 2092 benignum!
1088 2039 1105 2075 o
1120 2023 1175 2074 cie·

644 2112 726 2163 mens,
745 2112 761 2148 o
777 2097 870 2164 pia,o
891 2097 977 2148 dulcis
1003 2098 1084 2164 uirgo
1107 2095 1176 2146 Ma-

643 2169 708 2219 ria!
769 2179 774 2186 ·
1064 2219 1065 2223 ,

676 2238 690 2289 3
716 2239 838 2298 Qussm
870 2254 974 2289 rrusurs
997 2252 1176 2289 orsrsnssroa

643 2328 660 2360 a
675 2309 782 2360 Douuto
805 2308 1032 2359 nuuunsnunuus?
1049 2337 1079 2346 -
1097 2309 1175 2358 Post-

643 2395 726 2446 quam
746 2395 809 2446 ergo
833 2381 967 2430 Dominus
985 2380 1013 2429 in
1033 2377 1174 2429 communi

644 2466 694 2501 nos
717 2452 749 2501 ad
769 2450 929 2500 indefessam
953 2449 1102 2515 vigilantiae
1124 2464 1176 2499 cu-

643 2537 701 2571 ram
723 2519 874 2577 admonuit,
899 2528 1096 2584 consequenter
1121 2532 1179 2583 spe-

643 2591 736 2641 cialem
755 2589 904 2639 rectoribus
919 2598 945 2638 et
966 2588 1135 2654 principibus
1147 2587 1177 2636 in

642 2658 839 2724 exspectatione
853 2668 880 2709 et
895 2659 1009 2708 adventu
1030 2673 1080 2708 suo
1099 2656 1177 2707 solli-

642 2731 789 2783 citudinem
816 2731 934 2790 mandat,
958 2741 983 2781 et
1009 2731 1082 2796 quod
1104 2728 1176 2794 vigi-

642 2805 753 2855 landum
770 2803 814 2863 sit,
828 2802 944 2852 ostendit
959 2817 1006 2866 per
1025 2801 1175 2851 secundum

642 2876 796 2941 exemplum
815 2875 848 2923 de
863 2889 939 2924 servo
966 2872 1176 2938 patrisfamilias,

643 2945 690 3012 qui
702 2944 836 2994 sollicitus
846 2954 885 2994 est
896 2958 987 3009 regere
1001 2944 1114 2993 domum
1122 2941 1175 2992 sibi

643 3017 825 3076 commissam,
840 3032 895 3066 non
907 3017 996 3066 solum
1013 3015 1042 3065 in
1057 3030 1177 3081 praesen-

643 3089 681 3140 tia
694 3087 814 3147 Domini,
830 3088 876 3138 sed
899 3088 980 3138 etiam
1004 3087 1031 3136 in
1053 3086 1176 3138 absentia

642 3161 708 3225 ejus,
723 3168 754 3208 ut
775 3159 813 3208 sic
829 3159 939 3209 veniens
962 3158 1097 3209 Dominus
1112 3173 1175 3208 eum

642 3239 807 3294 remuneret;
830 3229 853 3280 si
871 3239 962 3280 autern
986 3229 1015 3279 in
1034 3227 1175 3281 contrariis

643 3300 746 3351 actibus
761 3299 851 3365 ipsum
872 3300 1001 3359 inveniat,
1016 3295 1175 3347 aeternaliter

643 3371 746 3437 puniat.
764 3370 841 3421 Unde
852 3369 917 3420 dicit
933 3367 1021 3429 :Quis
1034 3372 1118 3431 putas
1134 3369 1176 3415 est

52 3448 226 3515 redemptum
246 3450 376 3516 sanguine
403 3449 515 3510 Christi,
542 3466 591 3501 sua
635 3441 740 3507 fidelis,
752 3439 912 3499 intentione,
927 3437 1044 3487 Domino
1067 3443 1175 3500 propter

55 3518 134 3585 culpa
146 3519 281 3586 exigente3
294 3521 367 3570 unde
380 3521 413 3570 de
429 3520 506 3570 malis
527 3519 590 3569 dici-

54 3598 101 3638 tur
116 3605 124 3639 c
138 3589 281 3657 Aspicient
298 3591 335 3641 ad
354 3604 401 3654 me,
415 3605 493 3656 quent
506 3591 590 3657 conſs·

53 3664 171 3723 xerunt,
196 3659 269 3724 quod
297 3659 463 3725 intelligetur
489 3661 522 3711 de
547 3661 590 3710 ad-

56 3739 139 3782 ventu
164 3729 269 3783 Christi
296 3733 329 3782 ad
353 3732 484 3798 judicium
508 3742 534 3783 et
556 3728 590 3782 de

55 3799 172 3852 adventu
186 3801 220 3851 ad
237 3800 310 3852 diem
325 3803 429 3853 mortis.
444 3804 534 3853 Bonus
548 3818 589 3854 ve·

55 3885 86 3920 ro
98 3870 174 3922 videt
183 3871 218 3922 ad
229 3872 453 3936 exsultationem
468 3873 540 3922 unde
562 3882 588 3922 et

642 3511 791 3562 Dominum
827 3510 961 3567 serviens,
987 3521 1050 3556 oves
1071 3504 1175 3556 Christi

644 3599 699 3633 non
711 3583 743 3633 ad
762 3584 867 3633 lucrum
887 3580 1043 3645 temporale,
1063 3577 1109 3628 sed
1125 3592 1175 3643 pro

642 3671 733 3706 amore
753 3655 851 3707 Christi
878 3669 998 3720 pascens,
1019 3665 1121 3714 servus,
1147 3649 1175 3700 id

642 3739 682 3782 est
702 3731 816 3781 humilis
835 3727 982 3787 affectione,
1008 3741 1062 3775 non
1087 3739 1175 3786 suam,

643 3802 689 3853 sed
714 3802 835 3852 Domini
854 3800 967 3866 gloriam
994 3812 1130 3865 quaerens,
1151 3805 1178 3850 et

641 3872 769 3938 prudens,
791 3871 819 3922 in
836 3870 917 3920 officii
933 3869 1105 3921 exsecutione
1127 3869 1174 3936 qui
