2632 4320
163 270 360 323 MEDITATIO
378 272 413 323 IN
431 271 548 323 PRIMIS
563 269 733 322 VESPERIS
750 271 797 322 DE
814 271 922 323 COENA
934 272 1072 328 DOMINI.
1131 273 1184 344 389

60 389 120 455 ipse
144 388 286 439 manducat
309 388 453 440 nobiscum
478 387 599 454 incorpo-

61 458 147 510 rando
162 473 213 508 nos
227 458 280 509 sibi
294 473 341 522 per
354 459 434 510 istud.
444 474 598 511 sacramen-

61 539 132 589 tum,
160 528 234 594 quod
261 529 409 595 alloquens,
428 529 599 596 Augustinus

61 597 155 649 dicit:
177 616 190 645 u
212 598 297 650 Cibus
312 615 339 650 es
359 601 522 666 grandium,
543 614 598 648 non

62 667 212 719 mutaberis
226 668 255 719 in
271 685 322 730 me,
337 671 384 721 sed
406 680 435 720 tu
451 685 494 720 me
508 677 599 719 muta-

62 738 105 789 bis
121 739 201 789 inte.
218 757 232 795 n
248 740 326 791 Unde
346 741 428 792 donec
447 756 504 790 non
518 739 599 805 poni·

62 819 107 861 tur
131 811 176 861 hic
202 812 350 873 exclusive,
377 812 423 864 sed
454 811 597 863 inclusIve.

61 882 101 934 Ei
109 889 218 949 accepto
230 884 323 948 caIIce,
335 885 434 936 scilicet
443 885 500 935 vini
511 885 600 951 quoad

62 964 164 1016 Pascha
188 964 339 1028 Iudaicum,
360 966 471 1031 gratias
494 965 601 1031 agitet

61 1036 168 1088 dixit:
194 1035 314 1102 Accipite
340 1042 366 1087 et
394 1036 506 1087 dividite
531 1036 599 1086 inter

61 1120 119 1158 vos.
148 1105 263 1157 Gratias
291 1107 348 1172 egit
367 1124 376 1158 :
395 1106 459 1172 quia
485 1106 600 1157 instabat

62 1176 229 1242 completum
259 1176 440 1238 desiderium,
476 1186 507 1227 ut
539 1186 600 1243 post

62 1248 279 1300 immolationem
293 1249 355 1316 agni
372 1249 455 1317 typici
471 1265 599 1316 sequere-

61 1330 107 1372 tur
131 1320 282 1371 immolatio
308 1323 379 1388 Agni
402 1322 474 1383 veri,
499 1322 600 1373 scilicet

62 1389 183 1454 Christi3
208 1401 233 1440 et
257 1391 321 1456 quia
341 1402 430 1442 vetera
452 1392 601 1442 transibant

15 1506 21 1513 .
62 1472 90 1513 et
104 1477 175 1513 nova
189 1460 290 1513 fiebant
306 1463 407 1523 omnia,
423 1462 489 1513 dum
505 1462 599 1512 vinum

61 1543 88 1585 et
108 1549 203 1600 azyma
218 1535 244 1584 in
259 1535 366 1600 Corpus
386 1545 412 1585 et
434 1534 600 1601 Sanguinem

63 1605 178 1657 Domini
188 1606 246 1672 ejus
261 1606 449 1657 benedictione
465 1607 602 1657 transsub-

60 1676 266 1729 stantiabantur.
278 1677 356 1728 Unde
371 1677 426 1727 ait:
439 1679 502 1728 Non
515 1677 600 1728 bibam

60 1747 160 1799 amodo
175 1747 208 1798 de
226 1748 332 1814 gemine
345 1748 418 1810 uitis,
434 1747 535 1798 scilicet
547 1763 601 1798 ma-

60 1819 175 1880 terIalis,
195 1819 279 1871 idest
296 1821 330 1870 de
345 1819 407 1870 vino
430 1819 504 1886 quod
518 1835 600 1886 gene-

62 1902 139 1943 ratur
154 1892 182 1943 in
200 1892 264 1954 vite,
285 1892 386 1943 scilicet
404 1892 525 1959 typicum
548 1909 600 1958 po-

60 1972 138 2023 tum,
165 1963 248 2013 donec
277 1962 366 2013 veniat
390 1977 504 2029 regnum
531 1963 599 2027 Dei,

62 2035 138 2102 quod
153 2034 274 2100 intellige
287 2044 318 2084 ut
336 2050 418 2099 supra
437 2035 471 2085 de
485 2034 546 2084 cibo
560 2045 601 2086 est

62 2105 176 2156 dictum.
198 2105 273 2155 Sicut
291 2120 381 2171 supra,
403 2115 434 2155 ut
454 2105 492 2155 ait
513 2105 598 2169 Beda,

61 2174 185 2242 typicum
208 2174 270 2241 agni
295 2190 382 2235 esum,
407 2175 446 2225 sic
461 2175 542 2225 etiam
556 2190 602 2240 po

61 2256 122 2297 tum
136 2245 246 2295 Paschae
260 2245 381 2312 typicum
397 2256 477 2312 negat
491 2261 519 2297 se
531 2246 601 2296 ultra

61 2328 244 2384 gustaturum,
261 2317 346 2368 donec
370 2327 479 2368 ostensa
500 2327 527 2368 et
540 2333 601 2368 ma-

62 2390 161 2442 nifesta
185 2391 403 2441 Resurrectionis
425 2406 480 2441 suae
505 2391 599 2457 gloria,

61 2461 138 2528 regni
162 2460 211 2511 Dei
234 2460 301 2510 fides
326 2461 429 2511 mundo
461 2460 599 2526 adveniat;

61 2543 92 2583 ut
115 2548 164 2599 per
187 2532 241 2582 duo
265 2531 384 2581 maxima
408 2531 487 2597 Legis
505 2532 599 2596 edicta,

61 2617 139 2655 esum
164 2601 289 2653 videlicet
317 2612 466 2668 potumque
487 2603 601 2668 pascha·

62 2676 117 2725 lem
140 2672 318 2739 spiritualiter
341 2673 492 2733 immutata,
514 2671 601 2722 disce-

64 2762 108 2797 res
137 2744 231 2796 omnia
260 2745 340 2810 Legis
368 2753 533 2794 sacramenta
559 2744 602 2794 vel

64 2817 144 2881 jussa,
167 2831 229 2883 quae
245 2816 387 2866 carnaliter
407 2830 504 2866 sonare
524 2814 601 2866 vide-

64 2889 173 2950 bantur,
198 2889 229 2938 ad
252 2888 420 2954 spiritualem
435 2889 489 2953 jam
506 2889 601 2939 obser-

63 2960 183 3011 tantiam
199 2958 285 3009 fuisse
296 2958 486 3010 transferenda.
503 2960 536 3009 Et
553 2959 601 3021 sic,

64 3031 216 3083 secundum
241 3030 435 3096 Augustalium,
457 3030 544 3080 Lucas
569 3031 602 3081 de

64 3101 166 3169 duplici
197 3101 278 3152 calice
305 3102 472 3152 mentionem
499 3102 563 3153 facit
592 3119 599 3152 :

10 3194 12 3201 ·
64 3172 173 3239 primo,
199 3174 233 3223 de
256 3173 339 3224 calice
365 3173 422 3223 vini
455 3173 600 3239 praedicto,

63 3246 153 3314 quoad
170 3244 273 3296 Pascha
286 3246 456 3310 iudeorum,
474 3246 601 3306 secundo,

64 3315 97 3366 de
108 3315 193 3367 calice
206 3315 353 3382 Sanguinis
375 3316 427 3376 sui,
449 3315 550 3381 dequo
564 3315 602 3364 in-

63 3387 103 3440 fra
133 3397 176 3439 est
204 3388 356 3439 dicendum.
387 3387 461 3438 Calix
489 3387 601 3437 Domini

63 3468 207 3527 argenteus
220 3459 286 3511 duas
300 3461 365 3510 hinc
381 3469 408 3510 et
423 3460 485 3511 inde
499 3461 602 3511 habens

61 3532 183 3590 ansulas,
205 3531 312 3581 sextarii
337 3530 424 3597 gallici
447 3545 602 3581 mensuram

63 3600 142 3668 capit.
168 3600 266 3666 Legale
291 3600 373 3667 igitur
398 3601 502 3652 Pascha
519 3616 603 3652 cessa-

61 3673 111 3734 vit,
133 3681 162 3724 et
179 3671 323 3738 impletum
337 3672 390 3723 fuit
410 3673 440 3722 in
457 3689 540 3740 regno
556 3674 603 3723 Ec·

61 3743 161 3806 desite,
175 3743 283 3810 quando
300 3743 392 3794 divina
408 3744 545 3809 Sapientia
560 3758 603 3809 pa-

61 3815 132 3868 ravit
147 3830 272 3867 mensam
285 3815 348 3866 novi
362 3816 538 3875 sacramenti,
554 3815 601 3865 ubi

59 3885 157 3953 posuit
176 3900 273 3952 panem
289 3885 427 3952 Corporis,
446 3896 473 3937 et
492 3884 603 3936 miscuit

653 387 747 438 vinum
760 386 907 454 Sanguinis
919 388 973 439 sui.
992 389 1100 456 Legalia
1113 390 1188 443 enim

653 457 807 508 habuerunt
826 473 937 509 cursum
953 474 1034 509 suum
1050 469 1077 510 et
1090 460 1192 528 obliga·

653 529 755 579 tionem
781 544 868 595 usque
895 530 928 580 ad
953 530 1054 580 ChrIsti
1082 532 1192 583 Passio·

653 614 724 660 nem,
741 599 770 649 in
784 615 837 666 qua
852 600 973 650 oblatum
983 611 1024 650 est
1037 616 1124 651 unum
1134 617 1192 668 per-

652 671 751 722 fectum
786 672 965 733 sacrificium,
1004 674 1191 725 evacuativum

651 741 793 808 legalium,
812 753 838 793 et
852 742 912 792 ideo
927 757 1015 808 usque
1028 754 1091 794 tunc
1106 745 1191 795 Chri·

653 824 711 865 stus
737 813 832 879 legalia
856 812 985 873 servavit,
1012 823 1038 863 et
1063 814 1190 865 similiter

652 887 713 938 aliis
728 888 856 939 servanda
868 887 1013 938 mandavit.
1031 889 1109 939 Unde
1125 888 1190 940 dicit

652 962 824 1028 Augustinus
831 999 840 1023 ,
869 961 943 1027 quod
966 961 1062 1028 legalia
1083 972 1190 1012 tantum

653 1030 764 1081 fuerunt
793 1041 855 1082 ante
889 1032 1043 1082 Passionem
1077 1033 1189 1084 Domini

652 1103 721 1164 viva,
740 1112 801 1168 post
825 1103 981 1155 Passionem
1002 1117 1126 1169 mortua,
1143 1107 1190 1157 sed

653 1184 797 1242 postquam
813 1176 908 1227 claruit
930 1177 1027 1228 veritas
1051 1177 1190 1242 Evangelii

653 1262 699 1313 per
718 1248 860 1309 mundum,
877 1259 940 1299 sunt
959 1250 1071 1314 sepulta.
1090 1249 1189 1300 Nostra

651 1335 715 1370 vero
742 1330 906 1372 sacramenta
937 1337 1025 1388 usque
1050 1321 1083 1371 ad
1107 1320 1189 1373 finem

653 1390 750 1441 mundi
767 1391 795 1440 in
811 1407 860 1441 suo
877 1391 968 1458 vigore
983 1393 1140 1444 manebunt.

685 1461 702 1513 6
718 1463 897 1515 Conurrronas
920 1480 1068 1522 nsoursrrn
1086 1481 1120 1514 no
1141 1479 1191 1516 co-

653 1551 796 1585 nruunouu
805 1550 896 1586 nonuu
906 1551 1021 1586 rrrrcurr
1034 1552 1102 1587 vano
1113 1536 1190 1586 Auno

653 1620 845 1656 aurarem-run.
859 1634 890 1643 -
905 1606 938 1654 Et
961 1615 1038 1670 nota,
1064 1606 1137 1672 quod
1162 1605 1190 1656 in

653 1678 747 1729 Exodo
762 1678 976 1729 determinantur
1001 1680 1098 1743 multa,
1125 1692 1188 1745 quae

653 1751 858 1818 requirebantur
872 1752 905 1802 ad
917 1767 994 1802 esum
1009 1751 1071 1819 agni
1088 1751 1192 1817 typici;

653 1834 679 1874 et
691 1822 779 1873 adhuc
792 1822 967 1888 requiruntur
979 1822 1013 1872 ad
1029 1838 1105 1872 esum
1118 1821 1189 1888 Agni

653 1894 719 1945 veri.
746 1893 831 1943 Debet
867 1893 940 1943 enim
974 1893 1078 1943 comedi
1109 1906 1191 1943 verus

653 1964 756 2029 Agnus,
777 1963 878 2013 scilicet
901 1963 1048 2013 Christus:
1065 1963 1154 2029 primo
1174 1976 1190 2012 a

653 2035 828 2097 circumcisis,
855 2049 903 2101 per
925 2035 1023 2085 veteris
1044 2048 1190 2085 conversa-

654 2106 737 2157 tionis
752 2106 965 2172 depositionem;
986 2107 1112 2166 secundo,
1127 2119 1190 2156 cum

654 2176 763 2227 lactucis
779 2175 939 2242 agrestibus,
960 2193 1007 2242 per
1023 2191 1142 2226 amaram
1158 2175 1191 2225 de

655 2250 768 2315 peccatis
790 2250 919 2300 omnibus
940 2250 1029 2300 cordIs
1048 2247 1191 2299 contritio·

655 2336 735 2385 nem;
753 2320 842 2381 tertio,
859 2319 916 2370 sine
931 2319 1064 2370 fermento
1079 2318 1190 2384 peccati,

653 2406 715 2441 cum
730 2391 846 2456 panibus
860 2390 971 2456 azymis,
989 2405 1036 2455 per
1057 2389 1193 2440 conscien-

653 2462 698 2512 tiae
722 2461 918 2523 sinceritatem
944 2469 1048 2526 quarto,
1081 2461 1192 2510 renibus

653 2531 785 2595 accinctis,
816 2547 863 2596 per
888 2531 1055 2593 castitatem;
1083 2530 1190 2596 quinto,

655 2603 768 2669 pedibus
792 2601 922 2664 calceatis,
947 2616 994 2666 per
1017 2601 1191 2651 affectionum

654 2689 669 2724 a
691 2673 805 2723 terrenis
824 2672 1033 2739 elongationem,
1050 2671 1127 2735 cujus
1151 2671 1192 2720 si-

654 2760 738 2811 gnum
754 2753 842 2809 potest
856 2758 923 2801 esse,
936 2743 1009 2808 quod
1026 2742 1098 2791 Deus
1114 2741 1191 2807 prius

654 2817 718 2867 lavit
731 2817 811 2882 pedes
825 2815 1030 2881 discipulorum,
1046 2829 1129 2880 quam
1148 2814 1191 2865 da-

655 2897 693 2937 ret
718 2887 757 2937 eis
782 2886 833 2936 hoc
856 2887 1072 2948 Sacramentum;
1102 2895 1190 2949 sexto,

654 2975 716 3010 cum
733 2958 835 3008 baculis
858 2957 887 3005 in
911 2956 1045 3016 manibus,
1061 2972 1108 3022 per
1130 2956 1191 3007 sui-

655 3033 742 3098 ipsius
758 3029 909 3081 custodiam
932 3029 1100 3097 diligentem.
1118 3031 1192 3083 Prae-

654 3104 731 3154 dictae
761 3102 930 3152 conditiones
958 3103 1134 3170 requiruntur
1160 3103 1193 3154 ad

655 3173 862 3224 declinationem
889 3171 963 3236 mali,
990 3173 1036 3224 sed
1060 3183 1192 3240 quantum

655 3246 687 3295 ad
711 3244 895 3310 operationem
923 3244 988 3294 boni
1013 3245 1160 3310 requiritur
1183 3261 1191 3294 ε

656 3316 753 3381 primo,
773 3316 847 3382 quod
874 3316 903 3365 in
925 3317 1008 3366 domo
1030 3331 1083 3365 una
1098 3331 1192 3365 come-

655 3387 742 3447 datur,
758 3402 805 3452 per
820 3386 1027 3437 ecclesiasticam
1044 3386 1191 3452 unitatem;

656 3461 783 3521 secundo,
797 3459 870 3526 quod
884 3475 899 3510 a
914 3458 1020 3518 vicinis,
1035 3475 1082 3524 per
1095 3459 1193 3514 frater-

656 3546 723 3580 num
742 3546 862 3581 amorem
877 3539 903 3580 et
920 3530 1108 3592 concordiam;
1136 3539 1192 3579 ter-

655 3603 703 3663 tio,
727 3603 800 3668 quod
823 3618 877 3652 non
900 3601 998 3651 crudus
1020 3600 1079 3651 sine
1092 3601 1194 3652 amoris

655 3673 727 3740 igne,
741 3688 789 3723 nec
804 3682 893 3722 coctus
907 3687 977 3736 aqua
993 3671 1052 3721 sine
1067 3671 1193 3723 devotio-

656 3744 700 3793 nis
714 3758 817 3808 sapore,
833 3743 880 3792 sed
897 3757 973 3791 assus
995 3741 1061 3807 igni,
1080 3758 1127 3808 per
1141 3742 1192 3792 de·

655 3816 772 3868 votionis
805 3814 937 3864 fervorem
977 3814 1189 3880 praecedentem3

656 3895 761 3952 quarto,
776 3884 849 3949 quod
863 3883 1031 3946 festinanter,
1046 3900 1093 3951 per
1109 3886 1192 3952 spiri-
