2632 4320
367 106 413 159 DE
437 109 684 162 PERFECTlONE
701 111 951 164 PAUPERTATlS.
1182 115 1217 182 89

101 233 133 269 na
161 234 212 272 sua
241 221 382 274 tradiderit
403 224 575 290 pauperibus,
588 224 634 276 fiat

100 292 213 342 omnino
237 294 383 359 perfectus3
410 297 456 348 sed
471 297 517 348 illa
538 313 570 347 ex
590 298 635 348 die

99 363 214 430 incipiat
241 368 389 431 speculatio
421 369 470 419 Dei
501 370 634 420 adducens

99 440 209 490 eumad
225 455 320 492 omnes
330 441 452 495 virtutes.
467 463 481 491 n
496 445 530 495 Et
543 444 634 494 subdit

99 508 246 572 Dominus,
264 511 376 564 dicens:
394 514 428 565 Si
438 514 488 577 uis,
503 514 567 580 quia
582 515 633 564 hoc

100 591 142 633 est
152 583 182 633 in
194 593 241 634 tua
257 584 389 647 libertate,
400 588 539 654 perfectus
565 603 632 651 esse,

100 653 127 703 id
142 664 183 705 est
196 656 230 704 ad
245 665 346 706 statum
363 658 534 724 perfectionis
546 674 636 710 ascen·

98 723 164 774 dere
178 740 261 790 super
281 743 454 779 communem
472 739 571 780 statum
589 746 636 781 sa-

99 795 151 847 luti
174 799 369 861 necessarium,
396 801 526 866 quiahoc
547 812 587 853 est
602 803 636 853 de

99 866 266 932 perfectione
280 870 350 931 vitae,
366 872 433 923 vade
451 888 498 938 per
510 872 634 924 affectum

98 940 301 989 contemnendo
315 942 481 1007 temporalia,
501 949 528 994 et
541 944 633 1006 vende,

98 1023 147 1074 per
155 1008 281 1060 effectum
296 1026 327 1062 ea
338 1012 525 1080 relinquendo,
540 1024 566 1065 et
578 1015 635 1066 haec

97 1080 198 1144 omnia,
215 1097 271 1131 non
282 1093 386 1148 partem
399 1094 514 1146 tantum,
524 1095 555 1136 ut
565 1087 635 1136 Ana·

98 1151 158 1202 nias
180 1162 208 1203 et
228 1153 370 1219 Sapphira,
391 1157 464 1221 quod
483 1166 523 1206 est
543 1165 636 1207 contra

96 1225 304 1290 proprietarios,
328 1240 388 1292 quae
412 1229 494 1279 habes
516 1238 542 1279 et
566 1230 635 1294 juste

97 1295 232 1361 possides,
248 1297 322 1363 quod
338 1309 379 1347 est
401 1307 494 1350 contra
514 1308 635 1365 raptores

96 1376 123 1416 et
135 1367 279 1418 usurarios
295 1369 481 1436 eleemosynas
500 1371 533 1420 de
546 1370 634 1421 alieno

96 1436 236 1500 facientes,
260 1440 307 1490 illa
327 1441 400 1491 enim
416 1441 549 1492 habemus
574 1457 634 1508 quae

97 1510 167 1574 juste
192 1510 382 1576 possidemus;
414 1513 460 1562 illa
484 1529 546 1580 ergo
572 1528 634 1579 quae

96 1579 167 1643 juste
193 1581 369 1645 possidentur
392 1583 532 1633 vendenda
559 1593 633 1643 sunt,

98 1666 159 1717 quae
183 1668 249 1703 vero
276 1653 387 1719 injuste,
411 1655 544 1705 reddenda
570 1665 635 1706 sunt

97 1723 152 1774 illis
165 1740 286 1791 quorum
301 1724 426 1790 fuerunt;
453 1733 479 1777 et
505 1727 550 1790 da,
578 1743 634 1777 non

96 1796 184 1847 vende
210 1797 357 1863 quaerendo
376 1814 478 1848 munus
503 1814 518 1848 a
541 1814 633 1858 manu,

98 1868 165 1918 vela
179 1867 287 1934 lingua,
301 1868 343 1918 vel
359 1870 392 1918 ab
407 1869 548 1936 obsequio,
560 1884 634 1934 pau-

95 1938 217 2002 peribus,
253 1954 308 1988 non
328 1938 470 2000 divitibus,
496 1955 511 1990 a
532 1940 633 2006 quibus

97 2009 200 2060 similia
212 2010 339 2077 accipies,
357 2027 405 2062 nec
421 2013 516 2063 amicis
538 2029 634 2064 carna-

97 2082 179 2144 libus,
206 2083 261 2133 nisi
284 2082 387 2135 fuerint
406 2085 568 2151 indigentes,
584 2102 632 2136 nec

98 2156 296 2218 histrionibus,
327 2167 353 2208 et
378 2159 448 2209 male
477 2160 631 2225 utentibus,

99 2229 170 2292 quod
186 2238 227 2278 est
242 2238 335 2279 contra
351 2229 516 2281 simoniacos
532 2241 559 2281 et
571 2246 632 2281 am-

99 2299 224 2361 bitiosos,
240 2300 289 2366 qui
302 2301 368 2351 dant
383 2302 480 2352 aliisut
490 2302 632 2368 acquirant

99 2368 229 2420 beneficia
245 2380 271 2420 et
285 2364 445 2436 dignitates3
470 2380 496 2421 et
520 2372 572 2422 hoc
593 2372 633 2422 fac

100 2452 206 2508 propter
225 2443 323 2504 Deum,
339 2460 395 2493 non
409 2453 518 2508 propter
539 2453 633 2494 osten-

101 2511 238 2573 tationem,
253 2512 318 2578 quia
342 2514 456 2579 abjicere
476 2514 634 2579 temporalia

101 2595 208 2651 propter
230 2586 437 2637 ostentationem
453 2603 508 2638 non
522 2597 562 2638 est
574 2603 634 2637 me·

103 2654 241 2718 ritorium;
257 2655 333 2707 etsie
346 2657 436 2707 dando
447 2658 558 2708 habebis
574 2658 633 2708 the·

104 2739 222 2790 taurum,
247 2725 332 2777 idest
350 2729 494 2794 quemdam
516 2728 634 2780 beatitu-

103 2794 172 2847 dinis
200 2796 227 2846 in
254 2797 321 2848 coelo
345 2799 435 2848 locum
453 2799 632 2850 tutissimum.

104 2864 157 2917 Hoc
170 2875 261 2917 autem
276 2883 332 2918 non
354 2868 462 2929 dicitur,
484 2869 548 2935 quia
564 2883 633 2934 pau-

104 2946 189 3000 pertas
213 2937 250 2988 sit
269 2939 354 3003 major
369 2938 455 2990 virtus
467 2955 549 3006 quam
563 2955 632 2989 con-

104 3007 214 3060 tinentia
227 3009 269 3060 vel
285 3009 454 3074 obedientia;
476 3010 523 3060 sed
535 3009 633 3060 dicitur

104 3092 146 3141 per
165 3079 322 3144 quamdam
351 3079 632 3146 correspondentiam,

103 3150 176 3215 quasi
188 3151 331 3203 thesaurus
345 3153 459 3203 coelestis
472 3153 511 3203 sic
523 3168 633 3219 respon-

103 3221 159 3272 deat
181 3223 339 3274 voluntariae
369 3225 527 3291 paupertati,
563 3225 633 3276 sicut

104 3292 222 3343 exaltatio
236 3294 431 3345 humiliationi.
445 3296 523 3347 Unde
539 3296 633 3363 Chry-

111 3368 232 3414 ‘ostomus
250 3378 260 3415 .·
276 3382 293 3410 n
308 3365 380 3415 Bene
394 3376 484 3416 autem
502 3381 557 3416 non
570 3365 633 3416 vitae

105 3431 163 3487 iecit
180 3446 288 3487 oeternae
309 3438 485 3499 mentionem,
509 3438 555 3489 sed
570 3439 633 3488 the-

104 3505 281 3566 sauri,dicens
294 3507 348 3558 :Et
360 3509 471 3559 habebis
480 3509 633 3560 thesaurum

105 3574 129 3627 iu
154 3578 245 3641 coelis;
270 3577 336 3644 quia
358 3578 430 3629 enim
459 3579 492 3630 de
512 3579 634 3645 pecuniis

105 3658 158 3700 erat
178 3665 268 3701 sermo
292 3659 318 3701 et
344 3651 376 3701 de
401 3651 635 3702 abrenuntiatione

106 3723 238 3787 omnium,
250 3726 368 3777 ostendit
379 3726 452 3793 quod
462 3726 549 3777 reddit
557 3726 635 3792 plura

686 224 730 274 his
739 240 800 291 quae
810 225 937 292 praecepit
948 226 1107 293 relinquere;
1115 236 1217 292 quanto

686 297 772 361 majus
789 307 828 347 est
853 298 950 348 coelum
977 313 1060 364 quam
1080 308 1164 362 terra3
1187 298 1216 348 in

685 367 812 418 thesauro
824 369 897 418 enim
909 369 1014 434 copiam
1031 368 1216 420 retributionis

685 439 840 490 ostendit.»

719 510 733 560 5
749 511 802 561 Pau
821 527 962 569 ssQusnnu
973 514 1084 564 Cnnrsrr
1098 527 1217 562 corsuu-

685 595 776 631 unrun
789 598 943 632 rsasucrro.
951 584 1028 634 —Et
1038 582 1105 646 veni,
1116 582 1218 633 relictis

686 655 824 714 omnibus,
833 661 861 706 et
869 669 978 720 sequere
989 670 1039 717 me,
1047 672 1091 706 me
1102 655 1216 705 imitan-

686 726 730 786 d0,
749 737 775 776 et
790 726 858 777 sicut
879 743 928 793 ego
949 727 1059 777 ambulo
1080 728 1219 777 ambulan-

687 796 1219 864 dotquiainsequelaChristiperopera

686 866 803 918 caritatis
824 869 947 919 consistit
964 867 1090 934 perfectio
1112 868 1218 934 princi·

687 939 781 1004 paliter
793 949 819 990 et
839 941 984 1005 complete3
1014 939 1042 989 in
1063 948 1217 1004 paupertate

686 1020 776 1061 autem
789 1011 938 1061 voluntaria
957 1009 1081 1061 consistit
1104 1008 1217 1059 inchoa-

686 1083 739 1133 tive
750 1098 798 1149 per
808 1084 921 1134 modum
933 1081 1105 1141 removentis,
1119 1080 1215 1146 prohi-

686 1154 773 1204 bentis
787 1164 813 1204 et
824 1153 1003 1219 disponentis,
1023 1152 1087 1218 quia
1099 1167 1145 1217 per
1166 1151 1217 1200 hoc

685 1223 805 1275 aufertur
819 1239 881 1275 cura
897 1224 1096 1289 temporalium,
1120 1237 1180 1288 quae
1202 1236 1216 1271 a

685 1296 829 1347 dilectione
855 1297 904 1347 Dei
940 1296 1054 1362 impedit
1083 1297 1216 1346 animum.

686 1370 763 1420 Unde
777 1370 877 1421 Glossa
893 1388 928 1420 :a
941 1370 1103 1436 Relinquere
1126 1368 1217 1419 omnia

686 1450 725 1490 est
739 1439 782 1490 via
801 1441 834 1489 ad
848 1440 1053 1505 perfectionem
1069 1439 1115 1489 sed
1130 1439 1158 1488 in
1171 1453 1217 1488 se-

685 1511 793 1577 quendo
819 1510 940 1560 consistit
962 1510 1098 1575 perfectio.
1121 1510 1217 1574 Magna

685 1593 754 1634 certe
766 1583 851 1649 gloria
865 1592 906 1632 est
919 1582 995 1647 sequi
1015 1581 1172 1641 Dominum,
1190 1591 1216 1631 et

685 1653 746 1704 ideo
756 1655 831 1705 valde
842 1662 882 1703 est
896 1650 1085 1718 appetendum.
1098 1651 1140 1700 Ad
1153 1665 1216 1715 per-

684 1725 827 1776 fectionem
844 1742 907 1792 ergo
927 1741 982 1776 non
995 1724 1094 1775 sufficit
1109 1723 1214 1774 homini

685 1797 836 1864 relinquere
851 1811 908 1856 sua,
929 1796 981 1846 nisi
1002 1795 1150 1847 Dominum
1172 1809 1217 1844 se-

685 1879 792 1934 quatur,
807 1868 833 1919 id
859 1877 900 1919 est
923 1868 985 1927 nisi,
1007 1867 1105 1918 relictis
1129 1865 1216 1925 malis,

684 1940 761 1991 faciat
787 1941 896 1991 bona.»
913 1940 991 1991 Unde
1018 1938 1181 2005 Theophilus
1207 1955 1216 1988 .·

685 2032 699 2062 u
712 2014 781 2064 Cum
796 2022 949 2080 paupertate
970 2012 1044 2063 enim
1068 2021 1094 2061 et
1116 2021 1215 2061 ceteras

684 2085 796 2135 virtutes
817 2085 956 2136 hominem
977 2084 1076 2134 habere
1098 2091 1213 2147 oportet,

684 2157 720 2207 ob
732 2157 783 2207 boc
806 2156 844 2207 ait
862 2173 869 2206 t
888 2157 927 2207 Et
947 2155 1014 2218 veni,
1037 2167 1146 2220 sequere
1167 2167 1215 2215 me,

685 2230 712 2280 id
724 2240 765 2282 est
778 2231 806 2281 in
821 2230 916 2280 ceteris
930 2239 987 2279 esto
1002 2244 1079 2278 meus
1095 2227 1217 2292 discipu-

684 2303 737 2363 lus,
752 2311 777 2352 et
794 2302 892 2367 jugiter
904 2315 949 2349 me
966 2299 1097 2365 sequaris.
1112 2318 1125 2345 u
1140 2297 1217 2348 Unde

684 2382 711 2423 et
725 2373 912 2438 Hieronymus
923 2388 932 2420 .-
944 2388 957 2416 «
968 2368 1085 2419 Facilius
1098 2367 1218 2417 sacculus

684 2442 876 2501 contemnitur,
894 2456 975 2507 quam
989 2440 1123 2490 voluntas.
1137 2437 1216 2486 Multi

684 2515 792 2565 divitias
808 2514 990 2579 relinquentes
1002 2509 1149 2561 Dominum
1161 2524 1216 2559 non

685 2595 844 2651 sequuntur.
860 2583 989 2650 Sequitur
1012 2590 1102 2631 autem
1122 2579 1218 2629 Domi-

686 2675 762 2717 num,
774 2657 822 2724 qui
845 2657 965 2707 imitator
977 2656 1035 2719 ejus
1049 2662 1098 2713 est,
1121 2662 1147 2703 et
1170 2667 1217 2718 pet

684 2727 797 2793 vestigia
819 2726 893 2776 illius
920 2724 1049 2791 graditur.
1074 2742 1088 2770 n
1116 2721 1170 2772 Ubi
1192 2731 1217 2772 et

685 2800 816 2851 Rabanus
835 2816 843 2848 .·
859 2816 872 2844 a
883 2799 952 2847 Ecce
964 2797 1031 2846 duas
1043 2797 1111 2847 vitas
1121 2795 1215 2846 horni-

686 2870 767 2919 nibus
787 2868 938 2934 propositas
958 2867 1111 2917 audivimus
1127 2883 1134 2916 t
1150 2864 1217 2915 acti-

685 2955 755 3002 vam,
770 2939 802 2989 ad
817 2953 898 3004 quam
912 2937 1027 3003 pertinet
1041 2955 1048 2986 :
1064 2939 1128 2988 Non
1142 2935 1215 2986 occi-

686 3013 741 3074 des,
767 3022 793 3060 et
818 3019 903 3061 cetera
928 3009 1008 3075 Legis
1031 3009 1169 3069 mandata;
1191 3015 1218 3056 et

686 3073 926 3147 contemplativam,
939 3081 972 3130 ad
986 3096 1067 3146 quam
1082 3077 1216 3145 pertinet:

686 3153 719 3203 Si
734 3152 776 3203 vis
783 3151 922 3219 perfectus
933 3165 1000 3214 esse,
1016 3161 1065 3201 etc.
1077 3148 1169 3198 Activa
1182 3145 1215 3194 ad

685 3224 785 3290 Legem
809 3224 932 3290 pertinet,
959 3218 1164 3286 contemplativa
1184 3217 1217 3266 ad

687 3297 872 3362 Evangelium,
887 3295 951 3361 quia
972 3295 1041 3345 sicut
1058 3294 1142 3343 Vetus
1165 3289 1219 3338 No·

685 3385 750 3418 vum
774 3369 910 3435 praecessit
932 3370 1154 3422 Testamentum,
1182 3361 1219 3412 ita

685 3440 757 3490 bona
777 3440 846 3490 actio
868 3439 995 3506 praecedit
1018 3433 1218 3500 contemplatio-

686 3527 758 3562 nem.
770 3512 873 3563 Activis
891 3512 965 3562 enim
980 3507 1105 3560 convenit
1123 3508 1218 3558 obser·

685 3585 756 3635 vatio
783 3595 976 3651 praeceptorum
999 3597 1060 3648 quae
1086 3580 1114 3630 in
1145 3581 1215 3646 Lege

686 3657 835 3720 traduntur,
846 3654 1060 3719 contemplativis
1069 3653 1218 3705 observatio

688 3727 863 3778 consiliorum
877 3741 937 3792 quae
952 3725 980 3775 in
1003 3725 1147 3790 Evangelio
1168 3724 1219 3774 do-
