2632 4320
112 274 159 323 DE
180 273 389 323 LOCATIONE
402 271 522 322 VINEAE
538 272 584 322 ET
600 273 848 324 SANGUINARIIS
866 274 1102 327 VINITORIBUS.
1123 275 1173 325 253

53 389 176 439 virtuose
198 387 376 454 promittunt,
403 388 451 439 sed
473 403 527 437 non
549 386 590 438 fa-

53 461 141 520 ciunt,
169 461 203 511 de
229 460 330 526 quibus
353 471 417 511 sunt
440 460 518 511 multi
544 476 590 510 re·

52 530 155 596 ligiosi,
176 529 333 596 profitentes
353 545 458 581 servare
482 546 588 596 magna,

49 600 155 650 scilicet
182 601 335 666 evangelica
361 599 491 661 tonsilla,
527 617 588 650 cum

53 680 145 721 tamen
160 687 217 721 non
230 681 336 722 servent
347 672 426 722 etiam
440 681 587 737 praecepta3

54 754 165 810 propter
178 744 252 811 quod
271 746 412 806 seculares,
432 744 510 795 etiam
532 760 589 810 pec-

53 823 166 874 catores,
187 825 278 865 tamen
305 826 397 880 postea
420 816 587 881 poenitentes,

53 883 94 934 eis
124 900 215 936 coram
244 886 361 936 Domino
384 880 587 953 praeponuntur,

644 404 705 438 cum
719 388 817 439 dicitur
833 406 839 438 :
856 390 924 450 Quia
936 390 1074 455 publicani
1087 398 1113 443 et
1127 408 1177 444 me-

644 460 755 510 retrices
778 460 933 524 praecedent
960 476 1007 512 vos
1032 463 1058 512 in
1088 477 1174 530 regno

643 533 704 582 Dei.
720 533 817 582 Nullus
840 549 903 599 crgo
920 544 1040 601 peccator
1062 535 1175 597 diffidat,

643 603 734 653 nullus
749 602 836 666 justus
857 614 1009 668 praesumat,
1033 621 1094 655 cum
1119 622 1177 671 pec-

643 683 757 735 catores,
789 690 836 742 per
863 675 1066 740 poenitentiam,
1090 694 1175 744 quan·

643 746 731 811 doque
748 747 816 797 alios
840 746 869 796 in
897 762 979 813 regno
1007 747 1055 798 Dei
1081 765 1166 814 praece

642 814 715 867 dant.

551 1108 686 1160 ORATIO

87 1278 205 1330 Domine
218 1279 280 1330 Jesu
295 1278 412 1339 Christe,
433 1280 532 1329 Doctor
544 1279 622 1339 bone,
636 1279 670 1330 da
684 1280 753 1331 mihi
772 1281 910 1332 veritatem
925 1282 1004 1332 corde
1017 1284 1131 1341 credere,
1150 1295 1176 1333 ct

55 1366 104 1401 ore
118 1360 201 1416 atque
222 1365 311 1415 opere,
328 1359 408 1417 prout
429 1360 544 1416 oportet,
559 1350 693 1414 confiteri3
717 1352 898 1419 malignorum
919 1352 1065 1418 spirituum
1079 1365 1105 1404 et
1120 1354 1171 1403 lto-

56 1419 166 1470 minum
181 1421 306 1481 cautelae,
324 1429 350 1471 et
363 1417 475 1471 astutias
498 1420 632 1486 sapienter
645 1422 787 1474 declinare.
805 1424 845 1473 Da
867 1423 936 1473 mihi
958 1423 1025 1489 legis
1046 1425 1176 1475 naturalis

57 1493 186 1544 cordibus
208 1494 307 1544 nostris
321 1493 467 1560 impressae,
482 1506 507 1545 et
522 1493 588 1560 legis
601 1495 706 1561 scriptae
721 1495 749 1545 in
765 1495 841 1547 libris
859 1496 938 1546 nobis
953 1497 1029 1560 datae,
1044 1497 1175 1562 justitiam

57 1565 158 1628 facere;
175 1573 202 1615 et
214 1575 288 1614 tuam
315 1563 343 1614 in
365 1564 495 1615 omnibus
509 1567 673 1617 voluntatem
697 1566 853 1633 adimplere,
867 1577 897 1618 ut
912 1583 966 1617 non
983 1583 1044 1617 cum
1060 1572 1178 1620 secundo

60 1635 116 1688 filio
130 1653 249 1704 poenam,
265 1637 311 1687 sed
327 1652 391 1688 cum
405 1637 494 1703 primo
516 1637 727 1689 misericordiam
742 1641 813 1705 apud
829 1651 855 1689 te
869 1655 971 1690 merear
992 1642 1132 1707 consequi;
1149 1659 1179 1693 ac

60 1726 120 1760 cum
134 1724 197 1760 vere
214 1708 408 1774 poenitentibus
423 1710 536 1776 gratiam
557 1710 585 1760 in
599 1711 716 1762 Ecclesia
730 1711 871 1773 militante,
887 1721 913 1762 et
921 1712 1034 1777 gloriam
1048 1712 1076 1762 in
1086 1714 1179 1764 trium-

60 1781 159 1847 phante
172 1779 383 1832 misericorditer
397 1781 527 1833 invenire.
541 1783 638 1834 Amen.

441 2163 608 2234 CAPUT
642 2164 801 2233 XXXIII

141 2414 194 2481 Dc
217 2412 389 2482 locatione
412 2414 519 2484 viaeae
541 2425 575 2482 et
596 2414 845 2505 sanguinariis
867 2413 1092 2484 vinitoribus.

468 2659 611 2723 Matthaei
632 2682 699 2745 cap.
719 2684 770 2725 21.

97 2949 106 2983 1
122 2935 265 2984 Passuoua
277 2948 363 2983 vinae
376 2947 485 2983 uocata
497 2934 597 2984 Juonrs

71 3016 185 3054 nemis
224 3019 378 3053 trementi.
403 3031 433 3041 —-
456 3004 497 3053 Ad
525 3004 597 3054 idem

68 3072 202 3139 proposuit
223 3071 263 3123 eis
283 3072 361 3123 lesus
374 3072 462 3123 aliam
472 3073 597 3139 parabo-

69 3146 115 3197 lam
141 3146 177 3196 de
195 3145 309 3196 homine
331 3145 535 3213 patrefamilias,
551 3146 598 3212 qui

66 3217 198 3280 plantavit
209 3217 322 3278 vineam,
336 3223 362 3268 et
380 3230 467 3283 sepem
482 3217 598 3268 circum-

69 3288 140 3339 dedit
158 3287 193 3352 ei,
205 3293 232 3338 et
242 3287 320 3353 fodit
333 3288 360 3338 in
382 3301 413 3338 ea
429 3287 559 3349 torcular,
572 3293 599 3337 et

60 3358 214 3425 -aedificavit
235 3358 347 3422 turrim,
368 3365 394 3409 et
415 3358 514 3410 locavit
538 3372 598 3409 cam

66 3432 208 3499 agricolis,
229 3446 277 3482 seu
291 3431 408 3496 colonis;
433 3438 462 3483 et
480 3446 599 3500 peregre

63 3502 205 3568 profectus
230 3509 279 3553 est.
312 3502 353 3553 Illi
380 3510 471 3553 autem
506 3517 599 3553 servos

66 3587 130 3624 suos
143 3572 178 3624 ad
194 3572 379 3638 recipiendum
403 3572 507 3623 fructus
531 3572 600 3623 mis-

65 3659 110 3696 sos
130 3644 204 3695 male
230 3652 418 3704 tractaverunt,
440 3652 466 3694 et
492 3643 599 3694 occide-

65 3724 144 3780 runt;
168 3724 196 3765 et
216 3713 364 3765 novissime
384 3711 471 3763 filium
484 3713 600 3764 missum

64 3788 194 3839 heredem
220 3794 420 3852 cognoscentes,
448 3796 474 3837 et
491 3785 601 3838 heredi·

62 3869 149 3912 tatem
163 3857 265 3910 habere
277 3858 406 3919 volentes,
419 3856 600 3924 apprehende·

650 2940 732 2989 runt,
758 2939 784 2978 et
808 2938 881 2978 extra
902 2926 1009 2976 vineam
1035 2926 1179 2991 ejicientes,

651 3001 732 3052 etiam
763 2998 925 3050 occiderunt.
955 2998 989 3048 Et
1025 2997 1181 3064 interrogati

651 3074 717 3140 quid
735 3072 832 3123 iaceret
850 3071 979 3123 dominus
999 3071 1084 3122 vineae
1107 3074 1182 3123 colo-

652 3145 695 3195 nis
728 3144 797 3204 illis,
824 3142 971 3194 dixerunt:
989 3142 1083 3194 Malos
1112 3143 1182 3193 male

647 3216 752 3282 perdet,
763 3221 790 3265 et
798 3214 902 3264 vineam
916 3228 993 3264 suam
1005 3213 1105 3264 locabit
1118 3213 1182 3262 aliis

651 3286 800 3354 agricolis,
822 3285 868 3351 qui
887 3284 1003 3335 reddant
1020 3284 1045 3335 ei
1060 3283 1182 3348 fructum

652 3359 815 3425 temporibus
829 3359 896 3408 sais.
911 3357 1019 3418 Quibus
1033 3356 1090 3422 ipse
1104 3354 1183 3413 dixit,

653 3429 718 3496 quia
726 3429 869 3496 auferetur
880 3428 914 3477 ab
929 3425 969 3477 eis
989 3439 1103 3490 regnum
1116 3423 1168 3473 Dei
1172 3440 1182 3486 ;

652 3507 679 3552 ct
705 3500 813 3550 dabitur
839 3497 915 3564 genti
931 3495 1048 3561 facienti
1070 3495 1184 3559 fractus

653 3571 721 3638 ejus.
735 3571 766 3620 In
776 3571 826 3620 hac
836 3567 960 3635 parabola
970 3565 1098 3616 describit
1114 3564 1182 3614 mul-

653 3640 781 3707 tipliciter
806 3637 933 3688 malitiam
960 3646 986 3686 et
1004 3633 1181 3701 ingratitudi-

653 3729 715 3765 nem
739 3713 903 3769 ludaeorum,
920 3708 1020 3774 quibus
1044 3709 1116 3757 Deus
1133 3722 1182 3772 pa-

654 3781 809 3835 terfamilias
835 3779 881 3847 qui
917 3787 1011 3828 natura
1040 3777 1184 3839 Dominus,

655 3852 839 3908 benevolentia
860 3860 941 3918 pater,
955 3849 1039 3900 homo
1056 3864 1185 3900 mansue-
