2632 4320
124 287 172 338 DE
186 287 320 338 PASCHA
338 289 384 338 ET
395 273 511 338 VARllS
526 287 635 336 HUJUS
654 285 800 336 NOMlNlS
821 287 1109 337 ACCEPTIONIBUS.
1129 285 1182 352 379

59 403 104 465 de,
115 403 265 453 secundum
279 404 470 470 augustinum,
486 403 594 469 signum

59 474 151 524 crucis
163 489 178 524 a
192 475 273 524 nobis
286 475 392 541 repellit
403 476 595 525 exterminato-

61 562 130 608 rem,
148 547 171 598 si
193 558 284 599 tamen
306 564 352 598 cor
372 560 494 599 nostrum
512 547 596 606 Chri-

62 627 137 668 stum
160 619 258 670 habeat
282 619 499 680 inhabitatorem,
520 620 596 684 cujus

60 691 196 757 sanguine
219 691 325 742 illinitis
339 692 462 757 postibus
485 692 595 750 nostris,

62 761 91 813 id
114 770 155 812 est
174 763 251 829 cujus
274 764 362 814 crucis
386 763 462 830 signo
483 762 596 830 signatis

61 833 198 885 frontibus
217 836 325 899 nostris,
344 835 523 901 aperditione
541 835 595 884 hu-

60 905 104 969 jus
132 905 215 955 seculi
241 913 372 972 tanquam
401 921 417 956 a
446 905 596 972 captivitate

61 977 223 1044 AEgyptiaca
247 978 409 1042 liberamur3
438 987 465 1028 et
489 977 596 1044 agimus

60 1048 269 1099 saluberrimum
298 1050 461 1112 transitum,
491 1064 553 1099 cum
580 1065 595 1099 a

59 1117 171 1168 diabolo
188 1119 332 1169 transimus
351 1121 383 1170 ad
401 1120 552 1179 Christum,
569 1130 596 1169 et

63 1190 97 1241 ab
113 1189 167 1240 isto
182 1191 301 1242 instabili
316 1194 407 1242 seculo
419 1193 451 1243 ad
466 1193 524 1257 eins
537 1192 596 1242 fun·

63 1261 236 1312 datissimum
247 1278 372 1330 regnum.
388 1265 540 1315 Secundum
552 1280 596 1314 au·

62 1341 117 1382 tem
137 1332 250 1394 Bedam,
275 1334 340 1400 quia
362 1335 466 1384 Paschae
487 1335 544 1385 dies
566 1335 594 1384 in

62 1403 166 1471 azymis
178 1403 295 1470 panibus
315 1416 356 1457 est
375 1407 501 1457 celebrari
524 1422 594 1472 prae-

63 1484 166 1541 ceptus,
180 1485 208 1526 et
227 1491 284 1526 uno
302 1476 347 1528 die
365 1493 435 1543 agno
455 1477 595 1527 immolato

63 1545 97 1596 ad
108 1560 260 1611 uesperam,
272 1557 406 1616 septem
386 1563 419 1598 ex
429 1548 525 1598 ordine
538 1548 596 1598 dies

63 1625 214 1682 sequuntur
229 1632 399 1683 azymorum,
417 1619 495 1668 lesus
512 1619 596 1668 semel

62 1702 110 1754 pro
133 1688 218 1739 aolnis
241 1705 335 1770 passus
357 1701 412 1752 est,
434 1700 461 1740 et
484 1690 517 1742 de
542 1691 595 1742 hoc

63 1759 169 1809 mundo
190 1759 323 1811 transiens
342 1776 390 1826 per
412 1777 494 1812 omne
516 1763 596 1812 nobis

62 1829 149 1896 hujus
166 1831 250 1882 sectili
264 1841 382 1898 ternpus,
396 1834 472 1900 quod
489 1845 594 1900 septem

651 402 746 453 diebus
758 403 855 469 agitur,
877 403 906 454 in
920 403 1022 471 azymis
1040 403 1181 455 sincerita-

651 472 686 522 tis
711 482 737 523 et
759 473 879 524 veritatis
905 473 1031 540 praecepit
1054 489 1111 525 esse
1138 475 1182 524 vi-

650 547 785 608 vendum;
821 556 847 596 et
882 547 958 612 quasi
993 547 1094 597 Pascha
1120 562 1181 612 per-

650 625 760 682 petuum
784 616 914 678 faciendo,
940 634 1047 684 semper
1070 634 1102 668 ex
1130 619 1182 668 hoc

649 691 754 741 rnundo
765 692 968 752 transeundum,
984 703 1095 758 totoque
1109 707 1181 742 sem-

650 777 698 828 per
722 762 783 812 nisu
815 763 946 813 desideria
974 764 1075 827 seculi,
1104 764 1181 830 quasi

649 836 759 902 AEgypti
783 836 927 886 retinacula
944 836 1049 901 fugere,
1073 846 1098 886 et
1115 852 1182 903 qua-

650 905 673 956 si
690 921 708 956 a
721 906 859 956 mundana
873 906 1072 956 conversatione
1094 921 1183 956 secre-

649 986 706 1027 tam
724 976 901 1027 solitudinem
921 977 972 1028 iter
987 992 1036 1027 nos
1057 977 1183 1027 admonet

651 1048 743 1100 subire
755 1049 896 1100 virtutum.

682 1139 697 1189 7
712 1123 832 1173 Rnnrrus
848 1125 958 1175 Cnnrsrr
972 1139 999 1172 nr
1014 1124 1181 1173 Barnanran.

629 1221 680 1243 .·-
699 1195 763 1244 Post
775 1193 833 1244 haec
853 1193 987 1244 Dominus
1005 1194 1080 1243 Jcsus
1102 1193 1183 1243 rediit

649 1280 710 1315 cum
724 1263 864 1329 discipulis
882 1265 1024 1314 duodecim
1039 1263 1067 1312 in
1081 1264 1181 1313 Betha-

649 1336 732 1394 niam,
752 1345 778 1385 et
792 1335 891 1385 mansit
913 1336 984 1401 apud
1003 1336 1143 1397 Lazarum,
1158 1345 1184 1384 ct

649 1406 793 1466 Martham,
808 1416 835 1456 et
849 1405 972 1465 Mariam,
993 1421 1099 1456 sorores
1114 1406 1182 1469 ejus,

648 1477 747 1528 docens
770 1490 816 1525 eos
836 1491 911 1526 more
930 1476 1011 1526 solito
1035 1485 1060 1526 et
1073 1476 1183 1526 confor-

649 1558 717 1598 tans
732 1547 765 1597 Et
786 1545 885 1596 deinde
901 1562 958 1596 non
975 1547 1047 1597 venit
1061 1547 1091 1597 in
1104 1548 1184 1598 Jeru-

649 1620 742 1678 salem,
758 1617 829 1668 sicut
849 1627 910 1668 ante
925 1616 1033 1679 fecerat,
1047 1634 1136 1684 usque
1150 1617 1184 1668 ad

649 1688 721 1740 diem
743 1702 842 1750 ccenae3
867 1696 893 1737 et
918 1687 957 1737 sic
982 1688 1065 1738 Judaei
1090 1689 1180 1737 locum

649 1775 730 1810 suurn
753 1759 889 1808 habebant
915 1757 1043 1808 tractandi
1070 1757 1184 1808 liberius

649 1833 685 1884 de
696 1847 745 1884 sua
759 1840 856 1882 morte.

550 2083 688 2134 ORATIO

93 2256 213 2309 Domine
227 2258 290 2309 iesu
312 2259 429 2321 Christe,
449 2261 497 2328 qui
518 2263 563 2312 dia
582 2261 661 2313 tertia
680 2271 743 2312 ante
757 2271 864 2326 tempus
885 2257 1024 2308 Passionis
1043 2265 1069 2306 et
1088 2254 1184 2304 mortis

64 2338 134 2389 ΝΒ,
151 2328 293 2395 discipulis
311 2331 365 2382 tuis
379 2332 481 2383 Pascha
499 2344 527 2384 et
541 2332 686 2383 transitum
701 2342 780 2383 tuum
794 2347 827 2381 ex
841 2331 893 2381 hoc
906 2329 1011 2380 mundo
1026 2324 1184 2392 predixisti,

62 2401 97 2452 dl
116 2401 192 2452 mihi
209 2417 353 2468 peremne
372 2414 480 2470 tempus
496 2407 560 2457 vitae
577 2421 645 2457 meae
664 2405 693 2456 in
716 2404 818 2472 azymis
838 2401 1002 2454 sinceritatis
1018 2410 1045 2449 et
1065 2397 1185 2449 veritatis

62 2470 166 2536 vivere,
181 2488 279 2540 meque
292 2474 327 2524 cle
346 2475 398 2525 hoc
419 2477 522 2526 mundo
536 2476 650 2527 transire
669 2493 724 2526 non
743 2475 882 2541 permittas
902 2482 1046 2536 antequam
1070 2483 1117 2533 per
1134 2466 1184 2516 tri-

62 2542 148 2595 duum
160 2545 339 2612 penitentiae,
353 2546 457 2597 scilicet
470 2547 559 2598 cordis
572 2547 773 2607 contritionem,
787 2544 844 2595 oris
857 2542 1064 2598 confessionem,
1079 2547 1106 2587 et
1124 2551 1187 2601 ope-

61 2612 100 2664 ris
118 2615 341 2677 satisfactionem,
358 2627 466 2682 peccata
489 2633 550 2668 mea
566 2619 659 2669 omnia
677 2618 777 2677 deleas,
793 2616 896 2665 donans
916 2610 986 2662 mihi
1010 2605 1185 2659 sacratissimi

62 2683 192 2751 Corporis
206 2698 233 2738 et
251 2687 396 2754 Sanguinis
408 2688 448 2737 tui
462 2689 692 2748 communionem,
706 2688 759 2738 olei
776 2685 843 2736 sacri
860 2694 1028 2744 unctionem,
1039 2694 1070 2729 ac
1083 2679 1112 2728 in
1129 2690 1185 2726 om·

62 2754 146 2807 nibus
165 2757 312 2824 perfectam
331 2761 613 2826 consummationem
636 2770 664 2810 et
681 2774 725 2810 me
742 2759 850 2809 tandem
876 2756 988 2808 feliciter
1008 2764 1185 2804 consumma-

61 2835 122 2879 tum
138 2828 257 2880 transire
272 2829 355 2880 iacias
377 2829 409 2879 ad
431 2839 459 2881 te
484 2832 671 2893 dulcissimum
693 2829 844 2880 Dominum
865 2843 968 2887 meum,
991 2838 1073 2890 super
1091 2820 1185 2872 omnia

61 2899 245 2954 benedictam.
259 2903 355 2953 Arnen.

544 3380 735 3506 Q
