2632 4320
493 287 541 338 ET
558 287 796 339 NUMERORUM.
1156 295 1207 347 441

94 421 128 469 14
158 403 283 454 Tolerare
323 402 450 452 docemur
484 417 545 468 quae

122 473 306 539 temporaliter
328 472 480 532 molestant,
503 488 546 523 re-

704 400 809 451 frenare
834 410 924 451 autem
945 413 1007 465 quae
1023 407 1132 463 tempo-

706 473 796 524 raliter
810 472 955 523 delectant.
1162 469 1213 534 134

318 668 435 720 CAPUT
450 670 534 721 XVII.
550 698 580 708 -
596 670 639 720 De
652 668 856 720 resuscitatione
871 666 987 734 Macri.

111 855 120 889 1
139 839 250 889 Morbus
264 836 354 889 Lazari
363 836 471 888 Christo
481 853 548 887 nun-

122 908 213 960 tiatur.
573 903 623 957 136

108 997 123 1030 z
140 981 200 1040 Quo
214 995 295 1031 sensu
312 978 438 1029 Christus
461 978 545 1029 disci-

121 1050 194 1117 pulis
209 1050 327 1101 dixerit:
344 1049 457 1100 Lazarus
475 1047 546 1099 ami-

120 1137 169 1173 cus
187 1133 278 1173 noster
297 1121 415 1171 dormit?
573 1119 622 1186 137

105 1193 119 1244 3
136 1194 234 1258 Aperte
256 1192 296 1244 eis
317 1201 432 1242 mortem
452 1189 545 1241 Lazari

122 1263 252 1315 nuntians
266 1262 354 1331 pergit
365 1261 533 1313 Bethaniam.
574 1260 623 1321 13.8

104 1353 124 1401 4
146 1336 250 1386 Martha
274 1344 300 1397 et
325 1334 408 1385 Maria
430 1332 548 1384 Domino

120 1416 274 1458 occurrunt.
573 1401 622 1452 138

107 1477 283 1542 5Fremitus,
313 1474 431 1527 turbatio
456 1483 482 1525 et
506 1474 548 1524 Ia-

121 1564 220 1616 crymae
234 1548 346 1601 Christi.
574 1543 625 1612 139

105 1621 124 1672 6
140 1623 275 1674 Dominus
295 1637 375 1674 orans
396 1620 428 1671 ad
450 1635 550 1670 monu-

123 1705 245 1746 mentum
262 1693 352 1746 Lazari
365 1692 431 1760 quid
444 1707 494 1743 nos
506 1692 550 1742 do

122 1767 196 1819 ceati
578 1778 626 1827 140
640 1815 642 1819 .

695 853 710 903 7
725 835 840 886 Lazarus
855 834 932 885 vivus
944 832 1026 887 exita
1040 848 1135 884 monu-

709 916 811 956 mento.
1162 919 1207 968 141

694 976 841 1045 8Mystice
865 991 937 1026 mors
961 975 1060 1026 animae
1086 991 1133 1042 per

709 1058 824 1099 mortem
840 1047 932 1098 Lazari
945 1047 1058 1112 signata.
1162 1063 1209 1113 14²

694 1137 711 1189 9
727 1121 824 1171 Decem
837 1135 898 1187 qure
909 1120 1008 1170 debent
1021 1133 1131 1170 concur-

709 1209 766 1244 rere
787 1194 817 1245 in
845 1192 989 1260 peccatoris
1018 1191 1135 1242 resusci-

709 1267 820 1332 tatione,
844 1282 891 1334 per
919 1265 1134 1317 circumstantias

709 1337 893 1389 suscitationis
907 1335 998 1388 Lazari
1012 1335 1124 1402 signata.
1162 1351 1210 1401 142

682 1426 712 1461 ro
735 1411 765 1461 In
791 1425 871 1461 sensu
900 1409 995 1461 morali
1018 1410 1134 1459 Lazarus

709 1491 750 1532 est
773 1490 854 1547 typus
877 1481 992 1546 graviter
1017 1488 1135 1531 tentato-

709 1567 780 1601 rum.
1162 1547 1210 1614 143

683 1637 710 1671 11
731 1621 851 1685 Tempus
867 1636 922 1686 quo
943 1630 1074 1686 patratum
1095 1627 1135 1670 est

710 1690 762 1742 hoc
776 1689 936 1748 miraculum
952 1701 978 1742 et
993 1689 1079 1756 ipsius
1092 1689 1135 1740 ef-

711 1759 803 1811 fectus.
1162 1773 1212 1823 144

154 1963 272 2014 CAPUT
290 1958 383 2012 XVIII.
398 1987 428 1997 -
442 1960 485 2010 De
498 1958 697 2024 conspiratione
718 1957 879 2026 Pontificum
893 1964 920 2009 et
933 1956 1137 2008 Pharisaeorum

547 2053 640 2098 contra
654 2047 757 2097 Jesum.

112 2259 122 2293 1
138 2241 291 2294 Concilium
304 2257 319 2294 a
334 2242 477 2294 Pharisaeis
490 2258 550 2294 con·

126 2324 166 2363 tra
177 2314 269 2364 Jesum
283 2315 433 2365 collectum.
577 2312 626 2378 145

109 2402 125 2436 2
144 2386 255 2453 Caiphae
268 2386 417 2453 prophetia.
578 2385 627 2451 146

110 2460 125 2510 3
143 2459 254 2524 Triplici
269 2461 302 2510 de
321 2461 426 2511 ratione
440 2460 551 2526 expedi-

123 2530 162 2580 vit
176 2530 317 2582 Christum
335 2531 413 2582 mori.
579 2547 628 2598 147

106 2617 126 2666 4
138 2603 202 2665 Cur,
215 2602 308 2653 habito
324 2601 375 2653 hoc
389 2609 469 2668 pravo
484 2617 552 2653 con-

707 2242 778 2302 cilio,
793 2242 862 2308 fugit
876 2241 1029 2294 Dominus?
1163 2240 1212 2306 148

695 2312 708 2363 5
732 2314 811 2366 Multi
831 2315 915 2366 Judaci
941 2314 1135 2379 lerosolymam

707 2388 845 2438 venientes
858 2387 890 2436 ad
905 2387 1002 2437 festum
1025 2384 1134 2434 Paschae

708 2459 742 2508 de
755 2457 856 2509 Christi
870 2456 991 2507 absentia
1003 2454 1137 2506 sciscitan-

709 2540 763 2581 tur.
1164 2539 1213 2592 ¹49

695 2599 711 2651 6
727 2601 774 2652 Pia
787 2598 902 2651 auctoris
916 2596 1106 2648 consideratio.
1161 2591 1212 2644 15ο

237 2797 356 2849 CAPUT
371 2798 440 2848 XIX.
455 2827 485 2837 -
499 2802 541 2853 De
554 2803 642 2854 decem
658 2799 773 2868 leprosis
786 2813 804 2849 a
817 2797 932 2850 Domino
944 2794 1060 2845 curatis.

112 2990 121 3023 1
138 2973 264 3024 Christus
280 2990 330 3025 suo
343 2977 467 3042 exemplo
480 2992 551 3044 qua·

123 3055 185 3094 tuor
200 3045 311 3096 virtutes
336 3048 482 3099 cardinales
499 3065 549 3101 nos

125 3116 212 3166 docet.
577 3122 627 3175 150

110 3201 126 3234 a
143 3186 277 3237 Occursus
296 3196 322 3238 et
344 3190 483 3241 mundatio
499 3192 549 3250 de·
567 3206 569 3210 ⁴

125 3271 183 3306 cem
200 3258 376 3323 leprosorum.
579 3264 624 3315 151

111 3326 125 3376 3
154 3328 190 3408 111Ι
205 3328 382 3392 Samaritano,
403 3333 452 3398 qui
477 3333 552 3386 solus

125 3408 222 3463 gratias
253 3410 361 3451 acturus
394 3403 551 3465 revertitur,

124 3469 279 3534 reprobatio
326 3471 482 3523 Iudaeorum
526 3485 553 3525 et

125 3540 275 3592 Gentilium
288 3544 391 3595 vocatio
405 3545 555 3612 praefigura-

708 2988 761 3030 tur.
1164 2968 1211 3020 152

693 3066 711 3115 4
725 3051 809 3114 Lepra
823 3055 863 3097 est
876 3053 1012 3111 peccatum
1028 3041 1056 3093 in
1071 3056 1136 3092 sen·
1162 3104 1166 3111 .

709 3137 742 3172 su
756 3117 879 3186 mystico.
1102 3136 1105 3143 ·
1163 3108 1210 3162 153

697 3192 711 3243 5
734 3192 861 3259 Quinque
878 3188 999 3240 facienda
1012 3203 1027 3239 a
1041 3200 1136 3253 pecca·

709 3273 767 3314 tore
780 3261 867 3313 sanari
882 3262 996 3311 volente.
1164 3252 1213 3318 154

696 3334 799 3395 oQuid
822 3334 931 3400 signant
951 3326 1136 3380 Samaritanus

711 3407 818 3458 rediens
841 3417 867 3457 et
892 3416 990 3455 novem
1013 3398 1059 3451 alii
1083 3415 1137 3449 non

712 3475 892 3531 revertentes?
1165 3464 1215 3530 154

698 3563 713 3613 7
730 3544 934 3613 Ingratitudinis
947 3539 1128 3607 reprehensio.
1166 3535 1213 3588 155

175 3736 293 3788 CAPUT
308 3739 366 3790 xx.
380 3768 410 3778 -
425 3741 467 3792 De
481 3741 666 3793 samaritanis
680 3739 822 3807 hospitium
837 3737 952 3789 Domino
967 3732 1137 3800 negantibus,

118 3924 127 3957 1
153 3907 276 3958 Sebastes
296 3908 389 3959 incolae
405 3908 556 3976 hospitium

129 3978 238 4029 Christo
255 3979 396 4045 denegant.
585 3981 634 4049 157

695 3923 712 3958 z
727 3906 889 3959 Volentibus
902 3904 1007 3955 nullum
1018 3906 1052 3959 ad
1064 3904 1139 3956 salu·

712 3987 767 4031 tem
783 3976 1018 4045 impedimentum.
1166 3968 1215 4035 157
