2632 4320
377 315 425 367 DE
438 314 800 367 TRANSFIGURATIONE
819 316 955 369 DOMINI.
1191 334 1223 370 21

107 428 249 495 dientiam;
270 430 399 492 loannes,
419 429 511 497 inquo
532 431 638 498 gratia,

107 497 232 566 significat
256 501 431 564 munditiam3
447 501 569 563 lacobus,
590 501 638 568 qui

106 572 285 636 luctator,vel
302 574 488 640 supplantans,
504 574 640 641 significat

106 634 285 710 paupertaiem
307 645 485 710 vqluntariam
507 663 514 697 :
540 655 566 698 et
589 645 639 697 ista

105 715 151 766 tria
164 715 267 767 faciunt
289 715 380 768 ridere
400 716 546 769 claritatem
565 718 637 769 divi-

106 800 172 847 nam,
184 785 257 837 sicut
271 786 316 838 isti
329 787 455 838 viderunt
468 787 637 854 transfigura-

105 857 211 910 tionem.
222 859 301 910 Felix
315 859 363 926 qui
378 859 456 912 talem
467 871 598 923 montem,
606 861 636 911 id

104 942 139 983 est
163 933 341 985 eminentiam
364 934 426 985 vitae
450 936 577 997 ascendit,
607 935 636 985 in

103 1017 150 1070 quo
166 1013 234 1055 sunt
254 1014 308 1055 tres
321 1005 428 1071 gradus,
452 1005 554 1058 scilieet
567 1023 574 1057 :
587 1006 637 1057 ab·

68 1074 71 1079 ’
102 1072 173 1137 Maio
195 1075 250 1136 sui,
270 1074 441 1127 mortificatio
457 1076 554 1141 carnis,
570 1092 635 1128 con-

102 1153 216 1210 temptus
231 1146 375 1197 mundanae
389 1146 583 1212 prosperitatis,
603 1147 637 1197 de

101 1214 198 1280 quibus
227 1231 309 1282 supra
343 1216 467 1282 proximo
495 1217 635 1283 capitulo:

101 1285 203 1352 Siquis
219 1288 278 1337 uult
291 1294 356 1352 post
378 1301 419 1338 me
440 1289 538 1353 uenire,
554 1289 636 1339 aine·

101 1360 141 1422 get
158 1357 348 1423 semetipsum,
377 1363 404 1408 et
426 1358 504 1409 tollat
532 1372 635 1409 erucem

101 1441 181 1492 suam,
195 1435 222 1480 et
238 1436 366 1495 sequatur
375 1431 432 1482 mel
445 1431 521 1482 Felix
535 1431 582 1498 qui
598 1430 636 1483 sic

102 1497 214 1548 orationi
247 1497 350 1550 insistit
376 1500 429 1567 pie,
460 1500 575 1553 fideliter
610 1512 636 1553 et

102 1580 307 1632 perseveranter,
329 1571 413 1622 donec
435 1583 560 1639 appareat
575 1575 635 1641 glo-

102 1635 135 1689 ria
158 1639 188 1689 in
216 1639 284 1692 facie
300 1641 400 1702 clerici,
420 1643 468 1710 qui
489 1643 635 1710 transfigu-

104 1719 192 1759 rantur
214 1709 245 1760 in
266 1711 352 1761 solem
379 1713 444 1763 dum
472 1713 564 1764 lucent
589 1730 636 1781 per

104 1780 252 1843 scientiam,
278 1784 373 1834 ardent
405 1800 452 1850 per
483 1785 635 1848 caritatem,

105 1851 255 1907 illuminant
281 1872 329 1923 per
356 1856 558 1925 exemplum'et
583 1861 635 1911 do-

104 1925 224 1991 ctrinam3
257 1938 284 1978 et
307 1928 336 1979 in
366 1929 534 1981 vestimentis
565 1930 634 1992 laici,

102 1995 196 2062 quibus
227 1999 328 2051 sufficit
353 2002 449 2052 albedo
485 2002 556 2054 nivis
589 2019 636 2069 per

102 2069 261 2120 munditiam
286 2071 395 2138 mentis,
414 2073 501 2124 carnis
522 2084 548 2126 et
568 2089 634 2141 ope-

102 2137 152 2190 ris!

128 2226 146 2276 4
174 2213 323 2264 Anrsnmo
361 2215 461 2266 Mousrs
491 2233 525 2267 nr
561 2219 634 2270 Eun

102 2296 211 2342 uosque
236 2301 335 2336 causta.
348 2315 380 2323 —
394 2286 433 2339 Et
458 2301 518 2340 eece
545 2303 634 2356 appa·

102 2363 207 2409 ruerunt
222 2358 280 2409 illis
294 2358 411 2427 Moyses
432 2361 485 2426 jam
499 2373 633 2424 mortuus,

102 2429 245 2479 secundum
268 2429 397 2493 animam,
421 2431 450 2482 in
465 2448 575 2498 corpore
588 2449 633 2484 as-

102 2509 214 2565 sumpto,
245 2501 287 2550 vel
319 2500 371 2550 sibi
398 2503 538 2569 adaptato,
565 2503 634 2555 sicut

101 2571 205 2633 quando
225 2581 355 2637 apparent
376 2573 473 2639 Angeli
495 2573 522 2624 in
538 2591 633 2640 corpo·

101 2639 169 2692 ribus
192 2643 355 2709 assumptis;
384 2651 410 2695 et
437 2645 520 2696 Elias
544 2647 631 2699 adhuc

99 2711 171 2763 rivus
186 2712 217 2763 in
234 2713 325 2765 anima
335 2735 338 2740 ·
347 2725 374 2766 et
389 2731 500 2781 corpore
511 2717 630 2785 proprio,

97 2782 188 2834 allatus
210 2783 245 2834 de
280 2785 412 2849 paradiso.
441 2787 634 2853 Apparuerunt·

97 2867 155 2904 etim
169 2853 281 2905 Christo
303 2854 348 2906 isti
369 2857 423 2907 duo
443 2857 630 2925 potiusquam

97 2923 150 2985 alii,
168 2925 237 2975 alter
261 2934 394 2991 mortuus,
410 2927 476 2976 alter
493 2928 581 2979 adhuc
595 2929 631 2979 vi-

97 3008 152 3054 rus,
178 2994 208 3044 in
224 2994 334 3061 signum
349 2997 421 3062 quod
438 2997 590 3048 'viventium
606 3008 631 3049 et

97 3075 277 3127 mortuorum,
296 3081 344 3117 seu
361 3067 423 3118 vitae
438 3076 463 3118 et
485 3068 580 3120 mortis
596 3070 631 3121 sit

96 3135 240 3197 Dominus,
252 3146 278 3188 et
291 3139 364 3203 quod
377 3138 439 3204 justi
449 3150 504 3190 tam
520 3141 630 3202 mortui,

95 3207 141 3272 qui
151 3223 200 3273 per
215 3208 337 3273 Moysen,
353 3224 434 3275 quam
444 3209 507 3271 vivi,
522 3212 569 3277 qui
584 3228 631 3278 per

95 3276 191 3345 Ellam,
207 3277 255 3344 qui
274 3287 396 3345 tempore
407 3279 499 3344 judicii
520 3283 562 3332 vel
577 3282 629 3333 vivi

95 3346 121 3398 in
132 3363 213 3399 carne
227 3348 388 3415 reperiendi,
402 3351 444 3401 vel
459 3366 474 3402 a
488 3357 631 3405 mortere-

95 3418 243 3470 suscitandi
262 3430 336 3481 sunt,
361 3421 497 3486 regnaturi
515 3433 579 3474 sunt
602 3424 630 3474 in

94 3488 255 3553 gluriacum
268 3490 325 3541 illo.
342 3491 417 3552 Item,
432 3502 463 3542 ut
487 3494 630 3546 ostendant

95 3558 184 3626 ipsum
203 3575 263 3611 esse
279 3577 361 3627 quem
375 3562 455 3628 Legis
471 3573 497 3614 at
512 3565 630 3631 Prophe-

95 3639 182 3682 tarum
196 3632 295 3698 scripta
302 3633 484 3700 praedixerunt
493 3645 519 3686 et
527 3637 631 3701 promi·

95 3712 198 3765 serunt,
208 3713 235 3754 et
245 3712 276 3753 ut
285 3702 349 3754 hinc
358 3715 482 3770 appareat
491 3707 564 3772 quod
576 3707 630 3757 Lex

96 3782 121 3824 et
135 3773 279 3840 Prophetae
293 3789 309 3825 a
322 3775 443 3826 doctrina
456 3777 557 3827 Christi
576 3794 630 3828 non

95 3842 264 3908 discordant3
280 3854 307 3894 et
321 3847 396 3912 quod
422 3846 486 3897 finis
503 3847 584 3914 Legis
604 3856 630 3898 et

96 3913 290 3980 Prophetarum
305 3915 333 3966 in
347 3931 398 3967 suo
409 3932 534 3969 sermone
554 3919 630 3970 Chri·

693 441 750 483 stus
769 442 833 497 erat,
857 440 884 483 et
908 433 965 498 ejus
994 431 1093 499 gloria,
1119 441 1228 500 propter

691 518 774 568 quam
788 512 929 570 venerant;
945 514 971 554 et
985 515 1015 555 ut
1030 503 1088 570 ipse
1100 504 1226 556 ostende-

692 583 732 623 ret
754 588 784 624 se
808 589 865 626 esse
895 590 977 641 supra
1006 575 1113 642 Legem,
1141 590 1225 642 quam

691 643 796 708 Moyses
820 644 967 711 Legislator
994 645 1075 707 dedit,
1100 656 1126 697 et
1144 660 1226 711 supra

692 714 847 780 Prophetas,
862 715 933 767 inter
951 731 1021 782 quos
1039 717 1111 768 Elias
1123 716 1225 784 praedi·

689 793 762 837 cator
784 785 933 851 praecipuus
952 786 1012 837 fuit.
1042 787 1093 838 Per
1113 788 1223 854 Moysen

689 854 800 920 quidem
812 855 977 923 significatur
991 857 1063 922 Lex;
1078 872 1126 923 per
1137 857 1223 908 Ellam

691 925 843 990 Prophetae3
858 936 884 977 et
902 942 950 992 per
971 926 1120 978 Dominum
1136 928 1224 979 Evan-

689 995 800 1061 gelium.
840 997 972 1063 Apparuit
996 1013 1059 1063 ergo
1089 998 1225 1050 Dominus

689 1065 796 1117 medius
808 1065 878 1118 inter
891 1069 1002 1136 Moysen
1015 1078 1041 1119 et
1053 1068 1150 1130 Ellam,
1161 1078 1223 1120 tan·

688 1151 771 1201 quam
785 1135 843 1200 ipse
862 1147 887 1187 et
903 1137 1076 1204 Evangelium
1095 1138 1225 1190 haberent

688 1223 704 1258 a
725 1209 794 1274 Lege
818 1219 844 1260 et
864 1210 1004 1276 Prophetis
1027 1209 1223 1262 testimonium.

689 1281 764 1341 Item,
780 1297 852 1332 unus
864 1293 996 1343 mortuus,
1013 1294 1040 1335 et
1062 1285 1128 1334 alter
1140 1283 1225 1335 ‘vivus

688 1353 820 1418 apparuit,
849 1365 880 1406 ut
903 1354 1057 1422 significent
1082 1355 1224 1407 Christum

689 1425 871 1487 moriturum,
896 1437 923 1478 et
949 1429 1049 1480 iterum
1071 1429 1223 1493 victurum;

687 1497 739 1560 vel,
762 1508 793 1548 ut
812 1513 862 1548 nos
880 1500 980 1551 mortui
1001 1499 1088 1552 simus
1111 1500 1223 1561 mundo,

687 1567 742 1619 vivi
758 1579 849 1620 autem
868 1572 933 1622 Deo.
953 1573 1030 1632 ltem,
1049 1583 1079 1624 ut
1093 1588 1126 1624 ex
1147 1571 1223 1623 omni

687 1649 762 1706 parte
782 1642 908 1694 Christus
931 1643 1117 1695 testimonium
1138 1644 1224 1695 habe-

689 1723 728 1762 ret
745 1702 757 1763 i
768 1713 800 1763 de
820 1716 887 1765 coelo
916 1714 1023 1767 Patrem
1049 1717 1076 1767 in
1097 1733 1170 1779 voce,
1191 1717 1225 1767 de

688 1782 787 1833 aethere
796 1785 905 1845 nubem,
916 1786 949 1836 de
956 1786 1079 1852 paradiso
1087 1788 1183 1848 Ellam,
1191 1787 1224 1837 de

688 1867 757 1908 terra
771 1857 924 1923 Apostolos,
933 1859 966 1910 de
981 1858 1088 1910 inferno
1101 1860 1222 1926 Moysen.

688 1927 726 1978 Et
738 1926 912 1994 loquebantur
926 1944 984 1981 eum
999 1931 1077 1982 illo..
1087 1968 1094 1981 .
1105 1936 1131 1981 et
1149 1930 1223 1982 diee-

689 1998 752 2048 baut
760 2012 900 2050 excessum
912 2000 979 2067 ejus,
994 2016 1069 2067 quem
1077 2001 1223 2067 completu-

688 2085 736 2121 rus
745 2077 805 2122 erat
819 2072 846 2123 iu
855 2072 1017 2137 Jerusalem,
1029 2074 1056 2125 id
1071 2084 1111 2124 est
1123 2073 1225 2125 Passio-

689 2156 761 2205 nem,
783 2140 812 2191 in
832 2157 885 2208 qua
900 2142 953 2213 fuit
974 2159 1099 2195 excessus
1112 2143 1223 2205 amoris,

687 2211 789 2264 doloris
828 2221 853 2264 et
877 2213 1048 2267 humilitatis.
1079 2215 1117 2266 lbi
1149 2214 1223 2266 enim

687 2296 763 2332 amor
783 2282 835 2334 fuit
849 2299 928 2350 supra
944 2300 1109 2346 mensuram,
1124 2301 1224 2337 secun·
1277 2295 1280 2304 “

687 2355 753 2405 dum
777 2356 845 2407 illud
868 2357 978 2408 loannis
992 2375 1000 2409 ε
1014 2358 1150 2423 Maiorem
1172 2359 1224 2410 itae

687 2426 863 2490 dilectionem,
878 2439 938 2491 etc.·,
954 2429 1040 2491 dolor,
1060 2445 1141 2494 supra
1154 2445 1223 2480 con-

686 2497 865 2559 suetudinem,
879 2500 1026 2549 secundum
1048 2499 1114 2549 illud
1133 2500 1223 2550 Thre-

687 2581 785 2615 norum
800 2567 847 2617 :0
871 2582 919 2618 uos
946 2558 1036 2618 omines
1059 2569 1105 2634 qui
1137 2575 1224 2620 traus-

686 2635 749 2685 itis!
763 2644 824 2700 etc.;
834 2635 983 2697 humilitas,
992 2653 1073 2704 supra
1085 2637 1221 2702 virtutem,

686 2706 833 2768 secundum
852 2706 918 2757 illud
942 2707 1116 2759 Threnorum
1137 2726 1144 2760 :
1166 2710 1222 2761 Re·
1249 2723 1252 2727 ’

685 2776 799 2827 cordare
815 2777 996 2843 paupertatis,
1012 2789 1061 2829 etc.
1077 2779 1164 2846 Loqui
1178 2795 1223 2830 au·

684 2854 738 2896 tem
749 2845 870 2912 ipsorum
887 2857 935 2908 est,
951 2849 1032 2899 talem
1048 2850 1160 2915 gratiam
1175 2866 1220 2901 re-

684 2911 848 2983 demptionis
869 2918 986 2970 futuram
1001 2934 1048 2985 per
1069 2920 1219 2984 Christum,

684 2991 848 3041 testimoniis
868 2991 948 3058 Legis
973 3001 1000 3044 et
1024 2994 1219 3060 Prophetarum

684 3059 879 3127 praefiguratam
909 3078 968 3114 esse
997 3065 1146 3117 ostendere.
1186 3067 1220 3117 Et

685 3135 832 3184 notandum
857 3135 930 3200 quod
958 3152 1014 3187 non
1042 3138 1220 3204 loquebantur

684 3204 717 3254 de
744 3204 789 3254 tali
822 3205 951 3267 materia,
982 3217 1110 3274 tanquam
1144 3207 1219 3258 indi-

684 3285 773 3327 cantes
801 3277 910 3328 Christo
932 3294 993 3346 quae
1016 3281 1144 3342 nesciret;
1172 3279 1219 3329 sed

683 3363 747 3413 eum
775 3348 920 3400 adorabant
958 3352 990 3402 de
1018 3353 1133 3403 adventu
1161 3350 1219 3415 ejus

684 3419 822 3482 incarne,
844 3431 870 3473 et
886 3422 949 3489 quia
971 3423 1129 3494 mysterium
1152 3423 1220 3472 Pa's-

683 3491 788 3554 sionis,
820 3495 892 3561 quod
929 3495 980 3561 ipsi
1021 3493 1218 3561 praedixerant,

683 3564 810 3615 viderunt
829 3565 859 3616 in
878 3566 988 3617 Christo
1006 3581 1064 3615 corn
1072 3565 1220 3630 plendum;

684 3647 711 3688 et
724 3637 777 3688 laeti
802 3637 924 3701 fortasse,
946 3638 1010 3705 quia
1032 3635 1162 3689 videbant
1173 3653 1218 3689 re-

684 3708 850 3774 demptionis
871 3725 926 3760 suae
943 3709 1080 3775 totiusque
1104 3709 1217 3761 humani

684 3778 790 3844 generis
802 3778 874 3829 diem
890 3778 1116 3849 appropinquare.
1130 3781 1217 3831 Com-

684 3848 852 3913 patiebantur
879 3846 1062 3900 nihilominus
1089 3849 1215 3910 Christo,

682 3919 747 3986 quia
770 3929 824 3971 tam
850 3918 966 3986 gloriosa
993 3919 1074 3973 facies
1100 3919 1216 3971 debebat
