2632 4320
159 279 208 328 DE
218 274 347 326 MALED.
360 276 381 325 F
383 276 483 337 ICUL.,
499 277 606 327 GRAN.
619 276 812 340 FRUMENT,
823 277 872 329 ET
885 279 1000 331 PRINC.
1014 281 1136 332 MUNDI.
1164 297 1212 347 241

96 393 268 459 Philippum,
285 422 286 427 =
305 391 370 459 quia
402 392 528 443 videbant
566 407 632 443 eum

94 467 170 531 pium
187 474 214 515 et
229 473 413 523 mansuetum,
427 473 454 514 et
475 479 571 513 senon
585 478 632 514 re·

95 535 226 601 putabant
250 534 366 600 dignos,
387 544 418 585 ut
438 535 561 586 venirent
584 549 632 600 per

95 607 209 673 seipsos,
218 612 244 656 et
256 606 392 671 rogabant
407 620 475 666 eum,
490 606 607 656 dicentes
622 623 630 656 .·

94 678 217 740 Domine,
232 677 353 727 volumus
366 678 458 727 Jerum
471 686 497 726 et
508 677 631 726 Salvato-

95 764 151 799 rem
166 747 292 797 omnium
309 747 408 798 videre.
429 747 463 796 Et
475 761 630 812 congruen-

96 836 135 873 ter
146 822 181 872 ad
198 821 351 887 Philippum
364 830 531 872 accesserunt
544 820 629 886 prius,

96 891 160 959 quia
173 892 230 957 ipse
241 892 316 957 prius
327 890 479 957 praedicavit
487 890 629 950 Gentibus,

96 964 196 1014 scilicet
207 963 391 1013 Samaritanis.
407 963 437 1012 ln
453 961 497 1013 his
510 962 629 1012 Gentili-

97 1034 147 1084 bus
161 1031 384 1099 praefigurabatur
401 1032 538 1083 conversio
553 1033 629 1084 Gen-

97 1105 176 1165 tium,
189 1120 238 1171 per
254 1104 472 1170 praedicatione'm
484 1105 629 1169 Apostolo-

98 1192 157 1226 rum
176 1176 207 1226 in
226 1175 349 1241 proximo
370 1185 502 1235 secutura,
517 1186 543 1227 et
555 1176 628 1242 quod

97 1248 196 1298 Gentes
213 1246 366 1296 ministerio
382 1262 480 1297 eorum.
495 1247 528 1297 ad
547 1246 628 1297 fidem

96 1332 232 1368 conversae
253 1317 403 1369 desiderent
418 1319 509 1368 lesum
525 1316 629 1384 glorifi-

95 1399 184 1439 catum
200 1387 228 1437 in
242 1387 335 1453 patria.
357 1389 433 1439 Venit
445 1388 589 1455 Philippus
603 1395 629 1438 et

95 1459 170 1509 dixit
181 1458 311 1521 Andreae,
320 1458 385 1524 quia
394 1460 515 1510 Andreas
523 1458 629 1525 primus

96 1528 200 1578 Christi
226 1537 285 1596 erat
308 1528 466 1594 discipulus,
493 1538 519 1579 et
543 1529 629 1594 magis
651 1570 659 1611 ς

96 1599 372 1658 familiarisDomino
382 1615 464 1666 quam
475 1600 627 1666 Philippus,
653 1599 654 1602 ’

95 1683 120 1724 et
146 1672 231 1724 etiam
253 1673 318 1738 quia
341 1673 484 1739 Philippus
508 1689 556 1740 per
577 1675 630 1724 An·

95 1747 187 1797 dream
203 1760 348 1796 conversus
364 1745 465 1807 fuerat,
480 1755 506 1796 et
524 1747 583 1797 ideo
596 1748 629 1797 de

95 1817 210 1867 consilio
235 1825 261 1866 et
281 1816 383 1866 auxilio
409 1818 465 1883 ejus
486 1817 555 1868 circa
576 1817 627 1868 hoc

95 1902 171 1953 agere
187 1888 310 1949 volebat;
328 1887 356 1936 in
379 1903 434 1953 quo
454 1888 533 1939 datur
549 1888 629 1941 nobis

97 1961 253 2026 exemplum
267 1959 360 2009 omnia
379 1960 494 2011 faciendi
510 1962 543 2012 de
561 1977 629 2012 con-

96 2030 154 2081 silio
168 2031 314 2096 majorum.
328 2031 453 2082 Andreas
473 2048 581 2083 rursum
604 2039 631 2084 et

97 2102 242 2167 Philippus
262 2102 314 2152 hoc
333 2102 464 2154 dixerunt
489 2104 570 2154 ambo
591 2103 630 2154 si-

98 2175 153 2224 mul
166 2172 287 2223 Domino
306 2174 382 2233 lesu,
397 2183 525 2240 tanquam
541 2177 629 2241 Supe-

99 2245 205 2310 periori.
223 2245 337 2311 Mystice
360 2246 511 2312 Philippus,
531 2248 578 2314 qui
598 2262 629 2298 os

99 2316 234 2383 lampadis
250 2315 357 2376 dicitur,
372 2317 460 2382 signat
474 2318 628 2381 veritatem;

98 2389 215 2437 Andreas
242 2396 341 2443 autem,
361 2388 463 2449 virilis3
491 2404 552 2455 quae
575 2390 629 2440 duo

99 2456 264 2509 intellectum
281 2466 307 2507 et
322 2457 446 2508 affectum
459 2459 569 2509 Christo
587 2459 631 2509 ad·

99 2528 198 2579 ducunt
221 2526 249 2577 in
266 2528 441 2578 conversione
466 2529 629 2579 animarum.

128 2598 141 2650 3
165 2600 283 2650 Gnauuu
309 2614 443 2648 rauueurt
469 2614 496 2648 nv
524 2615 630 2649 rernm(

100 2686 193 2722 emma
202 2687 272 2721 saar
282 2671 423 2722 Cunrsrus.
438 2699 469 2707 -
480 2671 557 2721 Jesus
567 2685 630 2721 vero

101 2744 207 2795 audiens
220 2744 392 2795 devotionem
407 2743 567 2802 Gentilium,
581 2743 629 2810 qui

102 2815 150 2876 iam
165 2825 244 2866 erant
261 2814 387 2880 dispositi
407 2815 440 2866 ad
455 2815 629 2874 credendum,

102 2886 247 2953 vidensque
264 2902 310 2937 eos
324 2901 465 2952 properare
485 2886 518 2937 ad
538 2885 629 2946 fidem,

103 2969 125 3010 et
146 2959 304 3025 intelligens
325 2959 354 3009 in
371 2959 410 3009 eis
429 2959 630 3024 quodammodo

105 3028 222 3082 inchoari
252 3030 381 3081 Gentium
406 3029 629 3090 conversionem,

106 3103 291 3166 praenuntiavit
306 3119 362 3154 suae
377 3103 512 3154 Passionis
523 3113 631 3167 tempus

50 3180 52 3187 ·
107 3173 253 3233 imminere,
283 3185 343 3239 post
372 3190 453 3240 quam
475 3173 630 3224 Passionem

107 3242 255 3296 immediate
278 3245 378 3295 Gentes
403 3254 479 3295 erant
496 3243 630 3309 recipien-

107 3312 149 3377 dae,
167 3315 284 3366 dicens.-
306 3315 380 3366 Venit
395 3315 461 3364 liora
480 3320 507 3364 ut
528 3313 631 3378 clarifi-

107 3393 174 3437 cetur
195 3386 287 3438 Filius
305 3387 428 3438 hominia.
453 3386 535 3446 Quasi
558 3386 632 3435 dice-

107 3468 164 3508 ret:
185 3458 273 3510 Judaei
301 3458 398 3509 nolunt
419 3458 535 3514 credere,
562 3472 632 3523 quos

75 3570 78 3577 .
107 3528 219 3591 primum
230 3529 319 3581 voluit
328 3529 484 3588 lucrificare,
492 3527 632 3592 plenitudo

107 3599 230 3653 Gentium
256 3601 391 3652 creditura
416 3610 472 3660 est,
495 3598 560 3665 quia
584 3615 633 3649 ve-

107 3671 180 3724 niunt
192 3673 294 3724 Gentes
303 3673 335 3723 ad
347 3673 518 3729 credendum,
533 3671 633 3738 quibus

106 3741 124 3790 F
126 3743 188 3794 ilius
197 3753 238 3794 est
251 3743 443 3794 clarificandus.
459 3744 489 3792 ln
505 3741 633 3792 Passione

105 3815 204 3882 quippe
226 3831 276 3867 sua
297 3815 349 3866 luit
368 3814 454 3865 Filius
474 3813 634 3864 clarificatus

104 3900 147 3947 per
162 3885 243 3953 signa
256 3895 372 3946 ostensa,
392 3885 442 3935 fuit
456 3884 537 3935 etiam
552 3884 632 3934 clari-

163 4001 235 4052 Vrrn
250 4001 314 4052 lesu
328 4000 547 4062 Cuarsr1,rouus
567 3999 610 4048 lll.

686 390 781 443 ficatus
814 390 843 441 in
878 393 1160 445 sua-Resurrectione
1192 404 1219 446 et

685 462 868 530 Ascensione;
888 464 1008 532 itemque
1038 467 1067 516 in
1088 466 1218 518 Gentium

685 533 876 598 conversione,
908 535 972 601 quia
1004 536 1131 587 deitatem
1162 538 1220 603 ejus

684 607 845 657 confitentur
878 608 994 674 ubique.
1024 610 1218 660 Verumtamen

685 692 731 743 per
743 693 894 743 congruum
913 678 1035 729 ostendit
1054 682 1219 746 exemplum,

683 749 757 813 quod
780 764 854 799 mors
876 749 935 812 ejus
955 749 1049 800 debeat
1071 750 1219 816 praevenire

683 819 888 870 conversionem
913 819 1075 883 Gentilium,
1093 821 1186 872 dicens
1209 839 1216 872 :

683 891 750 941 Nisi
771 905 887 958 granum
906 893 1040 958 frumenti
1065 894 1164 944 cadens
1190 897 1216 946 in

683 967 795 1023 terram,
810 968 943 1012 mortuum
953 962 1051 1026 suerit,
1067 963 1154 1027 ipsum
1168 979 1217 1015 so-

683 1030 737 1080 lum
754 1038 858 1094 manen
883 1032 948 1098 quia
968 1048 1023 1082 non
1037 1032 1100 1082 facit
1113 1032 1217 1084 fructus

683 1103 934 1169 mutiplicationem‚
953 1104 1006 1155 nisi
1023 1120 1070 1171 per
1088 1105 1131 1155 sui
1153 1122 1216 1157 cor·

682 1176 847 1241 ruptionem.
870 1178 909 1228 Ac
924 1178 947 1228 si
973 1177 1044 1228 dicat
1065 1194 1071 1227 :
1092 1177 1150 1227 Nisi
1166 1193 1216 1244 ego

682 1247 791 1307 moriar,
814 1247 918 1300 fructus
939 1248 1124 1299 conversionis
1140 1249 1216 1299 Gen-

682 1317 750 1368 tium
765 1334 822 1368 non
843 1329 979 1385 sequetur.
993 1320 1027 1370 Si
1048 1325 1135 1370 autem
1149 1334 1217 1370 mor·

683 1396 754 1440 tuum
763 1391 860 1457 suerit,
872 1393 982 1443 multum
986 1393 1109 1457 fructum
1123 1391 1215 1459 affert,

682 1460 709 1509 id
737 1471 786 1522 est,
812 1476 856 1511 me
888 1471 996 1512 mortuo
1026 1477 1074 1527 per
1100 1461 1217 1511 humili-

682 1545 782 1594 tatem,
811 1534 1036 1601 multiplicabitur
1072 1534 1139 1585 fides
1167 1550 1215 1600 per

683 1605 812 1656 Gentium
832 1605 1047 1655 conversionem.
1069 1606 1107 1655 Ac
1130 1604 1153 1655 si
1173 1620 1217 1655 ex·

681 1690 773 1740 presse
791 1675 904 1724 dixisset
927 1691 934 1723 :
956 1673 1001 1723 lsti
1016 1674 1148 1733 Gentiles,
1163 1673 1212 1740 qui

682 1746 763 1795 modo
772 1744 868 1794 volunt
881 1743 972 1794 venire
983 1743 1016 1792 ad
1028 1758 1073 1793 me
1089 1758 1135 1808 per
1151 1759 1215 1809 prae-

681 1818 795 1868 sentiam
818 1817 993 1882 corporalem,
1019 1825 1080 1882 post
1098 1827 1213 1866 mortem

682 1907 770 1943 meam
794 1890 903 1941 venient
924 1891 957 1940 ad
981 1904 1024 1940 me
1053 1905 1101 1954 per
1118 1889 1210 1940 fidem.

682 1965 740 2029 lpse
755 1962 828 2012 enim
848 1971 904 2012 erat
927 1976 1040 2027 granum
1059 1961 1210 2025 jaciendum

682 2038 709 2087 in
729 2051 841 2101 corpore
854 2045 930 2086 terrae
946 2049 994 2100 per
1008 2033 1144 2084 Passionis
1158 2033 1214 2084 hu-

682 2109 833 2165 militatem,
847 2105 920 2157 unde
934 2104 1030 2155 messis
1044 2103 1152 2170 copiosa
1163 2104 1212 2154 de·

682 2180 760 2229 bebat
769 2192 912 2243 exsurgere
922 2175 1016 2226 Passio
1026 2176 1127 2240 quippe
1137 2174 1214 2226 Chri·

682 2249 716 2299 sti
725 2249 842 2298 multum
853 2246 943 2297 attulit
953 2245 1079 2303 fructum,
1090 2244 1192 2295 scilicet
1204 2261 1212 2294 :

681 2320 799 2370 fructum
826 2316 995 2369 remissionis
1024 2326 1213 2382 peccatorum,

681 2391 798 2441 fructum
815 2386 999 2439 conversionis
1009 2385 1147 2445 Gentium,
1160 2385 1215 2434 fru-

682 2472 755 2511 ctum
784 2458 875 2524 gloriae
909 2454 993 2522 regni.
1010 2456 1149 2506 coelorum.
1182 2454 1215 2504 Et

683 2532 747 2597 quia
762 2529 887 2582 Christus
900 2541 928 2576 se
943 2524 1108 2591 comparavit
1130 2539 1214 2589 grano

682 2600 820 2660 frumenti,
836 2613 895 2647 mos
913 2605 954 2646 est
970 2594 1096 2645 Ecclesiae
1116 2595 1149 2643 de
1164 2592 1216 2643 hoc

682 2688 774 2738 grano,
790 2669 891 2721 scilicet
911 2665 1010 2725 tritico,
1027 2675 1133 2714 tantum
1149 2679 1216 2713 con-

682 2743 724 2792 fici
739 2756 836 2806 corpus
845 2735 959 2789 Christi.
970 2734 1116 2792 Moralitet,
1132 2734 1215 2784 homo

683 2814 711 2864 in
724 2823 794 2864 terra
804 2809 884 2869 cadit,
905 2806 1012 2873 quando
1030 2820 1077 2870 per
1099 2803 1216 2853 humili-

682 2896 764 2936 tatem
788 2897 818 2933 se
839 2877 981 2944 deprimit,
1006 2875 1053 2926 sed
1077 2890 1135 2925 eam
1159 2889 1214 2924 non

682 2953 810 3020 cooperit,
824 2950 933 3017 quando
952 2947 1011 2998 vult
1031 2945 1213 2996 humilitatem

683 3021 862 3080 manifestari,
896 3028 922 3069 et
947 3032 1003 3068 non
1027 3014 1164 3076 occultari,
1188 3025 1214 3066 et

683 3099 744 3150 talis
758 3093 899 3146 humilitas
913 3107 968 3142 non
988 3088 1144 3151 fructificat;
1166 3088 1213 3138 'sed

683 3168 791 3236 quando
805 3163 866 3215 talis
880 3161 994 3213 humilis
1007 3161 1064 3210 vult
1076 3159 1149 3224 quod
1166 3156 1214 3205 hu·

684 3239 784 3289 militas
804 3236 892 3294 lateat,
917 3244 982 3283 tunc
999 3229 1150 3280 fructificat.
1171 3225 1213 3275 nd

684 3313 735 3362 hoc
761 3307 835 3359 enim
859 3306 933 3372 quod
953 3317 1065 3370 granum
1085 3295 1214 3350 frumenti

684 3381 833 3440 fructificet,
850 3394 905 3429 non
918 3375 1016 3428 sufficit
1028 3372 1101 3440 quod
1116 3369 1145 3419 in
1160 3378 1216 3446 ter-

686 3470 743 3506 ram
759 3453 842 3511 cadat,
863 3449 910 3500 sed
930 3453 1035 3513 oportet
1055 3441 1129 3508 quod
1143 3453 1217 3502 agri-

685 3527 741 3578 cola
751 3525 842 3591 ipsum
851 3519 993 3586 cooperiat.
1005 3513 1126 3565 Praedicit
1136 3509 1217 3588 etiam

686 3595 813 3648 Christus
836 3607 912 3643 suam
932 3587 1089 3639 Passionem
1108 3590 1134 3631 et
1159 3592 1218 3643 eius

686 3669 821 3730 fructum,
848 3673 878 3715 ut
910 3661 1031 3712 videntes
1057 3653 1218 3705 morientem

687 3755 741 3789 non
758 3737 818 3787 ideo
833 3733 944 3800 perdant
959 3727 1049 3788 fidem,
1063 3735 1089 3775 et
1105 3739 1137 3774 ex
1153 3722 1219 3801 Pas-

688 3809 763 3860 sione
788 3822 843 3856 non
864 3809 1026 3861 terreantur;
1056 3795 1102 3846 sed
1129 3794 1232 3858 magis·

688 3880 842 3937 imitentur,
867 3871 996 3940 quoniam
1030 3873 1135 3932 oportet
1163 3875 1213 3912 nos

1102 3976 1138 4030 rii
