2632 4320
330 318 332 323 ’
358 301 405 352 DE
419 295 590 350 ADVENTU
607 293 746 346 CHRISTI
762 295 901 348 JUDICIS.

64 415 221 475 vulnerum,
243 423 275 464 ut
299 413 407 465 videant
437 410 544 478 reprobi
572 409 601 459 in

65 500 148 552 quem
156 493 336 551 pupugerunt.
348 484 426 535 Unde
434 482 505 532 idem
514 480 601 547 Chry-

65 561 201 608 sostomus
216 574 224 607 .·
239 557 385 607 «Vulnera
399 553 521 614 servavit,
531 563 561 602 ut
573 552 601 601 in

63 627 108 677 die
120 626 213 692 judicii
226 627 365 693 proficiant
374 628 407 677 ad
416 625 601 677 testimonium

65 695 205 747 Passionis
221 706 313 747 contra
328 697 444 755 Judaeos,
459 706 486 746 et
506 709 601 744 omnes

64 769 113 834 qui
124 769 286 834 denegantes
301 768 402 818 Filium
423 767 471 818 Dei
492 765 599 816 crucifi-

64 854 131 890 xum
140 838 171 888 in
181 854 292 904 corpore
309 839 452 904 judaizant.
463 857 476 886 u
485 838 521 889 Et
534 846 599 887 tunc

63 910 117 961 rivi
144 909 284 976 rapientur
310 910 404 977 aliqui,
429 926 490 960 cum
505 909 599 960 Domi·

65 997 118 1032 nus
140 980 240 1045 veniet,
258 990 289 1030 ut
314 981 417 1031 dicatur
430 981 546 1045 judicare
558 979 599 1030 vi-

63 1069 112 1105 ros
125 1064 152 1104 et
167 1064 298 1116 mortuos,
319 1070 349 1104 ac
369 1054 453 1104 ludex
474 1054 598 1104 vivorum

64 1133 92 1176 et
112 1133 294 1175 mortuorum.
315 1125 357 1185 Et,
372 1124 521 1174 secundum
538 1125 597 1174 Au-

64 1199 220 1264 gustinum,
258 1198 314 1249 illic
344 1208 407 1248 tunc
434 1198 598 1256 morientur,

64 1280 91 1320 et
121 1269 150 1319 in
183 1279 320 1320 momento
348 1270 597 1328 resuscitabuntur,

64 1338 129 1406 quia
146 1345 275 1391 statutum
297 1347 337 1391 est
352 1340 500 1391 homiuibus
519 1338 599 1389 semel

63 1410 134 1463 mori
142 1427 153 1472 ‚·
182 1420 217 1470 et,
242 1411 391 1461 secundum
414 1411 597 1476 Apostolum:

65 1480 163 1530 Omnes
185 1495 366 1546 resurgemus,
387 1491 413 1531 et
427 1496 490 1545 ergo
505 1494 598 1530 omnes

64 1553 223 1604 moriemur.
236 1555 271 1605 Ut
281 1555 355 1604 enim
365 1554 402 1604 ait
415 1553 597 1619 Augustinus,

62 1623 114 1680 erit
122 1624 283 1675 resurrectio
293 1635 463 1674 mortuorum
473 1624 597 1674 omnium

63 1692 219 1754 hominum,
230 1695 275 1744 sed
286 1710 338 1744 una
352 1703 377 1744 et
391 1695 420 1744 in
434 1694 529 1757 simul;
543 1709 598 1760 non

63 1764 152 1830 prima
165 1764 308 1829 justorum,
324 1775 349 1815 et
369 1776 535 1831 peccatorum
552 1780 596 1816 se-

62 1835 161 1885 cunda.

93 1909 215 1973 4Souus
236 1923 312 1957 runa:
334 1925 527 1967 consonuimus
546 1925 596 1958 us-

63 1995 223 2031 sumuecrto.
238 2009 268 2018 —
282 1982 321 2032 Et
334 1992 407 2041 tunc,
423 1972 524 2032 sc'ilicet
534 1992 596 2031 ante

63 2052 286 2104 resurrectionem
308 2068 490 2112 communem,
510 2052 597 2103 mittet

62 2124 186 2190 Angelos
199 2139 264 2175 suos
278 2139 336 2176 cum
352 2125 413 2174 tuba
427 2131 453 2175 et
466 2138 529 2175 voce
543 2138 597 2174 ma·

62 2208 129 2259 gum
146 2194 174 2244 id
198 2204 238 2245 est
256 2205 310 2245 tam
324 2203 413 2260 aperta
429 2204 455 2244 et
475 2205 529 2244 tam
550 2193 596 2244 in·

61 2277 138 2317 tensa
152 2283 225 2327 voce,
241 2283 301 2334 quae
314 2284 329 2318 a
344 2267 457 2318 mortuis
473 2267 602 2321 audiatur,

61 2340 173 2406 ubique.
195 2341 272 2392 Unde
299 2342 442 2407 Remigius
466 2359 474 2390 .·
498 2359 512 2388 u
533 2341 595 2390 Haec

60 2421 152 2462 autem
169 2412 231 2462 tuba
245 2427 298 2461 non
313 2427 403 2462 revera
416 2427 542 2477 corporea
555 2427 596 2463 est

61 2483 247 2549 intelligenda,
265 2484 311 2533 sed
327 2484 447 2550 angelica
458 2500 519 2544 vox,
534 2499 595 2550 quae

61 2559 129 2608 adeo
151 2558 330 2624 magnaerit,
352 2568 382 2607 ut
400 2559 433 2607 ad
452 2559 595 2608 clamorem

60 2629 136 2680 illius
154 2645 250 2680 omnes
270 2630 369 2680 mortui
391 2630 424 2680 de
443 2640 518 2680 terrae
532 2630 610 2695 pul-⁴

60 2716 122 2752 vere
143 2710 321 2766 consurgant;
343 2701 392 2760 vel,
410 2700 472 2751 tuba
491 2710 531 2750 est
545 2716 595 2766 po-

60 2781 142 2822 testas
167 2771 311 2821 suscitandi
333 2782 463 2831 mortuos,
485 2778 510 2821 et
529 2786 593 2833 vox,

60 2852 100 2892 est
110 2858 164 2892 vox
175 2841 279 2892 Christi
291 2843 410 2892 vocantis
425 2853 546 2893 mortuos
561 2843 594 2894 ad

59 2914 202 2977 judicium,
223 2929 255 2964 ex
271 2914 346 2978 cujus
365 2914 463 2965 virtute
480 2914 594 2965 suscita-

60 2984 172 3045 buntur,
192 2994 218 3034 et
239 2994 268 3034 ut
291 2984 318 3033 in
340 2985 440 3047 judicio
459 2985 515 3035 sint
534 3001 594 3034 om-

58 3069 115 3106 nes.
136 3074 151 3103 u
173 3055 226 3106 Ubi
241 3055 477 3120 chrysostomus:
499 3057 594 3107 «Vere

60 3139 159 3192 magna
172 3141 224 3175 vox
238 3126 310 3175 mbae
320 3125 448 3176 terribilis
463 3143 470 3175 t
486 3127 528 3176 cui
539 3142 595 3176 om·

60 3195 106 3245 uia
117 3195 269 3245 obaudiunt
282 3196 421 3255 elementa,
435 3211 494 3261 quae
506 3206 594 3261 petras

58 3266 166 3327 scindit,
180 3266 279 3317 inferos
293 3267 386 3333 aperit,
403 3267 539 3317 clausuras
551 3277 593 3318 te-

60 3337 207 3388 nebrarum
225 3337 384 3402 pertransit,
409 3348 497 3402 portas
513 3353 594 3388 aereas

58 3410 183 3470 conterit,
205 3420 293 3460 vectes
318 3409 504 3460 adamantinos
527 3426 593 3460 con-

58 3479 162 3546 fringit,
178 3480 282 3529 vincula
299 3480 393 3529 mortis
412 3479 551 3544 dirumpit,
567 3489 593 3531 et

59 3550 93 3601 de
106 3549 243 3616 profundo
260 3549 351 3615 abyssi
375 3549 479 3599 animas
494 3546 592 3599 libera-

59 3628 99 3671 tas
120 3619 279 3685 corporibus
298 3619 425 3685 assignat.
447 3620 510 3670 Haec
530 3636 592 3670 om-

59 3691 193 3743 niacitius
202 3690 406 3741 consummatin
414 3706 501 3757 opere,
510 3708 592 3758 quam

58 3766 156 3832 sagitta
170 3765 268 3815 transit
281 3763 310 3813 in
325 3779 393 3824 aere,
407 3764 511 3815 dicente
524 3767 592 3830 Apo

59 3839 129 3890 stolo
144 3855 152 3888 t
166 3838 198 3888 Iu
213 3843 350 3899 momento,
362 3838 388 3886 iu
404 3837 457 3888 ictu
471 3837 548 3900 oculi,
565 3838 592 3888 in

59 3908 208 3960 norissima
222 3907 284 3957 tuba
288 3924 298 3971 ,·
313 3913 390 3958 caret
404 3907 471 3959 euim
485 3908 555 3972 tuba,
567 3914 593 3959 et

1142 297 1192 350 325

656 411 753 460 mortui
770 416 915 476 resurgent
928 411 1085 477 incorrupti.
1102 411 1133 461 In
1153 411 1190 462 il-

655 485 680 533 la
700 499 765 534 voce
785 484 874 550 pulvis
896 485 948 549 jam
968 485 1116 536 dissolutus
1132 498 1192 536 cor-

655 570 752 620 porum
773 566 951 619 mortuorum,
972 556 999 606 in
1019 572 1086 608 nova
1101 573 1190 608 mem-

656 627 703 676 bra
717 626 921 693 constringitur;
936 628 965 678 in
978 628 1024 679 illa
1037 645 1101 680 voce
1113 630 1189 696 quasi

655 712 709 747 una
730 712 844 763 persona
866 698 983 748 obnoxia
1005 708 1093 748 totum
1116 715 1188 751 mare

654 771 808 831 discutitur,
822 782 852 821 ut
869 772 891 822 si
907 771 973 837 quid
993 773 1064 838 apud
1079 789 1108 824 se
1122 774 1189 825 reti·

654 852 698 891 net
711 841 744 892 de
761 842 888 893 humanis
907 842 1024 904 ossibus,
1041 843 1098 894 sine
1119 859 1188 894 con-

654 913 810 963 tradictione
832 913 953 964 restituat
968 930 974 963 :
991 934 1005 962 r>
1020 914 1077 964 haec
1093 915 1188 983 Chry-

653 989 795 1035 sostomus.
816 985 855 1035 Et
872 985 1077 1050 congregabunt
1090 983 1188 1050 Angeli

653 1056 685 1104 ad
712 1054 844 1120 iudicium
872 1057 970 1107 electos
997 1056 1147 1121 specialiter
1170 1070 1188 1106 a

652 1132 768 1192 quatuor
782 1127 876 1191 veritis,
894 1127 920 1177 id
940 1137 980 1177 est
1001 1127 1034 1177 ab
1053 1126 1187 1177 universis

653 1197 810 1263 regionibus
825 1209 851 1249 et
874 1198 948 1261 locis,
971 1199 999 1248 in
1017 1198 1117 1264 quibus
1132 1213 1185 1264 pu-

652 1268 807 1319 trefactione
821 1271 932 1320 resoluti
948 1280 1011 1320 sunt
1025 1279 1056 1319 ut
1067 1269 1186 1319 triticum

652 1339 811 1390 ventilatum
831 1342 865 1391 de
883 1356 944 1391 area
964 1340 1047 1391 totius
1063 1351 1138 1391 terrae
1159 1348 1185 1391 et

652 1411 745 1476 orbis,
771 1413 816 1479 qui
846 1414 995 1480 specialiter
1020 1413 1186 1464 adducentur

652 1482 803 1533 ministerio
827 1484 1003 1549 Angelorum,
1019 1483 1083 1550 quia
1107 1493 1186 1534 erunt

651 1554 774 1604 concives
783 1571 886 1605 eorum.
899 1557 933 1605 Et
947 1573 1002 1605 non
1017 1557 1115 1616 solum,
1126 1569 1185 1606 cou-

650 1629 806 1693 gregabunt
821 1628 918 1678 electos
939 1644 1055 1694 quorum
1075 1643 1187 1695 corpora

650 1699 732 1762 levia3
747 1700 793 1749 sed
816 1699 896 1748 etiam
911 1701 1049 1764 reprobos,
1064 1699 1110 1765 qui
1124 1715 1185 1750 cor-

651 1784 715 1835 pora
737 1770 887 1835 ponderosa
909 1770 1055 1829 habebunt,
1078 1779 1104 1819 et
1124 1769 1184 1820 ideo

650 1841 719 1892 sicut
728 1843 848 1907 Angelus
858 1843 992 1901 Habacuc,
1008 1842 1103 1892 siccos
1117 1857 1183 1907 por-

650 1911 754 1961 tabunt.
766 1913 816 1962 Sed
827 1912 924 1962 electos
934 1911 1139 1978 congregabunt
1149 1911 1183 1960 ad

651 1983 773 2048 gloriam,
784 1984 912 2048 reprobos
922 1984 953 2032 ad
964 1982 1180 2043 damnationem

650 2064 677 2105 et
696 2054 770 2104 electi
786 2064 926 2104 occurrent
944 2053 1061 2105 Domino
1082 2054 1114 2103 ad
1137 2053 1182 2117 ju-

649 2126 750 2177 dicium
771 2128 898 2190 venienti,
920 2127 1026 2192 reprobi
1048 2142 1111 2176 vero
1133 2141 1182 2177 ve-

651 2199 734 2258 nient,
758 2199 803 2249 sed
825 2199 853 2249 in
875 2215 972 2265 magna
995 2196 1130 2256 distantia,
1152 2208 1183 2248 ut

649 2271 686 2320 ait
699 2272 850 2337 Remigius.
865 2272 910 2332 Et,
926 2271 1074 2322 secundum
1095 2271 1183 2338 Chry-

649 2349 801 2404 sostomum,
824 2341 912 2408 primo
929 2351 1078 2406 resurgent,
1093 2351 1119 2390 et
1139 2355 1182 2391 re-

648 2413 789 2462 suscitatos
799 2413 894 2478 Angeli
901 2414 1109 2478 congregabunt,
1120 2427 1180 2461 con·

648 2490 770 2548 gregatos
792 2492 882 2532 autem
904 2483 1010 2548 rapient
1033 2483 1132 2541 nubes,
1156 2491 1182 2531 et

648 2554 706 2603 haec
732 2554 824 2602 omnia
852 2552 880 2601 in
907 2552 1014 2603 instanti
1041 2562 1180 2602 momento

648 2622 722 2672 fient.
740 2623 770 2671 In
785 2622 853 2672 valle
869 2632 957 2671 autem
972 2621 1109 2687 Josaphat,
1125 2620 1180 2671 sci-

648 2694 709 2744 licet
722 2694 751 2744 in
770 2709 827 2744 aere
841 2694 1002 2758 judicabitur
1018 2693 1109 2743 omnis
1127 2693 1180 2742 ho-

649 2781 703 2825 m0,
718 2764 782 2832 quia
802 2764 893 2829 judicii
914 2764 1059 2814 discrimen
1081 2763 1132 2814 erit
1151 2763 1180 2814 in

648 2856 716 2901 aere,
735 2840 840 2890 dicente
860 2840 989 2904 Apostolo
1005 2857 1011 2890 :
1027 2839 1115 2889 Simul
1128 2854 1178 2889 ra-

644 2917 751 2981 piemur
760 2929 818 2964 cum
831 2914 886 2964 illis
901 2915 927 2964 irt
938 2914 1058 2977 nubibus,
1074 2914 1178 2966 obuiam

649 2986 756 3036 Christo
772 2985 797 3035 in
810 2999 885 3035 aera.
899 2985 937 3035 De
952 2985 1001 3035 hac
1018 2985 1062 3035 die
1079 2984 1117 3036 sic
1134 2984 1178 3034 di-

647 3056 683 3106 cit
701 3056 912 3122 chrysostomus
932 3074 968 3107 e«
986 3058 1045 3106 Heu
1061 3056 1129 3106 mihi
1147 3056 1180 3105 de

647 3127 693 3177 illa
717 3126 761 3176 die
781 3125 905 3186 terribili,
927 3143 989 3176 cum
1009 3127 1112 3177 deceret
1130 3141 1180 3175 nos

647 3197 740 3256 laetari,
754 3212 816 3246 cum
832 3196 889 3246 haec
904 3197 1055 3260 audiamus,
1070 3196 1116 3247 sed
1126 3195 1178 3245 do-

646 3269 733 3318 lemus
754 3277 779 3317 et
800 3267 889 3318 tristes
912 3268 1023 3318 sumus!
1047 3265 1178 3325 Qualibus

646 3354 709 3404 ergo
724 3338 848 3389 videmus
863 3338 1001 3389 Christum
1025 3335 1127 3386 oculis?
1148 3335 1176 3385 si

646 3411 719 3462 enim
740 3421 841 3476 patrem
864 3410 975 3477 aliquis,
1001 3425 1056 3459 non
1081 3407 1176 3474 utique

646 3482 726 3532 ferret
741 3481 841 3538 videre,
856 3481 978 3531 conscius
992 3478 1098 3544 sibiipsi
1111 3494 1175 3544 pec-

645 3553 696 3602 cati
711 3553 739 3602 in
755 3552 844 3618 ipsum
859 3562 960 3616 patrem
974 3549 1079 3599 infinite
1094 3564 1174 3599 man-

645 3633 761 3682 suetum,
781 3623 895 3689 qualiter
916 3620 1090 3685 respiciemus
1112 3635 1175 3670 eum
1241 3672 1243 3676 ,

646 3693 727 3744 tunc?
748 3693 868 3753 Qualiter
890 3688 1103 3741 sustinebimus?
1128 3690 1177 3740 Et-

646 3766 719 3816 enim
753 3764 1013 3829 repraesentabuntur
1047 3762 1174 3812 tribunali

646 3836 762 3895 Christi,
786 3845 811 3884 et
835 3834 958 3884 omnium
984 3832 1100 3899 diligens
1125 3833 1177 3884 erit

645 3906 813 3972 investigatio
829 3922 836 3955 :
854 3924 867 3952 u
882 3904 938 3954 haec
953 3903 1174 3971 Chrysostomus.
