2632 4320
235 278 282 328 DE
295 278 414 328 DECEM
435 277 602 328 LEPROSIS
626 278 648 326 Α
669 279 812 332 DOMINO
831 280 995 332 CURATIS.
1128 282 1176 332 155

52 404 78 444 et
99 409 240 460 pauperes,
255 394 357 460 quibus
379 404 419 444 tot
440 394 511 444 bona
532 410 587 444 non

52 468 176 519 eontulit.
206 467 290 527 Quasi
317 467 434 517 dicerent
463 483 470 516 ε
501 468 588 517 Labici

51 543 148 588 nostra
162 549 189 588 et
202 536 304 588 divitiae
315 552 335 586 a
349 537 424 587 nobis
440 543 511 599 suut,
528 538 589 602 quis

51 615 144 660 meter
173 609 303 659 Dominus
330 607 397 658 est?
419 609 478 674 lpse
497 619 588 658 autem

51 696 123 731 tutus
137 680 237 747 gratias
251 681 354 745 agendo
368 680 396 730 in
409 679 505 730 faciem
518 680 589 730 ceci-

49 753 101 816 dit,
112 752 180 818 quia
196 753 253 802 sola
267 753 356 802 unitas
375 752 499 803 Ecclesiae
519 753 589 807 cadit

50 826 80 874 in
103 823 202 874 faciem
225 825 348 875 adorans.
370 824 433 874 lnde
452 834 493 883 est
515 824 589 890 quod

50 897 216 963 quandoque
244 896 370 962 prostrati
395 912 514 956 oramus,
540 895 589 946 ubi

51 980 170 1035 quatuor
192 969 386 1036 praetendimus
411 985 417 1018 :
440 969 588 1019 infirmita-

51 1053 107 1091 tem
121 1041 251 1105 corporis,
265 1041 375 1108 quiade
389 1042 497 1106 pulvere
511 1055 590 1090 sum·

51 1113 91 1177 pti
99 1128 197 1162 sumus
204 1128 211 1176 ;
223 1111 410 1162 infirmitatem
417 1112 513 1171 animi,
524 1111 589 1178 quia

50 1198 144 1232 casum
159 1199 193 1232 ex
212 1183 301 1242 nobis,
319 1199 374 1232 non
394 1183 558 1233 erectionem
574 1197 591 1232 a

51 1253 143 1312 nobis,
159 1253 206 1302 sed
224 1269 240 1303 a
255 1254 310 1304 Deo
324 1253 472 1316 habemus3
488 1254 590 1304 erube-

49 1325 181 1375 scentiam
195 1326 229 1376 de
249 1325 336 1386 malis,
357 1325 421 1392 quia
439 1340 494 1391 prae
515 1326 592 1374 mul-

50 1394 169 1446 titudine
212 1405 379 1461 peccatorum
419 1397 513 1446 oculos
556 1395 590 1445 ad

51 1465 152 1516 coelum
175 1465 262 1516 levare
279 1482 333 1518 non
351 1467 500 1528 audemus3
523 1481 590 1531 pru·

51 1536 184 1598 dentiam,
199 1537 263 1602 quia
275 1537 304 1592 in
318 1536 416 1587 faciem
430 1537 552 1588 cadimus
564 1545 591 1587 et

51 1608 177 1660 videmus
195 1609 242 1659 ubi
260 1609 392 1673 cadimus,
411 1609 438 1659 id
459 1609 590 1674 estquod

51 1679 82 1729 in
111 1679 228 1730 terrenis
251 1678 394 1746 affigimur.
420 1680 589 1746 Quandoque

49 1765 114 1801 reto
142 1749 222 1801 flexis
246 1752 373 1818 genibus,
398 1762 429 1802 ut
450 1753 588 1810 Salomon,

50 1825 98 1877 sed
127 1837 216 1876 erecto
241 1827 326 1892 capite
347 1836 377 1878 et
396 1828 496 1878 elevata
523 1825 589 1877 facie

50 1910 179 1959 oramus3
194 1897 272 1962 quasi
286 1898 403 1949 dicentes
418 1914 467 1964 pro
483 1897 589 1947 deside-

51 1967 92 2018 rio
119 1968 215 2034 patriae
240 1985 247 2019 ι
278 1969 370 2020 Tralre
395 1983 438 2019 me
462 1974 526 2034 post
553 1973 588 2018 te.

52 2037 223 2104 Quandoque
240 2048 329 2088 autem
350 2048 451 2090 stantes
470 2054 588 2098 oramus,

54 2126 102 2160 nos
116 2125 192 2176 spem
216 2110 245 2160 in
259 2111 412 2162 coelestibus
427 2112 525 2162 babere
541 2113 590 2162 de*

55 2180 200 2246 signantes,
222 2190 248 2230 et
268 2181 344 2246 quasi
364 2182 505 2233 dicentes:
527 2183 589 2232 No-

57 2255 113 2299 stra
136 2251 305 2300 conversatio
333 2251 359 2301 iu
385 2251 460 2302 coelis
486 2258 538 2313 est,·
564 2260 590 2300 et

57 2317 119 2368 illud
143 2337 150 2368 :
172 2319 205 2370 In
225 2320 331 2370 domum
348 2322 458 2371 Domini
471 2323 590 2372 laetantes

58 2387 159 2438 ibimus.
174 2390 205 2438 ln
227 2389 315 2454 primo
335 2405 397 2455 ergo
414 2390 591 2456 exprimimus

60 2459 236 2509 conditionem
259 2470 392 2523 nostram3
419 2460 590 2522 insecundo,

61 2530 235 2594 desiderium
249 2531 277 2580 in
289 2531 379 2595 tertio,
393 2547 480 2598 spem.
493 2534 523 2582 ln
536 2549 592 2584 me·

64 2603 170 2653 moriam
191 2618 303 2669 quoque
319 2604 522 2654 resurrectionis
540 2605 592 2654 Do-

65 2672 163 2724 minicae
179 2682 301 2739 tempore
315 2673 433 2724 Pascbali
449 2683 475 2724 et
493 2675 591 2725 diebus

65 2742 210 2803 dominicis,
227 2745 351 2810 exemplo
366 2756 519 2795 sanctarum
535 2761 593 2796 mu-

67 2813 365 2880 inanissimum
385 2826 484 2867 terram
507 2816 592 2867 vulti-

68 2883 118 2952 δι,
142 2902 264 2947 oramus,
279 2903 328 2937 nos
341 2898 441 2938 terram
455 2898 482 2938 et
498 2888 592 2954 pulve-

10 2992 13 3001 ·
68 2971 184 3012 messe
202 2976 266 3011 cum
279 2961 416 3012 Abraham
435 2963 590 3011 recolentes.

10 3030 12 3045 '
69 3029 133 3100 Unus
156 3048 222 3100 ergo
245 3049 367 3084 reversos
390 3033 419 3083 in
442 3033 536 3083 faciem
559 3034 592 3083 ad

68 3106 137 3167 pedes
155 3109 220 3158 Jesu
233 3107 336 3166 cecidit,
352 3122 381 3156 ac
397 3107 478 3156 nobis
496 3106 591 3156 humi-

69 3174 139 3229 litatis
176 3190 203 3230 et
237 3179 401 3244 poenitentiae
438 3180 592 3244 exemplum

70 3251 181 3302 ostendit.
206 3252 295 3310 Unde,
317 3251 464 3300 secundum
479 3251 590 3314 Bedaru,

71 3314 202 3372 infaciem
221 3321 300 3380 cadit,
315 3321 362 3386 qui
379 3322 413 3371 de
435 3321 592 3387 perpetratis

71 3390 137 3441 malis
151 3390 295 3442 erubescit.
310 3390 349 3440 Ibi
364 3391 438 3441 enim
451 3391 534 3440 homo
547 3406 592 3440 ca-

70 3457 109 3524 dit,
121 3462 158 3512 ibi
183 3462 367 3512 confunditur.
384 3462 437 3521 Qui
454 3461 592 3512 infaciem

69 3530 141 3591 odit,
163 3531 236 3582 videt
260 3546 314 3597 quo
335 3533 418 3592 cadat,
439 3533 486 3597 qui
512 3543 591 3592 retro,

67 3597 164 3666 lapsum
182 3619 263 3653 suum
282 3617 336 3652 non
349 3603 430 3654 videt.
446 3603 512 3654 Boni
530 3619 593 3670 ergo

66 3669 195 3724 infaciem
211 3674 319 3733 cadunt,
331 3674 395 3739 quia
407 3673 552 3724 humiliant
566 3691 594 3725 se

66 3741 90 3793 iu
106 3745 150 3795 his
168 3743 333 3804 visibilibus,
353 3753 383 3795 ut
401 3745 435 3794 ad
449 3744 595 3795 invisibilia

64 3817 208 3884 erigantur.
231 3816 294 3865 Mali
318 3828 388 3867 retro
411 3817 516 3879 cadunt,
531 3817 595 3883 quia

10 3934 12 3945 ,
62 3889 160 3939 cadunt
181 3887 210 3937 in
231 3885 421 3946 invisibilibus,
445 3887 492 3936 ubi
514 3888 595 3937 modo

644 409 699 443 non
715 393 814 456 vident,
826 395 893 460 quid
905 411 951 447 eos
963 407 1028 446 tunc
1041 405 1178 461 sequatur,

642 465 683 513 Ad
702 466 782 528 pedes
803 466 884 515 etiam
900 467 963 517 lesu
980 467 1060 526 cadit,
1076 477 1102 516 et
1116 483 1177 532 gra-

642 535 693 585 tias
710 536 774 602 agit,
789 537 836 602 qui
853 553 882 588 se
898 539 931 588 ad
943 539 1114 604 percipienda
1128 539 1176 588 Dei

643 605 771 656 beneficia
793 607 930 672 humiliat,
954 609 1002 674 qui
1031 608 1099 658 nihil
1125 608 1179 672 sibi·

642 677 750 728 virtutis
772 679 914 740 attribuit,
941 682 989 746 qui
1019 682 1089 731 bona
1117 696 1178 747 quae

642 749 731 810 habet,
744 752 779 800 de
801 751 984 802 misericordia
1002 753 1051 802 Dei
1076 768 1104 802 se
1127 753 1177 802 ha·
1229 780 1233 786 ·

643 824 705 872 bere
720 823 857 890 intelligit.
873 825 913 884 Et,
930 826 1080 874 secundum
1100 841 1177 875 eum-

642 896 722 955 dem,
746 897 794 962 qui
813 898 925 948 devotus
945 909 1006 948 ante
1029 898 1177 948 Dominum

642 967 747 1029 cecidit,
771 984 880 1034 surgere
901 978 928 1019 et
952 968 992 1018 ire
1012 969 1177 1034 praecipitur,

643 1039 707 1104 quia
729 1039 777 1105 qui
793 1039 978 1091 infirmitatem
1000 1055 1077 1090 suam
1092 1055 1177 1104 agno-

644 1127 720 1162 scens
733 1112 873 1163 humiliter
885 1113 950 1178 jacet
962 1129 1009 1179 per
1022 1112 1107 1162 divini
1122 1127 1178 1162 ver·

645 1182 671 1232 bi
689 1183 910 1242 consolationem,
929 1199 1037 1249 surgere
1050 1184 1083 1232 ad
1098 1181 1177 1232 fortia

644 1269 724 1318 opera
737 1255 964 1317 sucrescentibus
980 1254 1102 1320 quotidie
1117 1268 1177 1302 me-

644 1325 712 1385 ritis,
729 1327 762 1376 ad
783 1326 974 1391 perfectionem
992 1327 1092 1393 passim
1112 1339 1177 1390 pro-

644 1394 729 1447 ficere.
745 1397 862 1461 jubetur.
888 1399 967 1448 Hunc
994 1408 1084 1447 autem
1111 1394 1179 1444 fides

644 1470 748 1519 salvum
762 1468 832 1530 facit,
846 1485 928 1536 quem
942 1471 976 1520 ad
990 1469 1087 1535 gratias
1100 1483 1178 1533 agen-

644 1539 692 1589 das
708 1539 828 1599 inclinat,
843 1550 870 1590 et
883 1555 898 1590 e
913 1550 1004 1590 contra
1017 1538 1127 1605 perfidia
1143 1537 1178 1586 il-

644 1610 684 1660 los
701 1611 820 1669 damnat,
841 1611 888 1676 qui
908 1611 942 1660 de
960 1609 1074 1675 acceptis
1093 1610 1177 1659 bene-

643 1678 711 1729 ficiis
742 1680 837 1745 ingrati
869 1691 946 1741 sunt,
975 1690 1001 1730 et
1028 1681 1083 1729 Deo
1115 1679 1178 1727 dare

643 1752 757 1818 gloriam
770 1752 919 1818 negligunt.

676 1839 691 1887 7
708 1823 1128 1872 luomrrruntnrsuarnannnsro.
1146 1847 1175 1856 -

644 1896 674 1945 ln
688 1895 741 1946 hoc
754 1911 817 1961 ergo
831 1895 950 1961 capitulo
966 1894 1063 1961 ingrati
1078 1894 1111 1943 de
1125 1893 1174 1941 be-

644 1964 746 2015 neficiis
768 1965 1031 2032 reprehenduntura
1048 1962 1175 2013 Domino.

644 2036 761 2086 Multum
775 2046 816 2086 est
830 2035 973 2086 laudabilis
987 2035 1074 2084 virtus
1090 2031 1176 2100 grati-

645 2107 719 2167 tudo,
734 2117 759 2157 et
773 2107 849 2156 valde
863 2105 1033 2171 acceptabilis
1047 2105 1102 2154 Deo
1116 2116 1174 2168 gra·

643 2176 742 2226 tiarum
758 2177 835 2234 actio,
857 2192 885 2227 ac
903 2176 1058 2226 detestabile
1075 2174 1173 2224 vitium

643 2250 818 2316 ingratitudo
858 2251 935 2300 Unde
967 2248 1137 2315 Augustinus
1167 2264 1174 2295 :

644 2341 658 2370 u
674 2323 747 2384 Quid
761 2323 859 2373 melius
879 2323 970 2372 animo
985 2335 1119 2387 geramus,
1135 2328 1180 2368 aut

645 2409 689 2444 ore
706 2409 870 2459 promamus,
893 2402 940 2442 aut
963 2393 1064 2442 calamo
1086 2389 1178 2454 expri-

645 2482 760 2525 mamus,
777 2480 858 2530 quam
879 2474 909 2514 ut
929 2464 986 2513 Deo
1002 2463 1100 2528 gratias
1121 2475 1179 2524 aga-

631 2535 726 2589 ‘musi
750 2539 808 2588 Hoc
833 2551 881 2586 nec
907 2536 960 2586 dici
985 2534 1102 2593 brevius,
1129 2547 1178 2581 nec

644 2610 687 2676 agi
702 2607 866 2658 fructuosius
878 2616 999 2672 potest.»
1013 2604 1049 2655 Et
1059 2605 1174 2653 iterum:

647 2699 660 2728 a
680 2681 740 2730 Scio
759 2679 833 2745 quod
852 2678 1018 2744 ingratitudo
1041 2673 1177 2740 displiceat

645 2752 705 2812 tibi,
720 2766 782 2817 quae
793 2751 868 2800 radix
882 2759 923 2800 est
936 2749 1019 2799 totius
1036 2746 1099 2797 mali
1118 2743 1177 2809 spi-

644 2824 758 2883 ritualis,
771 2832 902 2872 eruentus
914 2835 995 2870 urens
1008 2829 1033 2870 et
1042 2817 1176 2868 exsiccans

645 2895 850 2956 omnebonum,
863 2894 1008 2943 obstruens
1022 2891 1124 2940 fontem
1139 2886 1179 2936 di-

644 2966 714 3016 vinae
727 2963 919 3014 misericordiae
934 2978 1016 3029 super
1029 2961 1177 3019 hominem,

645 3052 700 3102 quo
715 3045 741 3086 et
751 3034 820 3085 mala
830 3044 936 3084 mortua
948 3036 1001 3100 jam
1014 3032 1177 3086 reoriuntur,

645 3124 679 3158 ne
694 3110 763 3158 ultra
777 3108 848 3158 bona
865 3107 1056 3172 adipiscantur.
1072 3124 1085 3151 n
1101 3102 1178 3154 Unde

646 3191 671 3230 et
686 3178 845 3229 Bernartius
859 3196 867 3229 .-
882 3196 895 3224 α
910 3178 1028 3243 Dignum
1048 3185 1088 3226 est
1105 3189 1177 3223 sem-

646 3267 692 3319 per
711 3250 809 3317 gratias
831 3265 917 3316 agere,
932 3250 997 3316 quia
1012 3250 1085 3300 Deus
1107 3261 1177 3295 nun·
1234 3312 1238 3318 .

645 3340 727 3390 quam
748 3335 832 3375 cessat
852 3323 1014 3374 benefacere.
1036 3342 1049 3369 n
1073 3322 1104 3370 Et
1126 3319 1177 3367 ite·

646 3413 727 3447 rum:
743 3397 848 3447 «Disce
865 3397 893 3446 in
909 3396 1046 3446 referendo
1063 3391 1175 3458 gratiam

646 3484 702 3529 non
724 3483 781 3518 esse
804 3468 895 3518 tardus
918 3477 964 3516 aut
984 3464 1075 3530 segnis
1082 3478 1089 3525 ;
1106 3461 1178 3510 disce

646 3539 679 3587 ad
696 3538 803 3603 singula
816 3539 887 3588 dona
908 3537 1004 3602 gratias
1018 3549 1103 3599 agere.
1126 3531 1177 3580 Di-

646 3610 769 3676 ligenter,
788 3609 887 3675 inquit,
903 3608 1041 3659 considera
1056 3620 1116 3670 quae
1128 3603 1178 3653 tibi

647 3690 826 3745 apponuntur,
844 3690 874 3728 ut
899 3680 973 3729 nulla
994 3676 1116 3726 videlicet
1130 3674 1178 3724 Dei

648 3751 718 3799 dona
730 3749 820 3799 debita
838 3749 983 3814 gratiarum
998 3746 1103 3796 actione
1119 3745 1178 3794 fru-

648 3829 774 3878 strentur,
795 3834 849 3868 non
867 3817 986 3884 grandia,
1002 3832 1056 3865 non
1071 3815 1180 3865 medio·

651 3889 713 3949 cria,
730 3904 784 3938 non
799 3888 905 3953 pusilla.
920 3887 1044 3952 Denique
1056 3887 1180 3951 jubemur
