2632 4320
320 304 367 357 DE
382 305 743 358 TRANSFIGURATIONE
759 305 896 356 DOMINI.
1132 322 1166 372 η

66 424 170 476 incitatus
186 424 220 473 ad
242 420 424 488 proditionem
438 422 582 472 Salvatoris

64 493 153 557 fuissem
165 503 252 556 sexto,
264 492 328 558 quia
338 492 497 543 resurrectio
508 491 583 542 Chri·

63 563 88 613 sti
110 565 228 614 multum
250 559 303 611 fuit
326 560 494 621 dubitabilis,
522 561 582 611 ideo

62 646 178 686 reservata
195 633 248 684 fuit
260 633 312 684 ista
334 633 404 683 visio
423 633 470 683 illo
491 632 582 682 divul-

60 708 130 772 ganda
160 717 301 772 ternpore,
330 705 438 772 quando
466 704 583 755 maxime

61 779 187 845 oportebat
215 776 268 844 ipsi
298 775 487 827 resurrectioni
512 776 582 825 testi·

61 849 168 900 monium
195 847 347 914 perbibere,
373 846 415 898 cui
442 846 582 911 praestabat

60 931 238 985 argumentum
274 934 327 969 non
355 917 492 968 modicum
525 917 582 982 ipsa

61 990 128 1056 gloria
155 988 415 1056 transfigurationis,
435 988 494 1055 ipsa
518 1004 583 1053 quo-

61 1076 101 1127 que
118 1062 189 1113 visio
210 1059 299 1125 magis
320 1058 456 1109 credibilis
477 1056 582 1108 videba-

61 1141 102 1194 tur,
123 1131 239 1199 'quando
260 1128 341 1179 etiam
366 1127 509 1178 visibiliter
536 1142 582 1192 per

60 1202 273 1253 resurrectionem
294 1199 389 1249 factam
411 1198 581 1248 monstraba-

59 1282 105 1336 tur;
138 1272 279 1338 septimo,
310 1279 341 1319 ut
367 1269 475 1319 daretur
503 1268 582 1317 nobis

39 1345 200 1412 ‚exemplum
228 1356 259 1391 ea
282 1356 342 1407 quae
366 1340 399 1390 ad
427 1339 532 1389 laudem
556 1347 582 1388 et

59 1412 157 1478 gloriam
173 1422 296 1462 nostram
316 1419 435 1477 spectant
458 1424 513 1458 esse
536 1425 582 1458 oc-

60 1484 172 1534 odtanda
197 1480 322 1549 quandiu
348 1495 445 1531 sumus
473 1479 503 1529 in
533 1479 583 1529 bac

61 1555 151 1607 mortali
173 1552 241 1615 rita,
257 1563 285 1604 et
303 1553 337 1604 ad
359 1552 510 1603 laciendum
530 1551 583 1601 hoc

60 1629 117 1693 quod
139 1629 170 1678 in
189 1625 375 1678 Ecclesiastico
393 1624 516 1675 dicitur:
538 1625 584 1674 Ne

59 1698 140 1751 uades
159 1699 250 1750 vir-tem
266 1698 296 1748 in
313 1698 400 1765 speeie
416 1712 483 1760 sua5
504 1707 531 1748 et
553 1698 582 1746 in

59 1773 142 1823 eodem
156 1789 166 1822 e
178 1774 251 1824 Ante
260 1777 371 1822 mortem
385 1786 417 1823 ne
430 1770 524 1821 laudes
537 1770 583 1821 ito

58 1843 145 1893 mirem
166 1856 333 1909 quemquam.
356 1842 407 1892 Per
429 1841 481 1892 hoc
502 1840 582 1890 etiam

58 1913 168 1964 ostendit
185 1913 262 1980 quod
283 1921 382 1964 secreta
407 1922 435 1962 et
456 1910 584 1976 mysteria

57 1982 141 2034 divina
159 1998 215 2034 non
235 1991 300 2033 sunt
319 1997 435 2049 semper,
456 1981 503 2032 sod
525 1980 584 2030 looo

637 432 663 472 et
679 432 798 486 tempore
819 421 925 483 debitis,
950 421 1122 486 publicanda
1143 433 1168 472 et

636 493 708 543 dedit
728 495 881 559 exemplum
901 493 966 544 viris
987 504 1094 554 sanctis,
1112 509 1167 544 non

636 565 712 617 facile
737 566 888 632 publicandi
917 566 1092 616 revelationes
1113 566 1166 617 sibi

636 635 725 697 factas,
738 638 807 688 sicut
826 638 926 688 Paulus
941 637 1020 688 annis
1035 648 1167 703 quatuor-

629 707 722 757 -decim
737 707 818 758 tacuit
831 718 937 772 raptum
952 724 1041 758 suum.

670 794 679 827 r
689 794 698 827 1
712 778 989 829 Transrrounnrronrs
999 779 1096 829 Doutnr
1106 795 1169 828 rnu-

636 865 693 899 rus.
720 878 749 887 —
776 849 838 901 Fuit
864 859 953 900 autem
972 849 1168 916 transfiguratio

636 920 744 971 Domini
755 920 822 972 fecta
833 922 901 972 circa
911 921 980 971 veris
993 921 1166 987 principium,

635 991 706 1041 unde
717 991 892 1057 Evangelium
909 994 941 1042 de
953 991 1167 1058 transfiguratio-

636 1078 669 1112 ne
681 1061 777 1128 legitur
789 1062 817 1112 in
832 1063 958 1115 Ecclesia.
971 1062 1081 1113 subbato
1096 1078 1166 1129 qua-

635 1143 697 1182 tuor
721 1143 883 1198 temporum,
908 1144 968 1200 post
997 1132 1111 1198 primam
1137 1133 1166 1183 in

636 1204 845 1270 Quadragesima
861 1204 1033 1255 dominicam.
1057 1203 1167 1252 Festum

635 1290 698 1324 vero
715 1274 957 1341 transfigurationis
971 1272 1080 1323 Domini
1097 1273 1166 1322 cele·

636 1346 728 1395 bratur
739 1356 813 1396 sexto
828 1346 954 1396 kalendas
963 1343 1093 1410 Augusti,
1105 1343 1168 1409 quia

636 1427 699 1466 tunc
718 1416 752 1466 ab
766 1417 903 1482 Apostolis
920 1414 973 1466 fuit
991 1414 1168 1481 transfigura-

636 1486 675 1536 tio
691 1484 833 1551 praedicata
860 1497 887 1537 et
916 1486 1061 1553 publicata,
1085 1499 1167 1551 quam

637 1566 775 1606 tacuerunt
786 1556 913 1623 usquead
923 1556 994 1606 diem
1007 1555 1091 1617 illam,
1102 1569 1168 1620 pro-

636 1637 694 1693 pter
713 1626 925 1693 prohibitionem
949 1643 965 1677 a
989 1626 1107 1676 Domino
1126 1625 1169 1676 eis
1226 1656 1230 1663 ·

636 1697 730 1746 factam
746 1697 774 1747 in
789 1697 918 1748 descensu
937 1696 1039 1746 montis
1057 1697 1170 1746 Thabor

636 1777 726 1816 contra
743 1767 926 1826 Occidentem,
942 1767 989 1816 ubi
1004 1777 1044 1817 est
1058 1783 1112 1816 una
1124 1783 1168 1818 ca-

638 1837 715 1902 pella,
726 1837 772 1887 ubi
785 1837 917 1887 Dominus
929 1836 997 1886 dixit
1009 1837 1146 1902 Apostolis
1164 1855 1173 1887 ·.
1232 1863 1236 1869 ·

638 1906 747 1959 Nemini
761 1907 890 1958 dixeritis
904 1907 1041 1970 visionem,
1056 1916 1106 1957 etc.

542 2201 677 2254 ORATIO
718 2194 727 2208 ’

78 2373 150 2435 lesu,
164 2374 330 2440 Redemptor
342 2371 518 2438 perditorum,
534 2371 653 2424 Salvator
668 2374 879 2439 redemptorum,
893 2371 992 2422 animae
1011 2371 1169 2437 lacrymosa

53 2455 78 2495 et
91 2455 154 2511 post
172 2455 199 2495 te
218 2444 353 2496 currentis
372 2444 450 2495 dulce
463 2444 589 2496 solatium
612 2456 637 2496 et
658 2461 740 2497 suave
757 2444 939 2512 refrigerium,
955 2444 989 2494 da
1003 2443 1073 2494 mihi
1089 2457 1169 2493 omne

52 2515 275 2567 delectamentum
289 2526 363 2567 extra
380 2526 409 2566 te
430 2531 556 2582 respuere
573 2526 599 2567 et
621 2517 755 2576 oblivisci,
776 2527 806 2567 ut
826 2528 873 2567 tuo
889 2529 983 2580 sapore
1004 2529 1106 2564 merear
1122 2514 1184 2577 ju<

53 2588 172 2652 cundari3
187 2599 215 2641 et
228 2588 327 2649 veniat,
340 2604 398 2650 oro,
417 2598 534 2654 tempus,
551 2600 581 2639 ut
597 2591 670 2656 quod
688 2605 761 2640 nunc
778 2589 867 2649 credo,
882 2586 1004 2638 revelatis
1018 2585 1105 2636 oculis
1116 2595 1172 2636 tan·

53 2659 111 2710 dem
128 2660 279 2726 aspiciam
291 2659 364 2727 quod
386 2674 459 2710 nunc
472 2675 551 2726 spero
570 2671 596 2711 et
612 2677 627 2711 a
644 2662 726 2726 longe
742 2661 843 2719 saluto,
859 2657 1073 2724 apprehendam,
1093 2657 1169 2723 quod

53 2743 98 2793 pro
117 2730 223 2783 uiribus
247 2731 316 2781 meis
339 2730 489 2790 considero,
507 2730 581 2782 ulnis
601 2732 698 2782 animae
718 2731 862 2797 amplectar
877 2740 903 2780 et
918 2730 1072 2791 deosculer,
1092 2739 1122 2779 et
1142 2727 1171 2778 in

53 2802 174 2856 claritatis
194 2814 251 2854 tuae
271 2804 373 2870 abysso
392 2812 466 2853 totus
488 2803 652 2869 abscondar,
672 2813 704 2855 ut
723 2804 752 2854 in
767 2805 920 2856 velamento
936 2802 1040 2854 aluum
1060 2811 1170 2853 tuarum

54 2875 87 2926 sir
98 2893 152 2944 pax
163 2876 236 2929 mibi
251 2891 300 2944 per
312 2891 409 2927 aevum.
424 2876 523 2929 Amen.

512 3394 704 3518 Q
