2632 4312
157 282 212 330 2³4

157 381 249 433 tudine
285 397 346 432 nou
370 391 479 440 namra,
509 379 692 430 similitudine

158 468 215 502 non
233 450 353 512 veritate,
372 451 458 502 multa
474 449 603 501 beneficia
619 464 691 499 ¹con-

160 522 232 574 tulit.
243 523 348 573 Domus
367 531 468 582 autem,
485 521 566 572 lsrael
582 529 609 570 et
623 535 690 585 syu-

159 609 244 659 agoga
252 595 330 644 uinea
342 605 393 655 est,
404 609 437 644 ex
454 592 547 644 electis
566 591 693 657 personis

159 667 372 718 Patriarcharum
384 675 414 717 et
426 664 693 731 Prophetarum,sic·

159 749 188 789 ut
215 753 248 790 ex
275 738 377 789 vitibus
410 736 523 804 optimis
546 751 630 803 quam
655 735 690 785 de

158 809 278 875 AEgypto
292 808 438 868 transtulit,
460 807 527 858 etin
543 816 614 857 terra
623 821 690 871 pro-

159 879 298 929 missionis
311 879 463 946 plantavit,·
476 876 520 927 cui
532 890 620 943 sepem
635 877 692 926 cir·

425 263 600 316 SECUNDAE
612 262 742 313 rantis
754 262 1002 313 CAPUTXXXlll.

745 378 878 428 ducendo.
891 379 934 429 Et
948 379 1092 445 agricola,
1105 379 1278 446 apprehen&

744 450 840 512 servis,
853 448 921 515 quia
935 450 1016 499 multi
1025 465 1105 516 reges
1115 461 1143 500 et
1157 452 1279 503 sammo-

744 530 785 571 tes
800 521 948 586 Prophetas
960 521 1015 574 sibi
1027 523 1132 572 missos
1150 537 1170 573 a
1186 523 1278 573 Dami-

743 611 781 644 no
804 594 922 659 turpiter
936 595 1215 660 comprehendentes,
1236 611 1279 647 em

744 665 815 715 male
846 675 1030 716 ructaverunt
1055 671 1085 716 et
1112 667 1277 718 accim

743 736 845 788 uerna
862 737 936 787 misit
962 737 1037 787 alios
1066 739 1276 804 amplam

739 807 1279 873 prioribus7multiplicandoscilicetd³m

743 877 840 943 phetas
855 877 896 928 ad
900 877 1001 943 populi
1015 876 1236 942 correctionem
1252 885 1278 928 et

158 949 300 1013 cumdedit,
326 948 476 998 custodiam
504 946 616 1012 quidem
640 946 692 996 tri-
738 947 865 1013 fecerunt
896 949 937 998 cis
960 947 1096 1011 similiter,
1126 947 1195 1014 quia
1227 949 1276 1015 ipsi

158 1024 264 1090 plicem,
288 1022 392 1072 scilicet
414 1037 421 1070 ε
443 1020 594 1087 angelicam
609 1035 692 1086 super

159 1110 253 1145 muros
280 1093 445 1155 Jerusalem
472 1103 499 1142 et
524 1091 713 1161 humanam„

158 1168 261 1220 scilioet
274 1165 466 1232 protectionem
482 1164 641 1215 bellicorum
651 1165 693 1214 vi-

157 1252 264 1300 rorum;
284 1245 311 1285 et
323 1245 467 1295 terrenam,
479 1234 581 1285 scilicet
597 1235 691 1285 muni-

157 1312 260 1361 tionem
289 1322 440 1357 murorum.
462 1306 504 1357 Et
517 1306 595 1371 fodit
610 1307 638 1357 itt
659 1321 714 1371 ent

158 1379 288 1442 torcular,
304 1378 388 1428 idest
408 1378 496 1443 legem
513 1377 639 1442 ¹justitiae,
652 1377 692 1427 ti·
709 1403 713 1409 ·

154 1466 264 1501 morem
291 1449 533 1515 comprimentem,
553 1458 582 1499 et
607 1449 694 1500 malos

158 1530 340 1588 torquentem,
361 1529 389 1571 et
409 1519 462 1571 hoc
477 1519 547 1570 fodit
560 1538 574 1570 ·:
596 1520 714 1586 signis,'

159 1592 242 1643 minis
256 1600 282 1642 et
296 1591 448 1657 promissis3
471 1597 497 1642 et
508 1591 551 1641 tei
575 1590 693 1659 aed'qica-

160 1665 198 1714 vit
221 1664 330 1726 turrim,
361 1662 465 1713 scilicet
496 1662 630 1729 templum
659 1662 692 1711 ad

160 1735 262 1785 cultum
277 1733 410 1792 diuinum,
428 1733 500 1798 quod
520 1731 620 1782 dicitur
632 1740 693 1782 tur·
710 1760 713 1766 ·

162 1805 209 1866 ris,
231 1812 340 1871 propter
352 1802 521 1854 securitatem
541 1801 650 1869 refugii,
667 1811 694 1852 et

162 1886 270 1942 propter
279 1875 439 1941 dignitatem
452 1873 596 1939 privilegii,
608 1888 694 1938 respe-

161 1960 205 1999 ctu
228 1947 342 1997 aliarum
358 1945 509 1995 nationum.
530 1945 570 1995 Et
594 1945 694 1996 locavit

160 2034 219 2069 cam
235 2016 366 2083 agricolis
388 2022 414 2066 ct
437 2015 581 2081 operariis,
594 2015 694 2066 scilicet

161 2089 345 2140 sacerdotibus
359 2098 385 2138 et
394 2086 572 2154 principibus,
587 2086 635 2152 qui
650 2088 694 2137 de-

160 2162 226 2211 bent
239 2158 386 2224 exstirpare
403 2158 466 2208 vitia
487 2168 617 2223 tanguam
635 2157 694 2223 spi-

161 2245 217 2290 nas,
246 2239 272 2280 ct
290 2229 407 2278 inserere
423 2227 536 2278 virtutes
563 2237 693 2293 tanquam

160 2304 231 2352 bona
240 2301 353 2361 semina,
368 2315 397 2351 ac
412 2315 517 2351 servare
531 2299 636 2350 cultum
650 2300 693 2350 di-

159 2373 265 2427 vinum.
280 2383 306 2423 et
319 2370 451 2436 justitiam
471 2370 500 2420 in
522 2370 691 2422 hominibus.

159 2447 198 2497 Et
215 2458 334 2513 pergere
349 2443 556 2510 profecturam,
565 2458 625 2493 non
640 2443 692 2493 loci

160 2520 318 2578 mutatione,
338 2517 402 2583 quia
428 2517 501 2567 Deus
524 2525 564 2566 est
580 2515 691 2582 ubique,

158 2591 205 2640 scd
222 2590 285 2656 quia
300 2587 465 2639 vinitoribus
487 2586 604 2638 liberum
617 2586 692 2637 arbi-

157 2661 240 2712 trium
263 2659 388 2725 reliquit;
414 2659 471 2723 vel,
500 2669 611 2724 propter
630 2659 692 2708 lon-

159 2733 356 2799 ganimitatem,
382 2747 464 2798 quam
490 2731 520 2782 in
546 2732 692 2798 spectando

160 2815 189 2853 ut
215 2819 229 2853 a
254 2802 366 2867 peccatis
398 2810 615 2852 converterentur
644 2801 693 2851 ha-

159 2873 232 2935 buit;
257 2872 307 2930 vel,
322 2880 429 2937 propter
456 2869 578 2935 ipsorum
604 2870 693 2936 negli-

157 2943 285 3011 gentiam,
309 2942 381 3008 quia,
407 2940 557 2992 secundum
577 2943 711 2992 Amore

157 3015 241 3074 sium,
276 3013 323 3078 qui
350 3011 453 3077 ubique
483 3025 605 3077 presens
631 3021 711 3069 est.,i

158 3082 333 3150 diligentibus
357 3081 529 3148 praesentior,
550 3091 577 3133 et
605 3076 711 3148 negti-l

157 3155 284 3221 gentibus
297 3152 435 3202 absentior
449 3162 498 3202 est.
519 3152 586 3203 Cum
601 3158 691 3202 autem
708 3196 711 3205 .

158 3234 259 3293 ternpus
276 3224 419 3290 fructuum
436 3224 689 3290 appropinquasset,

157 3297 222 3363 quia
235 3304 296 3362 post
322 3294 421 3359 Legem
437 3293 689 3360 susceptam-debe-

160 3373 225 3421 bant
245 3368 329 3419 facere
340 3366 459 3417 fructum
477 3367 612 3418 bonorum
626 3381 694 3432 ope-

159 3457 243 3501 rum,
276 3439 350 3489 misit
368 3451 461 3488 aarum
484 3451 565 3500 auor,
584 3437 620 3487 :id
653 3447 694 3487 est

160 3515 264 3578 primos
292 3510 440 3578 Pmphetas
469 3510 507 3561 ad
531 3509 692 3577 agricolas,

160 3587 187 3635 id
201 3597 241 3638 est
253 3586 286 3636 ad
306 3598 383 3650 reges
401 3593 427 3634 et
440 3581 710 3649 sacerdotnprinct

161 3659 262 3723 paliter,
291 3668 317 3709 et
344 3657 377 3708 ad
402 3655 469 3706 alios
501 3654 634 3720 subiectos
653 3654 694 3704 eis

162 3740 371 3796 consequenter,
399 3735 429 3779 ut
450 3727 601 3793 acciperent
625 3726 710 3792 sme-¹

161 3808 226 3861 ctas,
246 3819 291 3851 cos
307 3817 353 3867 per
369 3799 587 3866 predicationem
601 3812 694 3858 suam,

159 3871 192 3919 ad
208 3873 331 3921 ¹tructam
357 3872 491 3921 bonorum
515 3883 628 3935 operum
642 3883 693 3918 :re-

744 1018 843 1083 ingrati
866 1019 953 1069 Deum
985 1017 1235 1078 inhonoraverunt,
1255 1031 1279 1070 et

739 1089 869 1140 similiter
888 1090 951 1140 illos
975 1089 1122 1155 Prophetas
1145 1093 1274 1156 persecuti

744 1170 809 1211 sunt
832 1170 858 1210 et
878 1159 1077 1210 interfecerunt.
1100 1161 1155 1211 Sed
1187 1163 1277 1213 novit·

744 1233 819 1295 sime,
832 1232 858 1282 id
876 1232 960 1282 estin
979 1230 1086 1282 ultimis
1103 1233 1280 1299 temporibus,

742 1306 820 1356 πιὶείτ
839 1304 942 1355 Filium
962 1319 1051 1369 surm,
1065 1321 1115 1372 pro
1128 1304 1219 1358 nobis
1234 1305 1280 1357 in·

740 1389 885 1430 umatum
898 1444 900 1449 ¹
913 1393 996 1444 quem
1022 1378 1153 1429 heredem
1168 1378 1279 1430 univer·

742 1468 839 1504 sorum
861 1462 887 1503 et
908 1452 1060 1518 principem
1080 1464 1279 1519 cognoscentes,

745 1526 879 1592 ejacmnt
900 1531 983 1575 extra
1004 1525 1120 1589 vineam,
1146 1526 1278 1592 neyndo,

745 1597 788 1646 vel
815 1595 880 1662 quia
904 1605 979 1645 extra
1009 1605 1118 1660 portam
1143 1595 1276 1662 lmusolp-

708 1688 713 1729 ξ
744 1683 856 1722 morum
891 1666 1048 1718 occiderunt
1083 1665 1278 1734 crucifigendo,

745 1739 866 1790 volentes
891 1737 990 1787 habere
1015 1737 1196 1788 hereditatem
1222 1738 1277 1804 ejus

739 1809 931 1875 temporalem,
946 1807 1049 1858 scilicet
1064 1808 1276 1873 possessionum

747 1881 903 1948 cogitabant
916 1879 988 1930 enim
1006 1879 1078 1930 intra
1091 1895 1120 1930 se
1135 1897 1143 1929 :
1157 1881 1188 1931 Si
1201 1879 1279 1931 istum

747 1951 864 2017 populus
878 1950 976 2000 habeat
990 1949 1150 2010 Dominum,
1175 1965 1279 2000 necesse

746 2034 787 2075 est
812 2035 842 2075 ut
869 2022 1028 2074 amittamus
1057 2023 1279 2074 consuetudinem

747 2094 907 2156 hostiarum,
925 2107 987 2158 quae
998 2092 1032 2142 ad
1050 2102 1177 2143 nostrum
1191 2102 1277 2159 parata

738 2173 787 2215 .est
813 2164 939 2226 lucrum3
965 2162 988 2212 si
1014 2171 1105 2212 autem
1127 2162 1280 2214 occidamus

746 2250 818 2294 eum,
833 2234 872 2284 sic
892 2247 999 2298 semper
1014 2231 1152 2282 tenebitur
1168 2248 1280 2283 consue·

746 2306 812 2356 tudo
843 2303 1041 2354 offerendarum
1064 2303 1230 2364 hostiarum,
1256 2314 1279 2353 et

746 2376 784 2426 sic
798 2373 844 2425 fiet
860 2384 952 2424 nostra
964 2373 1110 2438 possessio,
1125 2383 1152 2424 et
1168 2373 1221 2424 erit
1237 2389 1279 2423 no

746 2456 801 2498 stra
816 2445 960 2496 hereditas.
974 2443 1057 2494 Venit
1075 2453 1168 2493 autem
1186 2443 1280 2493 Domi-

746 2534 799 2570 nus
821 2519 854 2569 ad
880 2516 1070 2582 judicandum,
1095 2524 1122 2566 et
1143 2515 1216 2565 istud
1241 2514 1279 2564 fa-

745 2602 818 2642 ctum
834 2588 1036 2648 vindicandum,
1046 2586 1158 2654 quando
1173 2602 1205 2636 ex
1222 2587 1277 2651 ejus

743 2659 915 2712 ordinatione
936 2657 1011 2708 venit
1023 2666 1116 2708 contra
1140 2671 1189 2707 eos
1202 2671 1276 2707 exer-

746 2732 815 2782 citus
836 2730 1036 2793 Romanorum;
1056 2737 1081 2778 et
1101 2727 1190 2778 malos
1212 2726 1280 2776 male

741 2801 871 2871 perdidit,
884 2798 994 2866 quando
1014 2798 1150 2848 civitatem
1166 2807 1193 2848 et
1204 2802 1280 2848 :tem-

745 2873 821 2939 plum
848 2885 895 2936 per
920 2871 1059 2922 Romanos
1082 2867 1226 2927 destruxit,
1253 2882 1280 2916 ac

746 2942 880 3010 populum
894 2938 980 2990 occidi
994 2948 1021 2989 et
1036 2938 1166 3003 captivari
1176 2937 1249 2988 iecit.

778 3031 793 3065 2
805 3015 874 3065 lmus
882 3013 1028 3071 Eccunsra,
1037 3025 1102 3068 oum
1110 3026 1161 3061 esr
1169 3009 1279 3060 Caneri

745 3101 902 3138 mennas.
921 3112 961 3122 ·-
991 3082 1133 3133 Hereditas
1178 3081 1280 3132 Christi

745 3169 785 3211 est
795 3157 875 3210 etiam
884 3153 1006 3206 iEcclesia
1022 3168 1105 3220 quam
1114 3153 1202 3203 Judaei
1216 3166 1280 3218 prte-

745 3230 823 3296 cipue
840 3226 1038 3285 moliebantur,
1060 3225 1127 3274 dum
1145 3221 1200 3274 fide
1222 3223 1279 3286 aius

745 3301 883 3358 manaem,
911 3296 1040 3363 justitiam
1063 3310 1125 3362 quae
1152 3310 1186 3346 ex
1211 3294 1281 3360 Lege

739 3383 795 3435 est,
811 3370 969 3439 persuadere
992 3367 1127 3418 Gentibus
1140 3365 1280 3417 sonaban-

741 3456 799 3497 .tur.
824 3444 889 3494 Haec
912 3441 1042 3500 fecerunt,
1060 3448 1091 3489 ut
1110 3438 1150 3488 sic
1182 3435 1279 3502 ingrati

745 3515 811 3567 mali
841 3512 911 3563 male
937 3510 1099 3576 perdantur,
1122 3518 1149 3558 et
1179 3506 1278 3556 merito

747 3590 960 3644 damnentur,·et
973 3582 1007 3631 ab
1028 3581 1068 3630 eis
1090 3594 1205 3645 regnum
1222 3576 1280 3631 Dei.

739 3659 847 3711 scilicet
870 3675 877 3707 :
904 3653 1039 3713 Christus,
1058 3651 1207 3716 ¹&criptura
1237 3664 1282 3699 sn-

747 3747 799 3789 cra,
814 3745 862 3781 seu
874 3727 1075 3791 Scriptumrum
1088 3721 1277 3788 intellifflntia

739 3803 823 3862 tides,
847 3797 1013 3855 &desiniat
1025 3794 1081 3844 vita
1097 3802 1199 3843 tetema
1210 3789 1283 3841 aufe·

748 3883 829 3932 ratur,
853 3880 879 3921 et
903 3869 953 3919 hoc
976 3865 1093 3932 pertinet
1117 3864 1151 3914 ad
1168 3862 1278 3914 Judoeo-
