2632 4320
178 228 222 279 DE
239 229 336 281 REGE
353 227 414 289 QUl
427 227 561 280 VOLUIT
577 226 658 278 RAT.
671 224 814 276 PONERE
827 226 902 277 CUM
917 225 1019 278 SERV.
1036 226 1118 277 SUlS.
1174 241 1208 293 77
1286 190 1288 195 Ι

56 306 60 399 l
116 343 173 394 Vade
191 349 217 394 ei
235 343 353 411 amplius
373 342 430 393 noli
447 354 570 407 peccare.
593 340 620 391 Si

56 448 59 485 3
111 414 236 480 desperasti
273 422 381 480 propter
412 411 513 479 peccati
549 411 621 462 infa-

56 490 60 529 ι’
111 484 182 546 mam,
198 484 282 535 habes
296 483 455 535 Matthaeum
470 483 577 550 publice
592 481 620 531 in

56 578 60 621 ῑ
110 556 190 607 telonio
211 557 360 616 sedentem,
375 565 401 607 et
421 566 511 606 tamen
526 554 622 605 Domi-

56 634 61 681 l
111 643 149 679 nus
177 629 244 680 dixit
268 631 327 680 ei':
361 629 479 694 Sequere
509 640 560 678 me.
594 625 622 676 Si

56 694 64 755 l
110 701 235 767 desperasti
249 711 360 768 propter
372 701 470 767 peccati
488 700 623 751 diuturni-

110 781 181 833 tatem,
194 773 278 824 habes
292 775 425 824 latronem
437 772 483 839 qui
499 788 622 839 perseve-

109 843 160 894 rarit
175 843 201 894 in
219 845 290 895 malo
304 860 392 912 usque
405 846 437 896 ad
458 855 582 902 mortem,
597 853 622 895 et

109 922 180 965 tamen
200 915 303 966 dictum
325 927 365 966 est
386 916 411 966 ei
438 931 453 967 a
473 915 592 966 Domino
614 931 620 964 ι

108 984 181 1036 Hodie
196 1000 297 1037 meeum
317 987 373 1038 eris
391 987 418 1037 in
436 988 578 1052 paradiso.
594 986 621 1036 Si

109 1056 234 1124 desperasti
254 1069 364 1126 propter
382 1060 481 1127 peccati
502 1059 622 1111 crudeli·

56 1138 58 1143 ’
109 1136 184 1189 tatem,
208 1131 293 1182 habes
323 1133 437 1183 Paulum
461 1132 621 1199 Apostolum

59 1214 63 1219 ·
110 1197 252 1264 lapidantem
266 1201 443 1267 Stephanum,
459 1204 491 1252 de
508 1217 562 1268 quo
578 1201 622 1250 di·

110 1277 165 1319 etum
182 1283 222 1322 est
242 1288 249 1322 :
273 1273 328 1323 Vas
349 1273 485 1325 electionis
502 1273 567 1324 mihi
582 1279 623 1324 est

110 1340 154 1394 isle.
172 1344 198 1394 Si
220 1344 366 1411 desperasti
387 1356 497 1412 propter
522 1347 621 1412 peccati

110 1412 316 1475 recidivationem,
332 1431 379 1465 seu
397 1414 495 1481 peccati
509 1416 624 1467 iteratio-

110 1497 156 1534 nem
176 1495 200 1535 et
221 1486 448 1552 magnitudinem,
472 1486 555 1537 habes
578 1487 623 1537 hic

108 1555 270 1605 sonoritatem
299 1570 451 1622 expressam
472 1557 506 1607 de
529 1556 623 1606 dimit-

108 1622 172 1674 tendo
186 1624 260 1675 fratri
276 1626 426 1692 septuagies
440 1627 546 1693 septies.
562 1628 622 1679 Un-

108 1692 132 1743 de
146 1696 300 1748 liernardus
318 1715 327 1748 .·
346 1698 496 1748 «Omnino
516 1708 623 1764 propter

109 1768 323 1818 mansuetudinem
336 1784 396 1834 quae
409 1769 438 1819 in
453 1778 479 1820 te
493 1770 623 1836 praedica-

109 1841 151 1895 tur,
165 1838 296 1888 currimus
314 1849 376 1904 post
397 1848 432 1901 te,
446 1839 563 1890 Domine
576 1840 622 1889 Je-

108 1917 146 1966 su;
166 1908 300 1959 audientes
327 1909 400 1975 quod
428 1926 484 1960 non
511 1925 622 1976 spernas

107 1988 242 2041 pauperem,
255 1989 421 2045 peccatorem
435 1997 489 2031 non
504 1981 623 2032 horreas.

107 2043 155 2096 Non
181 2048 312 2100 horruisti
339 2049 510 2102 confitentem
539 2053 623 2102 latro-

106 2130 168 2180 nem,
192 2137 247 2171 non
275 2123 469 2189 lacrymantem
493 2124 623 2190 peccatri-

103 2202 216 2253 cem‚non
225 2194 407 2246 Chananaeam
417 2197 622 2263 supplicantem,

56 2272 59 2305 t
103 2274 147 2313 non
157 2265 353 2330 deprehensam
369 2267 397 2317 in
412 2269 551 2328 adulterio,
568 2283 623 2318 non

101 2335 224 2386 sedentem
240 2338 269 2387 in
281 2338 392 2398 telonio,
404 2355 459 2389 non
473 2340 624 2406 supplican-

100 2414 144 2456 tem
157 2409 342 2473 publicanum,
355 2426 408 2460 non
423 2421 564 2477 negantem
579 2411 623 2461 di-

100 2477 234 2544 scipulum,
251 2497 307 2532 non
327 2492 522 2548 persecutorem
538 2484 623 2534 disci-

98 2553 234 2615 pulorum,
266 2570 322 2605 non
353 2556 427 2622 ipsos
454 2556 623 2608 crucifixores

98 2630 158 2674 tuos.
180 2626 250 2676 Tam
274 2626 379 2677 validus
400 2626 518 2693 denique
540 2643 568 2678 ss
591 2630 623 2677 ad

96 2692 310 2758 justificandum,
339 2713 422 2764 quam
451 2699 553 2748 multus
591 2700 623 2749 ad

96 2761 293 2828 ignoscendum.
318 2768 409 2819 Currit
430 2783 539 2834 sponsa,
559 2784 624 2819 cur-

97 2848 154 2888 runt
170 2839 391 2903 adolescentulae3
408 2840 454 2891 sed
471 2856 533 2907 quae
551 2851 623 2891 amat

95 2907 236 2970 ardentius,
251 2910 335 2960 currit
345 2911 471 2976 velocius,
488 2920 513 2962 et
529 2927 624 2977 perve-

99 2977 135 3029 nit
156 2980 247 3032 citius.
271 3001 286 3030 o
307 2983 386 3034 Unde
409 2993 436 3034 et
456 2983 623 3052 chrysosto-

95 3063 170 3102 mus:
184 3071 198 3099 a
212 3054 304 3105 Liberi
325 3055 425 3121 quippe
446 3070 496 3105 nos
518 3055 624 3105 arbitrii

95 3123 187 3174 “eavit
211 3125 294 3190 Deus,
320 3136 351 3176 ut
374 3127 510 3177 voluntate
534 3136 624 3176 nostra

95 3205 151 3244 cum
172 3195 306 3261 adjutorio
324 3199 384 3257 Dei,
405 3199 478 3266 quod
498 3198 624 3248 volumus

95 3262 230 3320 faciamus.
251 3270 280 3321 Si
303 3271 464 3337 publicanus
486 3287 524 3331 es,
549 3281 624 3339 potes

95 3334 148 3388 fieri
174 3340 369 3409 Evangelista;
398 3343 421 3394 si
450 3344 624 3411 blasphemus

96 3420 129 3469 es,
151 3422 229 3478 potes
249 3413 307 3465 fieri
330 3416 488 3483 Apostolum
511 3415 535 3466 si
557 3417 624 3466 latro

96 3492 129 3539 0⁸,
141 3493 218 3548 potes
236 3485 347 3551 paridisi
369 3487 482 3537 colonus
503 3486 586 3552 effici;
601 3487 624 3537 si

97 3563 186 3618 magus
214 3571 261 3616 es,
288 3567 364 3623 potes
391 3557 478 3608 Deum
507 3557 625 3607 adorare.

99 3619 152 3678 Nec
163 3636 205 3679 est
217 3627 275 3678 ulla
295 3626 405 3687 malitia,
421 3641 484 3692 quae
497 3625 627 3693 poeniten·

97 3699 129 3751 tia
146 3716 202 3751 non
222 3701 350 3751 solvatur.
366 3700 401 3751 Et
418 3700 478 3752 ideo
497 3710 626 3767 tanquam

99 3772 225 3839 praecipua
237 3771 438 3838 malignitatum
450 3770 530 3838 elegit
541 3771 625 3822 Chri-

99 3851 160 3907 aaa,
172 3855 204 3900 ut
226 3860 307 3898 nemo
327 3859 414 3912 usque
433 3842 460 3896 in
479 3843 560 3897 finem
580 3859 626 3896 se-

676 339 822 404 metipsum
842 339 979 406 despiciat.
995 340 1056 390 Noli
1075 340 1144 391 mihi
1163 341 1207 389 di-

674 427 732 462 cere
757 428 764 461 :
787 412 876 477 Perii3
902 412 958 463 noli
985 412 1054 462 mihi
1082 412 1171 462 dicere
1199 429 1206 461 ε

674 482 791 533 Peccavi.
803 484 836 533 Et
851 484 960 549 quidem
974 483 1110 534 medicum
1124 483 1207 534 habes

674 557 739 606 satis
770 555 929 616 fortiorem,
967 566 993 608 et
1029 557 1206 622 potentiorem

674 645 756 695 quam
778 629 921 680 infirmitas
938 639 983 680 tua
1000 641 1050 680 est.
1072 629 1207 681 Medicum

675 699 758 749 habes
770 701 936 750 voluntatem
949 709 1034 761 tuam,
1046 701 1069 750 si
1080 701 1206 760 volueris,

675 772 875 832 emendantem,
898 781 925 821 et
945 781 1091 837 potentem,
1112 782 1138 824 et
1158 789 1207 824 cu-

675 842 802 907 pientem.
818 843 887 892 Cum
904 843 977 894 enim
1000 859 1055 892 non
1074 843 1207 895 subsiste-

675 919 736 976 res,¹
748 915 811 966 fecit
829 925 866 979 te;
887 926 913 966 et
932 915 998 982 quia
1016 931 1156 982 perversus
1179 933 1208 966 es

676 985 798 1046 effectus,
816 987 902 1037 multo
919 985 1004 1052 magis
1025 988 1167 1037 emendare
1183 997 1208 1037 te

675 1057 782 1122 poterit.
802 1058 855 1107 Sed
875 1057 988 1108 forsitan
1007 1057 1080 1107 dices
1100 1074 1107 1107 ε
1130 1059 1209 1119 Quo-

676 1130 756 1179 modo
771 1130 870 1195 poterit
893 1138 1013 1197 peccator
1029 1129 1127 1180 similis
1150 1144 1208 1181 esse

675 1199 793 1250 Sanctis?
818 1201 879 1251 Noli
900 1200 1035 1267 requirere
1062 1216 1116 1266 qua
1142 1210 1206 1260 arte,
1283 1247 1287 1256 ,

676 1271 731 1321 noli
756 1272 867 1322 scrutari
891 1271 1034 1335 rationem3
1057 1273 1103 1323 sed
1131 1273 1207 1323 crede

675 1345 824 1396 clementiae
856 1356 882 1396 et
912 1345 1071 1412 benignitati
1101 1345 1207 1397 divinae.

675 1416 727 1465 Sed
753 1415 821 1466 dicis
845 1432 852 1465 :
873 1416 991 1466 Grandia
1017 1426 1080 1466 sunt
1103 1425 1208 1481 peecata

675 1505 747 1549 mea,
767 1500 793 1541 et
811 1489 944 1540 immensa
965 1491 1065 1540 scelera
1086 1505 1154 1540 mea.
1176 1490 1209 1539 Et

675 1562 739 1629 quis
762 1574 802 1614 est
827 1563 885 1621 sine
911 1563 1033 1629 peccato?
1060 1563 1112 1613 Sed
1142 1578 1207 1629 ego,

675 1635 775 1702 inquis,
797 1637 923 1703 pessime,
946 1646 972 1687 et
997 1652 1077 1702 super
1098 1653 1208 1687 omnem

676 1710 826 1760 hominem.
848 1709 951 1762 Sufficit
974 1710 1034 1769 tibi,
1050 1711 1081 1760 ad
1101 1711 1209 1776 placan-

675 1782 741 1832 dum
764 1782 860 1842 Deum,
886 1795 993 1846 peccare
1020 1779 1156 1839 desinere,
1182 1792 1207 1831 et

675 1850 837 1903 benefacere.
863 1850 912 1900 Dic
934 1858 963 1899 tu
988 1849 1078 1915 prior,
1104 1849 1221 1914 inquit,¹
1273 1898 1276 1905 ,

675 1921 830 1988 iniquitates
848 1931 908 1972 tuas
926 1930 956 1970 ut
972 1917 1134 1985 justificeris.
1154 1920 1208 1969 Re-

676 2008 807 2060 cognosce
830 1992 895 2059 quia
918 2002 946 2042 tu
971 1991 1103 2057 peccasti;
1129 2000 1155 2041 et
1184 1991 1207 2040 si

676 2064 824 2130 agnoveris,
843 2062 954 2113 initium
975 2060 1147 2112 correctionis
1165 2060 1208 2112 fa-

676 2147 750 2188 ctum
782 2147 822 2186 est
852 2135 911 2186 tibi.
940 2133 1067 2201 Suspira,
1096 2145 1209 2185 moestus

676 2217 742 2267 esto,
768 2206 876 2257 effunde
898 2207 1037 2272 lacrymas.
1059 2204 1113 2254 Nec
1135 2203 1207 2254 enim

675 2280 748 2330 aliud
764 2279 830 2345 quid
847 2277 941 2328 effudit
955 2276 1081 2327 meretrix
1094 2277 1148 2337 illa,
1163 2277 1210 2328 sed

676 2349 801 2417 lacrymis
825 2347 1010 2414 poenitentiam
1036 2346 1160 2408 sociavit,
1185 2357 1211 2398 et

677 2423 733 2488 ipsa
747 2421 854 2482 comite,
871 2420 991 2487 pervenit
1005 2421 1037 2470 ad
1054 2419 1179 2471 fontem:
1196 2440 1209 2466 a

677 2495 735 2547 haec
757 2495 977 2563 chrysostomus.
1000 2493 1078 2543 Unde
1099 2502 1125 2543 et
1145 2493 1210 2543 Gre

677 2567 799 2633 gorius:
821 2583 835 2612 u
856 2566 879 2615 Α
900 2564 956 2630 spei
972 2579 1035 2629 ergo
1050 2563 1211 2614 certitudine

677 2637 750 2686 nulla
765 2651 815 2686 nos
829 2635 962 2685 malorum
974 2643 1126 2684 nostrorum
1141 2649 1211 2700 qua-

677 2707 747 2769 litas,
773 2706 847 2756 nulla
869 2704 1005 2772 quantitas
1024 2703 1138 2771 frangat.
1163 2704 1210 2754 ld-

671 2777 747 2829 ⁴circo
766 2777 839 2827 enim
863 2776 1037 2842 omnipotens
1056 2778 1130 2847 Deus
1154 2777 1210 2827 ele-

678 2857 734 2899 ctos
760 2863 824 2898 suos
847 2848 874 2897 in
900 2847 1064 2913 quibusdam
1090 2847 1211 2913 lapsibus

678 2920 770 2969 cadere
789 2916 936 2982 permittit,
957 2927 987 2968 ut
1004 2917 1065 2968 aliis
1086 2917 1114 2967 in
1133 2918 1213 2982 culpa

678 2989 838 3055 jacentibus,
865 2988 887 3038 si
916 2997 973 3038 toto
997 2988 1029 3038 ad
1060 3004 1122 3038 eum
1150 3004 1212 3038 cor·

678 3061 710 3111 de
733 3067 910 3124 consurgant,
936 3073 1012 3125 spem
1038 3058 1121 3110 veniae
1149 3059 1213 3108 red-

678 3134 735 3196 dat;
760 3141 785 3181 et
804 3130 843 3180 eis
862 3146 908 3196 per
923 3131 1038 3182 lamenta
1050 3131 1212 3198 poenitentiae

677 3201 748 3253 viam
780 3200 889 3267 pietatis
920 3201 1031 3267 aperiat.
1060 3202 1130 3261 Quia
1163 3199 1211 3265 qui

678 3272 777 3322 multos
794 3286 810 3322 a
824 3271 880 3321 suis
895 3271 1084 3338 iniquitatibus
1099 3271 1150 3335 jam
1166 3283 1212 3318 sa-

678 3352 755 3393 natos
775 3341 929 3408 aspicimus,
950 3341 1016 3409 quid
1039 3342 1111 3393 aliud
1130 3353 1213 3405 quam

678 3428 800 3479 supernae
814 3412 1005 3464 misericordiae
1024 3413 1122 3479 pignus
1135 3419 1212 3459 tene-

678 3484 757 3535 mus?
778 3504 792 3532 »
808 3484 844 3534 Et
864 3483 962 3534 iterum
981 3501 988 3534 ε
1006 3501 1020 3530 a
1035 3481 1107 3542 Quid
1122 3479 1212 3544 itaque

679 3555 708 3606 in
736 3556 785 3606 hac
809 3570 838 3606 re
861 3555 992 3606 debemus
1015 3551 1139 3617 aspicere,
1160 3548 1214 3600 nisi

680 3629 840 3680 immensam
854 3626 1067 3679 misericordiam
1082 3622 1215 3674 Condito-

679 3701 718 3753 ris
735 3702 830 3763 nostri,
847 3702 895 3770 qui
910 3701 989 3753 nobis
1003 3698 1076 3750 velut
1091 3697 1119 3747 in
1133 3697 1213 3764 signo

679 3773 712 3823 ad
743 3774 897 3840 exemplum
927 3769 1091 3838 poenitentiae
1124 3768 1215 3836 posuit

680 3859 737 3909 eos,
759 3860 829 3912 quos
854 3860 902 3912 per
921 3840 1105 3910 poenitentiam
1127 3841 1217 3894 vivere
