2632 4320
144 245 195 311 298
395 239 710 293 secununprnrrs
725 237 978 292 carorum.

142 357 351 407 tribulationum
365 366 453 416 erunt,
475 358 541 423 quia
557 356 677 408 Ecclesia

144 428 262 477 multum
274 427 306 477 in
317 427 371 477 line
386 428 541 479 tentabitur.
559 446 573 474 ι

176 495 258 546 §San
278 513 348 546 ιιιτι
362 513 444 546 ouum
464 512 677 549 ιιιιιειιιιοιιιιιι

145 585 297 619 narrantur
310 571 407 619 Snucrr
423 586 429 618 τ
443 586 513 620 unos
524 585 678 621 recusum

145 655 178 689 ur
192 655 261 691 uus
277 656 433 691 ιιτιιιιιιιι
448 641 595 691 -Deinde
608 641 677 690 sub-

144 709 187 760 dit
199 728 254 777 quo
269 713 366 763 merito
381 714 438 764 hoec
457 713 552 763 omnia
567 712 677 763 contin·

146 793 219 847 gent,
243 783 308 848 quia
329 791 391 834 ante
407 784 464 835 lraec
485 784 584 845 omnia,
599 783 678 834 scili-

146 864 190 904 cet
210 856 344 920 praedicta,
372 867 451 907 erunt
478 857 679 921 persecutiones

145 930 315 985 Sanctorum,
333 930 436 996 quibus
449 929 603 995 injicieutur
617 945 678 981 ma-

147 1015 198 1050 uus
212 1001 245 1049 ad
259 1000 428 1066 capiendum,
445 1001 550 1066 quique
566 1001 679 1052 traden-

146 1083 190 1122 tur
210 1073 243 1122 ad
267 1073 469 1132 tribulationes,
496 1084 524 1122 et
546 1083 679 1132 mortem,

146 1142 228 1193 ctiam
254 1159 270 1194 a
290 1143 451 1209 propinquis
475 1154 504 1194 ct
523 1144 628 1202 amicis,
652 1153 679 1194 ct

136 1226 226 1266 erunt
235 1215 299 1265 odio
308 1216 438 1265 omnibus
447 1216 615 1275 hominibus,
631 1215 680 1265 ltu·

147 1303 224 1337 mum
247 1297 275 1337 ει
292 1296 399 1344 terram,
416 1302 465 1336 seu
479 1288 600 1337 humana
623 1302 680 1336 non

146 1356 239 1406 diviua
263 1356 449 1422 sapientibus,
475 1357 580 1408 amicus
606 1357 681 1408 eni-m

147 1427 208 1486 Dei,
222 1426 349 1477 inimicus
368 1438 408 1478 est
424 1427 534 1490 mundi;
553 1438 579 1478 et
594 1427 623 1476 in
634 1437 681 1478 ιιι-

147 1497 166 1547 li
181 1497 248 1548 odio
257 1511 338 1549 erunt
352 1511 460 1565 propter
474 1515 577 1550 nornen
594 1500 679 1551 Chri·

147 1569 192 1631 sti,
206 1584 236 1621 ac
247 1570 444 1621 confessionem
456 1572 537 1635 hujus
548 1571 679 1629 nominis,

145 1650 172 1690 et
186 1642 372 1692 assertionem
386 1643 515 1706 veritatis,
532 1644 606 1709 quod
622 1643 682 1708 qui-

146 1711 211 1762 dem
229 1712 377 1777 jucundum
406 1725 433 1765 et
461 1713 612 1780 gloriosum
640 1722 682 1764 est

147 1784 254 1834 Sanctis
277 1801 285 1833 z
312 1784 377 1850 quia
402 1785 465 1835 felix
492 1796 535 1835 est
559 1785 682 1848 injuria,

149 1869 213 1904 cum
240 1855 312 1905 Deus
344 1866 385 1906 cst
410 1856 439 1905 in
460 1871 558 1920 causa,
597 1855 681 1905 etad

150 1924 220 1974 hanc
234 1925 357 1990 sequitur
375 1941 504 1991 magnum
525 1926 680 1992 premium,

149 2004 176 2043 ct
205 1995 291 2060 gloria
326 1995 471 2046 immensa.
505 1997 559 2058 Qui
598 1997 681 2048 etiam

149 2077 212 2131 post
239 2067 308 2118 dura
344 2083 405 2134 quae
444 2069 626 2133 predicantur
647 2069 682 2118 de

148 2138 295 2191 afflictione
324 2141 432 2199 mortis,
469 2142 593 2206 protinus
613 2157 682 2192 cou-

148 2212 270 2262 solantur
296 2214 330 2263 de
352 2215 437 2279 gloria
464 2214 680 2274 resurrectionis,

148 2281 213 2346 quia
240 2283 322 2333 etiam
346 2284 461 2350 capillus
488 2285 620 2336 minimus
647 2285 683 2335 de

148 2350 235 2415 capite
271 2368 364 2403 eorum
411 2370 467 2404 non
500 2355 615 2420 peribit,
654 2364 683 2404 et

149 2420 209 2470 ideo
235 2423 322 2474 multo
344 2425 430 2490 magis
454 2435 542 2475 cetera
578 2426 683 2490 majora

151 2506 206 2541 nou
221 2493 362 2560 peribunt;
377 2506 403 2545 et
415 2495 467 2545 hoc
491 2496 565 2546 addit
583 2496 618 2546 'ad
633 2496 682 2545 de-

149 2563 304 2615 clarandum
336 2567 476 2618 veritatem
512 2567 609 2619 futurae
637 2582 682 2617 re-

149 2639 341 2700 surrectimis,
367 2655 432 2690 nam-
457 2641 593 2707 quidquid
624 2641 683 2690 sive

149 2711 183 2761 ad
205 2713 393 2773 substantiam,
419 2715 476 2765 sivo
501 2716 533 2764 ad
558 2716 682 2765 decorem

150 2781 271 2846 corporis
306 2782 387 2845 tacit,
430 2783 458 2832 iu
485 2785 683 2835 resurrectione

151 2851 258 2902 redibit.
279 2853 434 2903 Secundum
461 2869 573 2903 sensum
599 2855 684 2919 spiri·

152 2922 269 2982 tualem,
299 2924 411 2989 capillus
435 2925 469 2974 de
502 2925 588 2990 capite
618 2925 684 2974 dici·

151 3003 195 3041 tur
213 3010 268 3043 non
283 2995 378 3061 perire,
405 2997 470 3062 quia
499 3013 548 3047 nec
568 2995 684 3047 minima

152 3063 251 3113 mentis
291 3064 417 3129 cogitatio
453 3067 523 3117 bona
563 3066 685 3117 manebit

151 3131 352 3186 irremunerata.
375 3137 451 3187 Unde
474 3139 551 3188 Beda
567 3156 576 3190 :
590 3157 605 3189 ι
620 3139 683 3188 Non

150 3204 241 3253 solum
267 3221 328 3255 ossa
354 3217 458 3266 nostra,
486 3208 514 3257 id
543 3218 584 3258 est
603 3207 685 3257 fortia

151 3286 226 3340 gesta
238 3277 280 3328 vel
293 3277 373 3337 dicta,
392 3290 618 3341 remunerantur3
634 3279 683 3329 sed

151 3348 233 3399 ctiam
266 3349 371 3415 capilli,
398 3350 426 3400 id
457 3363 496 3401 est
524 3351 681 3401 minutissi-

151 3436 202 3472 mae
211 3421 388 3488 cogitationes
401 3422 489 3481 bonae,
504 3438 563 3489 quae
580 3424 614 3473 de
627 3438 685 3473 cor·

150 3493 270 3561 dequasi
282 3494 396 3558 capillus
406 3493 438 3542 de
450 3496 561 3544 cerebro
574 3503 683 3553 ειειιιιι,

150 3569 220 3632 apud
234 3569 335 3633 'rustum
351 3566 471 3617 iudicem
481 3567 564 3632 digna
576 3582 681 3617 merce-

150 3639 185 3689 de
210 3640 397 3697 donabuntur,
422 3640 494 3689 uude
522 3638 680 3704 Propheta:

149 3709 282 3778 Reliquioe
318 3711 494 3776 cogitationis
528 3711 597 3760 diem
629 3711 681 3775 se-

150 3787 220 3831 rtum
243 3789 326 3848 agent
345 3783 402 3832 tibi.
422 3781 554 3832 Similiter
568 3796 617 3830 nec
631 3796 682 3830 co-

148 3850 293 3915 gitationes
316 3855 394 3904 malae
421 3853 599 3904 remanebunt
624 3851 681 3903 im-

729 353 840 419 punitae.
855 349 994 416 nthuia
1013 349 1105 415 gravia
1124 358 1266 415 suntque

729 423 819 474 Sancti
832 422 861 471 in
887 419 1120 486 persecutionibus
1139 418 1195 484 peti
1214 419 1266 469 lta-

729 494 840 551 bebunt,
855 492 915 540 ideo
930 500 1128 565 consequenter
1146 490 1179 539 ad
1195 489 1266 539 tole-

729 565 844 615 rantiam
870 550 1091 625 confortantur;
1085 579 1113 612 tn
1132 561 1267 627 praedictis

730 635 805 687 euim
832 634 949 684 maxime
976 633 1126 683 necessaria
1150 642 1194 683 est
1216 647 1267 698 pa-

731 706 832 765 tientia,
850 705 914 770 quia
939 704 966 754 in
992 704 1123 769 patientia
1140 703 1267 768 posside·

731 779 819 837 bunt,
843 778 935 827 idest
969 775 1127 826 custodient
1162 775 1268 824 animas

731 863 802 898 suaa.
830 849 929 898 Custos
951 847 1027 897 enim
1044 845 1269 895 omniumvirtu·

731 931 790 971 turn
808 920 937 986 patientia
958 930 1008 978 est,
1031 919 1060 968 in
1081 933 1137 983 qua
1152 916 1268 977 ammas,

731 1007 792 1058 quae
806 1008 903 1057 corpus
918 991 1068 1056 possident,
1084 988 1269 1054 possidemus,

731 1081 792 1115 cum
807 1065 879 1130 ipsas
893 1065 997 1114 animas
1009 1063 1042 1113 ad
1059 1061 1218 1128 patiendum
1232 1076 1270 1111 ιι·

731 1139 803 1189 none
828 1139 959 1204 regimus.
982 1137 1036 1197 Qui
1063 1145 1159 1185 autem
1178 1134 1270 1201 impa-

731 1211 802 1261 tiens
815 1222 864 1268 est,
885 1210 1095 1260 animamarum
1109 1223 1166 1257 non
1179 1206 1270 1272 poesi·

732 1281 785 1339 det,
813 1280 878 1347 quin
907 1279 993 1329 animi
1018 1277 1063 1327 sui
1090 1275 1216 1327 furorem
1232 1285 1269 1339 ,et

733 1353 801 1403 iram
827 1351 954 1401 cohibere
979 1365 1034 1399 ιιοιι
1068 1357 1167 1413 potest.
1192 1347 1270 1398 Unde

733 1423 804 1473 idem
832 1423 911 1473 Beda
935 1437 943 1472 .·
965 1439 979 1467 ι
997 1419 1044 1469 Sic
1065 1417 1140 1469 enim
1166 1416 1270 1468 conditi

733 1495 893 1546 mirabiliter
917 1509 1032 1552 sumus,
1053 1502 1084 1542 ut
1115 1491 1185 1541 ratio
1209 1489 1269 1541 ani-

734 1584 816 1630 mum,
839 1577 866 1617 et
885 1566 976 1615 anima
997 1563 1135 1631 possideat
1160 1576 1269 1628 corpus.

732 1645 780 1694 lus
794 1658 859 1694 tero
872 1642 970 1691 animae
987 1657 1001 1690 a
1019 1638 1145 1704 corporis
1160 1650 1269 1719 poeta·

733 1715 809 1765 sione
823 1711 996 1794 praepeditur,
1014 1709 1038 1760 si
1053 1725 1110 1759 non
1126 1722 1204 1773 prius
1215 1721 1270 1757 aut

734 1783 921 1835 mearatioue
940 1781 1102 1847 possidetur
1120 1777 1268 1830 Custodem

734 1857 817 1923 igitur
844 1853 1008 1906 conditionis
1039 1862 1140 1903 nostrie
1160 1849 1269 1930 patieti-

733 1928 801 1977 tiam
825 1926 962 1976 Dominus
999 1939 1059 1974 esse
1091 1919 1268 1981 monstravit

734 1999 801 2066 quia
816 1999 874 2064 ipsa
888 2014 937 2048 nos
952 1997 1090 2063 possidere
1114 1993 1271 2058 nosmetip-

734 2087 782 2121 sos
807 2070 926 2121 docuit:
948 2089 962 2116 n
980 2068 1036 2119 inc
1059 2066 1147 2117 Beda.
1173 2066 1270 2133 Magire

735 2144 818 2225 igitur
833 2153 872 2194 est
883 2142 968 2193 virtus
978 2138 1128 2207 patientiae,
1142 2137 1203 2189 sine
1216 2149 1269 2216 (ιιι

734 2215 823 2265 anima
840 2214 970 2295 perditur,
984 2223 1010 2262 et
1024 2225 1173 2278 perquam
1188 2205 1270 2274 potti-

735 2289 822 2338 detur
845 2286 902 2346 Qui
922 2285 996 2336 eninr
1024 2283 1160 2348 patienter
1170 2279 1268 2348 sufferi

735 2358 913 2418 runcationem,
935 2355 1047 2436 accipiet
1061 2367 1209 2415 coronam
1223 2349 1270 2401 sed

734 2429 783 2496 qui
795 2429 884 2494 perdit
896 2426 1063 2492 patientiam,
1076 2423 1167 2490 perdit
1179 2432 1208 2473 et
1218 2435 1270 2470 co·

736 2515 840 2549 ronam.
865 2498 942 2549 Unde
970 2506 998 2546 ει
1027 2493 1185 2560 Gregorius
1210 2502 1271 2543 ιιιι

735 2571 939 2629 commendans,
958 2568 1050 2619 dicit:
1068 2585 1083 2613 ι
1103 2566 1163 2632 Ego
1183 2564 1269 2615 virtu-

736 2655 791 2694 tem
814 2643 949 2709 patientiae
971 2639 1056 2706 signis
1079 2649 1111 2689 et
1132 2636 1271 2689 mutis

736 2731 795 2766 esse
809 2715 937 2779 maiorem
951 2724 1025 2778 puto.
1040 2731 1055 2759 ιι
1070 2712 1104 2761 Ει
1120 2711 1268 2761 Salomon:

736 2784 838 2836 Melior
858 2791 899 2835 est
925 2785 1033 2862 patiens
1053 2783 1114 2833 viro
1128 2780 1268 2846 forti;et

735 2858 781 2921 qui
804 2848 958 2905 domiiotur
983 2854 1072 2904 naimo
1104 2866 1162 2914 suo,
1181 2863 1270 2916 eapte-

734 2927 976 2994 gnotoreutbium.
997 2926 1074 2977 Unde
1090 2935 1120 2975 et
1142 2924 1270 2975 Seneca.-

737 3022 750 3047 ι
758 3002 905 3051 Tormenta
904 3000 1051 3080 patienter
1062 2998 1144 3058 ferre,
1153 2994 1270 3063 opunte

736 3082 785 3128 cst,
799 3072 850 3120 hoe
867 3069 941 3119 onim
956 3068 1126 3119 tortitudinis
1143 3083 1208 3134 pars
1221 3072 1269 3117 est.

736 3143 799 3192 Nou
814 3142 888 3192 enim
913 3141 966 3206 pati
990 3151 1128 3191 tormenta
1154 3136 1270 3206 optabile

736 3223 789 3275 est;
818 3213 865 3263 sed
894 3211 948 3277 pati
975 3209 1097 3269 fortiter,
1129 3211 1208 3276 quod
1234 3214 1271 3258 ιι

735 3283 831 3333 virtus.
845 3283 915 3333 Cum
927 3281 1030 3345 aliquis
1042 3291 1180 3331 tormenta
1194 3277 1270 3331 forn-

735 3366 776 3406 ter
786 3355 895 3421 patitur,
907 3354 1037 3403 omnibus
1048 3353 1201 3403 virtutibus
1215 3350 1269 3402 uti·

735 3437 788 3489 tur,
804 3442 869 3476 curn
890 3425 1002 3474 fortasse
1024 3423 1125 3473 unuin
1145 3430 1270 3489 promptu

735 3497 779 3556 sit,
800 3505 827 3546 et
849 3495 968 3546 maxime
988 3504 1113 3559 appareat
1132 3491 1269 3559 parimus,

734 3568 789 3618 illic
803 3580 844 3618 est
855 3567 1012 3619 individuus
1027 3566 1176 3617 comitatus
1183 3566 1269 3617 virtu·

734 3648 803 3688 turn.
813 3638 954 3702 Quidquid
969 3637 1083 3687 honeste
1095 3635 1136 3695 fit,
1152 3652 1209 3687 una
1222 3635 1270 3685 vir·

733 3718 778 3757 tus
800 3706 876 3770 facit;
904 3707 951 3756 scd
974 3722 1007 3757 ex
1032 3706 1143 3757 consilii
1163 3714 1270 3757 senten·

733 3782 771 3832 tia
794 3799 801 3831 :
823 3801 838 3828 ι
860 3783 919 3832 haec
935 3783 1047 3832 Senem
1073 3781 1169 3846 lg'rtur,
1191 3778 1268 3832 utait

734 3852 961 3919 Chtytostomur,
986 3850 1094 3916 innuite
1124 3851 1267 3903 hominum
