2632 4320
143 267 197 319 274

143 365 195 418 sibi
233 365 267 415 de
292 361 421 414 omnibus
454 376 515 427 quae
541 359 674 409 habemus

143 437 300 496 serviamus,
326 445 352 485 et
374 449 436 483 eum
457 433 536 482 corde
560 430 674 498 perlecto

145 508 297 573 diligamus.
329 504 418 554 Nimis
455 502 528 552 enim
556 503 675 567 ingratus

144 589 223 639 esset,
244 575 291 643 qui
317 570 437 640 cogitans
456 572 569 637 alicuius
593 573 676 620 bene-

144 649 234 699 ficium
262 662 325 697 eum
348 661 404 695 non
426 644 556 709 diligeret.
573 670 604 679 -
627 642 676 690 Se-

144 720 262 770 cundum
297 725 336 765 est
374 715 474 765 divinae
516 709 677 763 excellentiae

145 786 331 846 consideratio,
355 785 427 836 Deus
448 784 522 834 enim
542 783 626 847 maior
639 790 679 830 est

146 864 225 914 corde
242 877 350 925 nostro;
370 870 397 909 et
415 861 475 909 ideo
490 858 513 908 si
530 856 680 907 totocorde

147 945 173 986 et
193 933 322 985 omnibus
345 932 449 982 viribus
475 929 498 979 ei
522 928 679 988 serviamus

148 1007 236 1058 adhuc
262 1004 425 1056 sufficientes
443 1019 498 1052 non
514 1016 617 1060 sumus,
632 1014 681 1049 nec

148 1076 345 1135 satisfacimus,
363 1074 435 1124 unde
458 1073 486 1122 in
512 1069 681 1121 Ecclesiasti-

148 1164 178 1198 co
196 1165 203 1197 :
218 1146 407 1212 Glorificantes
431 1143 573 1193 Dominum
596 1155 683 1207 quan-

149 1225 306 1283 tumcunque
322 1215 486 1281 potueritis,
504 1211 683 1278 supervalebit

148 1288 236 1338 adhuc
246 1305 256 1350 ,·
272 1286 359 1350 major
383 1289 424 1334 est
442 1283 509 1333 enim
531 1282 602 1332 omni
623 1280 684 1329 lau-

148 1359 191 1409 de.
213 1386 245 1394 -
270 1355 392 1406 Tertium
418 1364 459 1404 est
483 1353 684 1402 mundanorum

148 1439 173 1480 et
192 1429 316 1479 omnium
337 1426 528 1491 temporalium
542 1423 684 1474 abdicatio.

148 1501 273 1566 Magnam
293 1498 366 1548 enim
395 1496 523 1562 injuriam
544 1494 607 1544 facit
618 1493 684 1553 Deo,

60 1622 63 1627 .
150 1572 197 1641 qui
226 1570 327 1637 aliquid
352 1570 376 1620 ei
399 1570 531 1634 adaequat,
545 1567 618 1634 quod
644 1564 684 1624 fit,

150 1645 261 1713 quando
292 1660 335 1694 res
357 1643 519 1708 temporales
544 1651 569 1691 et
589 1654 685 1691 corru-

149 1717 259 1784 ptibiles
281 1716 364 1767 simul
385 1731 446 1765 curn
459 1716 515 1765 Deo
533 1712 683 1778 diligimus.

150 1789 226 1839 Nihil
247 1788 326 1838 enim
340 1787 413 1837 aliud
440 1787 497 1836 vult
516 1785 589 1851 quod
618 1783 684 1834 dili·

151 1875 256 1926 gamus,
270 1874 352 1926 quam
376 1855 521 1923 eum,quia
541 1857 598 1921 ipse
611 1856 686 1905 solus

151 1932 209 1982 sine
230 1930 365 1982 consortio
391 1931 450 1981 vult
478 1929 615 1994 possidere
641 1942 686 1976 cor

151 2013 285 2053 nostrum.
309 2002 387 2052 Unde
408 2000 472 2050 dicit
497 1998 684 2065 Augustinus:

151 2091 164 2118 n
188 2072 314 2132 Domine,
347 2071 440 2121 minus
472 2079 498 2118 te
530 2078 610 2128 amat,
638 2067 685 2135 qui

151 2156 239 2210 preter
255 2155 281 2194 te
307 2143 410 2210 aliquid
427 2153 538 2192 amat.»
567 2143 600 2191 Et
614 2141 687 2191 Hie-

154 2229 285 2282 ronymus
318 2232 326 2264 :
357 2233 370 2260 a
404 2213 502 2279 Nimis·
520 2222 560 2262 est
582 2227 685 2272 avarus,

156 2284 199 2333 cui
223 2300 278 2333 non
302 2282 400 2333 sufficit
414 2283 496 2332 Deus.
513 2302 528 2330 n
550 2309 581 2319 —
597 2282 687 2341 Quar-

151 2368 210 2406 tum
251 2366 291 2407 est
321 2355 479 2405 omnimoda
520 2363 686 2420 peccatorum

152 2426 256 2487 vitatio,
285 2426 349 2493 quia
381 2427 473 2475 nullus
497 2435 584 2491 potest
599 2424 687 2474 Deum

151 2496 262 2564 diligere
287 2497 316 2547 in
336 2506 441 2563 peccato
467 2496 597 2560 existens,
615 2495 688 2546 scili-

154 2579 195 2619 cet
219 2569 338 2631 mortali,
362 2569 422 2619 ideo
447 2568 546 2618 dicitur
571 2585 578 2617 :
602 2568 688 2619 Nemo

148 2646 238 2704 potest
274 2641 376 2691 duobus
419 2639 534 2690 dominis
577 2639 688 2688 servire.

154 2714 230 2763 Unde
257 2714 281 2763 si
302 2715 330 2763 in
355 2724 462 2778 peccato
485 2728 587 2772 manes,
601 2712 689 2761 Deum

154 2798 209 2832 non
228 2781 330 2848 diligis.
349 2784 411 2832 Non
426 2783 516 2848 diligit
537 2783 623 2832 Deum
640 2797 689 2832 su-

156 2853 269 2919 perbus,
300 2856 341 2905 vel
361 2863 465 2904 amator
489 2869 564 2905 vanae
587 2853 690 2920 gloriae,

78 2942 84 2959 ·
156 2927 202 2992 qui
237 2929 373 2992 pulverem
406 2945 479 2981 vanae
508 2927 610 2995 gloriae,
630 2944 690 2995 quae

155 2995 226 3046 nihil
247 3008 296 3057 est,
312 2999 369 3048 Deo
379 3000 510 3064 praeponit
519 3017 527 3064 ;
544 3015 593 3049 nec
609 3000 690 3049 volu-

156 3077 277 3136 ptuosus,
288 3069 335 3134 qui
361 3086 410 3135 pro
432 3080 619 3120 momentanea
640 3071 690 3120 de·

159 3136 301 3193 lectatione
323 3160 386 3194 eum
416 3146 527 3211 deserit;
555 3161 603 3196 nec
627 3161 691 3196 ava·

156 3229 211 3275 rus,
237 3212 354 3295 quippo
384 3231 508 3276 nummo,
537 3219 579 3267 rel
604 3217 691 3267 nihilo

157 3301 219 3336 eum
241 3295 352 3336 amrttrt.

187 3374 205 3424 4
221 3358 348 3408 Drrscrro
362 3374 470 3408 anonim
485 3375 630 3410 usunrruu
645 3376 692 3411 ss-

159 3444 267 3478 euumnt
281 3445 314 3478 ar
334 3445 415 3478 rmuo
428 3445 523 3479 sunna„
533 3458 564 3467 -
589 3430 693 3479 Deinde

157 3499 231 3550 addit
247 3516 254 3549 ι
272 3499 423 3549 Secundum
440 3505 528 3549 autem
544 3500 631 3550 simile
653 3506 694 3551 est

160 3568 231 3631 ltut'c,
245 3585 301 3618 non
317 3569 427 3635 aequale,
440 3569 486 3618 sed
508 3569 610 3629 simile,
628 3569 694 3636 quia

157 3648 198 3688 est
207 3639 240 3688 de
254 3649 314 3688 actu
326 3637 421 3699 simili,
443 3637 542 3688 scilicet
560 3639 593 3688 de
623 3640 692 3690 dile·

159 3709 257 3771 ctione,
275 3710 317 3759 vel
331 3709 364 3760 de
375 3724 403 3758 re
416 3707 501 3758 simili
516 3710 582 3769 Deo,
593 3709 694 3760 scilicet

161 3780 194 3828 de
222 3779 343 3841 homine,
362 3779 409 3845 qui
430 3780 461 3829 ad
484 3778 693 3830 similitudinem

158 3851 207 3903 Dei
216 3851 301 3904 lactus
315 3863 365 3916 est,
375 3851 477 3907 scilicet
492 3852 619 3919 :Diliges
633 3868 694 3918 pro·

416 243 590 297 SECUNDAE
607 240 730 291 PARTIS
745 240 862 292 CAPUT
877 241 994 291 XXXVI.

726 357 831 407 ximum
839 357 989 407 tuumsicut
1000 357 1122 421 teipsum,
1136 355 1165 405 id
1176 367 1218 406 est
1228 357 1261 406 sd

728 429 755 479 id
784 430 817 478 ad
845 430 918 495 quod
943 429 1070 494 teipsum,
1102 427 1207 478 scilicet
1228 428 1262 478 ad

728 498 860 564 iustitiam
887 507 912 548 et
939 501 1062 558 salutem,
1092 497 1125 548 ad
1150 496 1262 563 gratiam

729 571 908 638 inpraesenti,
934 583 959 622 et
980 571 1093 637 gloriam
1112 571 1140 620 in
1162 570 1263 631 futuro,

730 654 756 694 et
783 646 815 695 ad
850 645 971 695 eamdem
1010 644 1207 694 beatitudinem
1231 644 1264 694 ad

731 733 813 784 quam
833 717 923 784 diligis
951 727 986 767 te.
1011 717 1088 767 Unde
1113 716 1184 766 sieut
1211 731 1265 766 non

731 782 840 839 de‘notat
863 788 1040 854 aequalitatem
1064 786 1173 852 gradus,
1202 786 1266 853 quia

732 860 822 924 primo
835 869 861 908 et
877 861 938 925 plus
952 867 1056 908 tenetur
1068 856 1153 907 homo
1164 872 1194 907 se
1210 856 1269 906 dili·

733 946 804 996 gere,
818 944 900 996 quam
914 928 1078 994 proximum,
1091 927 1188 977 ceteris
1202 926 1269 992 pari·

735 1002 852 1064 bus;sed
866 1001 975 1050 denotat
989 997 1199 1048 similitudinem
1205 997 1268 1048 boni

735 1069 838 1137 optati,
864 1080 894 1120 ut
922 1068 988 1118 velit
1016 1067 1172 1134 proximum
1200 1067 1270 1118 sicut

736 1160 765 1195 se
785 1158 843 1194 esse
870 1143 898 1193 in
925 1141 1010 1208 gratia
1039 1151 1066 1190 et
1091 1155 1184 1191 amore
1210 1139 1268 1190 Dei.

738 1216 771 1265 Et
786 1229 847 1264 cum
862 1213 969 1272 dicitur,
984 1212 1137 1274 secundm,
1153 1219 1271 1297 norgest

736 1290 811 1350 ordo,
832 1287 885 1338 nisi
907 1300 1039 1354 quantum
1062 1286 1095 1336 ad
1116 1294 1269 1344 materiam,

737 1375 798 1427 quae
818 1369 859 1410 est
875 1359 948 1408 Deus
967 1368 992 1407 et
1007 1357 1161 1423 proximus;
1183 1372 1269 1408 unum

738 1433 812 1483 enim
830 1443 870 1483 est
884 1439 1045 1497 praeceptum
1061 1431 1093 1480 de
1108 1430 1269 1494 dilectione3

737 1504 779 1554 vel
791 1501 871 1553 etiam
886 1510 926 1551 est
942 1502 1009 1550 ordo
1020 1499 1195 1561 causalitatis,
1207 1498 1270 1566 quia

737 1589 813 1624 amor
838 1572 954 1638 proximi
979 1580 1103 1622 causatur
1125 1587 1159 1621 ex
1180 1584 1271 1621 amore

737 1645 794 1696 Dei.
816 1645 850 1696 Et
869 1643 929 1694 ideo
952 1643 1018 1693 dicit
1031 1643 1182 1708 Apostolus
1196 1659 1204 1692 t
1219 1640 1272 1704 Qu

737 1717 831 1783 diligit
844 1715 1011 1781 proximum,
1026 1716 1128 1781 Legem
1141 1714 1269 1781 implerit,

738 1789 802 1857 quia
821 1803 900 1838 causa
925 1787 1087 1854 intelligitur
1108 1787 1138 1837 in
1153 1795 1269 1847 causato,

738 1872 765 1913 et
784 1876 868 1912 none
891 1875 1030 1911 converso.
1053 1859 1169 1910 Dilectio
1190 1859 1272 1927 igitur

739 1934 767 1984 in
798 1933 885 1983 Deum
908 1932 984 1998 origo
1005 1941 1046 1981 est
1065 1930 1222 1981 dilectionis
1243 1929 1270 1980 in

738 2004 907 2070 proximum3
935 2012 960 2052 et
982 2001 1092 2052 dilectio
1118 2000 1146 2051 in
1180 2000 1273 2067 proxi·

739 2091 816 2126 mum
843 2073 961 2140 cognitio
991 2081 1031 2123 est
1059 2071 1216 2123 dilectionis
1243 2071 1271 2121 in

738 2147 845 2207 Deum,
879 2161 909 2196 ac
945 2146 1026 2196 etiam
1064 2145 1270 2195 nutrimentum.

739 2217 816 2269 Unde
848 2217 1002 2282 Gregorius
1029 2232 1038 2266 s
1066 2233 1080 2261 a
1112 2214 1166 2265 Per
1197 2229 1273 2265 amo

739 2303 797 2352 rem
820 2287 878 2347 Dei,
902 2302 979 2337 amor
1001 2285 1119 2351 proximi
1142 2284 1271 2352 gignitur,

740 2371 766 2411 et
786 2375 833 2426 per
851 2375 971 2410 amorem
987 2358 1113 2425 proximi,
1135 2373 1212 2409 amor
1224 2356 1273 2408 Dei

740 2432 880 2483 nutritur:
899 2451 913 2479 n
928 2432 986 2481 haec
1001 2429 1167 2496 Gregorius.
1182 2430 1216 2480 Et
1233 2429 1273 2480 si-

740 2505 844 2556 militer
860 2504 968 2554 dilectio
987 2504 1015 2554 in
1035 2503 1158 2567 seipsum
1171 2517 1273 2568 praece-

741 2577 804 2626 dere
828 2575 907 2625 debet
931 2574 1103 2624 dilectionem
1124 2572 1156 2623 iu
1183 2571 1274 2640 proxi-

742 2664 827 2699 mum.
843 2647 921 2697 Unde
942 2646 1112 2712 Augustinus
1139 2663 1148 2696 ε
1171 2663 1185 2691 a
1207 2643 1275 2696 Wde

741 2720 816 2786 prius
830 2718 853 2769 si
866 2717 920 2782 jam
936 2716 1005 2767 nosti
1018 2715 1131 2782 diligere
1142 2715 1273 2782 teipsum

742 2800 768 2840 et
786 2787 926 2840 committo
946 2786 994 2836 tibi
1008 2784 1175 2850 proximum,
1194 2800 1275 2851 quem

742 2859 839 2926 diligas
871 2857 941 2907 sicut
966 2855 1093 2921 teipsum.
1127 2854 1157 2904 Si
1186 2864 1275 2905 autem

743 2929 864 2980 nondum
884 2926 955 2976 nosti
968 2926 1081 2992 diligere
1095 2935 1131 2986 te,
1145 2925 1231 2976 timeo
1245 2939 1277 2975 ne

744 2999 862 3066 decipias
885 2997 1040 3064 proximum
1065 2997 1192 3048 sicutte.
1214 3017 1229 3046 n
1245 2996 1277 3047 Et

744 3073 843 3124 iterum
867 3088 874 3121 :
898 3090 912 3117 u
934 3069 1106 3120 Manifestum
1128 3078 1169 3120 est
1189 3077 1276 3120 autem

744 3162 855 3197 omnem
876 3143 1017 3194 hominem
1039 3142 1198 3209 proximum
1222 3156 1279 3195 esst

745 3215 939 3282 deputandum,
964 3213 1029 3279 quia
1053 3228 1115 3279 erga
1141 3212 1278 3264 nerninem

745 3285 913 3352 operandum
931 3292 973 3332 est
986 3282 1099 3332 malum.
1120 3280 1175 3341 Qui
1190 3290 1277 3333 autem

746 3364 818 3405 amat
831 3353 957 3404 homines
971 3368 978 3400 :
994 3362 1040 3401 aut
1051 3351 1116 3418 quia
1124 3351 1192 3417 iusti
1206 3360 1278 3414 sunt,

745 3433 792 3475 aut
806 3433 836 3473 ut
855 3421 918 3488 justi
938 3421 1001 3481 sint,
1024 3435 1116 3470 amare
1134 3421 1225 3472 debet.
1238 3418 1280 3472 Sic

747 3495 819 3546 enim
836 3505 862 3544 et
884 3494 1002 3560 seipsum
1016 3506 1107 3542 amare
1118 3492 1203 3543 debet
1215 3509 1223 3543 ι
1236 3500 1280 3543 aut

746 3565 811 3631 quia
832 3565 918 3628 iustus
938 3572 988 3623 est,
1011 3572 1057 3613 aut
1080 3570 1113 3612 ut
1134 3564 1227 3626 justus
1237 3561 1279 3614 sit.

747 3637 790 3687 Sic
815 3635 890 3686 enim
913 3634 1004 3701 diligit
1024 3633 1188 3702 proximum
1213 3634 1281 3686 sicut

747 3711 872 3775 seipsum,
889 3709 948 3760 sine
961 3709 1019 3758 ullo
1032 3707 1155 3774 periculo
1170 3725 1180 3758 :
1196 3727 1211 3757 a
1225 3708 1281 3760 haec

746 3781 926 3846 Augustinus.
950 3778 1030 3830 Unde
1046 3779 1147 3829 modus
1162 3778 1281 3847 diligen-

747 3852 774 3902 di
789 3851 944 3919 proximum
961 3849 1110 3902 attenditur
1129 3851 1281 3903 secundum
