2632 4320
437 249 616 304 SECUNDAE
629 246 757 302 rastis.
770 247 894 301 CAPUT
907 248 974 302 Ltv.

142 365 244 419 tudem
258 364 412 416 aviditatem
432 374 459 415 et
476 364 679 418 delectationem
709 394 712 427 ς
734 372 801 424 tem,
814 363 916 416 scilicet
932 378 1051 422 ctrncm,
1064 377 1128 431 qum
1139 372 1273 432 tanqum

141 437 383 498 concomitantem;
400 435 508 500 quinto,
520 435 597 501 quod
609 445 680 489 tota·
708 430 712 495 ἶ
734 451 785 502 pes.
803 436 862 500 ejus
881 446 922 487 cst
936 435 1030 487 infirm
1048 435 1078 487 in
1093 436 1156 503 ipss
1169 448 1271 504 nam,

141 508 213 570 liter,
224 525 272 575 per
280 508 342 561 fidei
356 508 551 574 integritatem,
559 509 680 561 vorando
708 516 712 567 1
733 516 759 558 et
781 506 909 566 animam,
929 522 990 572 qum
1011 516 1052 557 est
1074 507 1176 568 media,
1201 509 1272 563 sicut

143 589 223 646 caput
236 596 298 631 cum
313 580 429 645 pedibus
442 589 469 633 et
489 579 638 641 intestinis,
651 580 679 631 id
708 572 712 641 Ξ
733 582 791 646 ejus
802 580 941 644 intestina3
959 590 1045 642 sexto,
1058 582 1133 648 qnod
1150 582 1212 634 sine
1224 599 1273 637 ns-

143 659 184 703 ast
196 665 244 716 per
256 665 346 700 veram
365 649 447 701 fidem
468 650 680 716 incorporando,
709 654 712 723 ξ
732 653 805 705 sitam
820 653 1037 706 comminutione
1056 669 1104 720 per
1118 654 1274 722 simplicem

143 731 170 775 et
188 722 320 774 credendo
334 721 363 773 in
378 722 488 776 Christo
499 722 681 783 divinitatem,
732 724 891 777 sactenmnti
907 725 1119 777 venerationem.

145 806 207 856 qim
229 802 270 843 est
287 803 367 858 caput
382 792 496 858 ejus,‘ct
519 792 679 846 humanita-
709 820 712 853 ;

151 249 204 319 390

643 1014 785 1068 ORATIO.

171 1182 288 1235 Domine
302 1183 366 1234 Jesu
380 1181 502 1242 Christe,
519 1183 566 1247 qui
582 1183 650 1234 hora
668 1182 821 1248 vespertina
840 1198 943 1235 coenam
965 1184 1091 1236 ultimam
1107 1199 1172 1236 cum
1189 1183 1278 1236 disci-

141 1254 215 1321 pulis
245 1254 274 1303 in
298 1253 436 1304 coenaculo
461 1252 555 1318 grandi
581 1262 664 1303 strato
689 1253 786 1314 fecisti,
807 1263 834 1304 et
853 1268 899 1304 eos
915 1253 1098 1307 sacratissimo
1113 1242 1276 1324 Corporeet

140 1324 278 1390 Sanguine
306 1333 353 1374 tuo
369 1323 474 1383 cibasti,
496 1322 537 1374 iac
558 1333 651 1389 pectus
665 1339 757 1374 meum
771 1325 940 1375 coenaculum
957 1325 1058 1394 grande
1074 1322 1202 1388 stratum,
1214 1341 1275 1379 am-

147 1394 236 1460 plifica
256 1411 332 1461 spem
347 1405 374 1446 et
388 1394 524 1445 caritatem
539 1395 568 1445 in
583 1395 664 1445 corde
678 1411 750 1456 me0,
765 1395 910 1465 magnifica
922 1396 1171 1463 longanimitatem,
1198 1412 1275 1464 spem

150 1474 180 1515 et
198 1465 346 1525 caritatem,
366 1466 523 1530 patientiam
542 1475 570 1516 et
586 1465 779 1517 humilitatem.
797 1468 836 1517 Da
859 1466 938 1528 mihi,
962 1477 993 1516 ut
1012 1477 1048 1528 te,
1066 1483 1150 1534 quem
1166 1466 1226 1519 coeli
1248 1476 1274 1519 et

141 1549 220 1589 terrae
234 1554 293 1589 non
312 1539 433 1605 capiunt,
447 1554 497 1605 pro
513 1539 625 1589 modulo
639 1554 689 1589 suo
704 1539 791 1606 capiat
804 1555 850 1590 cor
863 1556 954 1591 meum
969 1541 1119 1592 contritum
1137 1550 1166 1592 et
1179 1540 1274 1593 humi-

141 1610 249 1672 liatum,
275 1622 307 1663 ut
330 1629 377 1680 per
403 1613 602 1665 inhabitantem
617 1613 731 1680 gratiam
744 1622 819 1665 tuam
834 1615 929 1666 omnia
943 1615 993 1666 tibi
1008 1615 1142 1682 placentin
1158 1614 1276 1685 cogitem

144 1691 172 1734 et
184 1683 334 1749 perficiam,
351 1695 377 1735 et
391 1685 484 1735 omnia
507 1685 641 1736 contraria
663 1685 779 1736 odienda
803 1686 952 1750 declinem
976 1697 1002 1737 et
1022 1687 1061 1738 sic'
1078 1687 1274 1755 perseverando

144 1770 233 1823 usque
252 1757 280 1806 in
295 1757 387 1819 tinem,
402 1773 552 1825 consequar
565 1767 630 1811 tunc
643 1757 755 1826 dignam
770 1759 930 1810 sacrosancti
947 1759 1076 1825 Corporis
1090 1769 1117 1812 et
1130 1757 1275 1829 Sanguinis

145 1827 188 1879 mi
201 1830 414 1896 perceptionem.

571 2207 740 2280 CAPUT
768 2208 852 2277 LIV

358 2452 410 2519 De
432 2449 612 2520 ablutione
628 2452 755 2545 pedum
778 2453 1059 2549 Disct'pulorznn.
1103 2428 1106 2445 ⁸

562 2697 698 2764 loannis
720 2719 787 2782 cap.
810 2702 858 2765 13.

185 2940 345 2993 tDmscrm
361 2941 472 2993 Cunrsrr
487 2951 687 2991 anasumcrru-
715 2939 845 2999 larundo,
870 2955 927 2989 non
953 2955 1019 2991 suos
1041 2941 1100 2991 sola
1122 2939 1259 2995 oratione,

149 3025 208 3065 ιοθ.
223 3039 253 3048 -
274 3010 351 3063 Circa
366 3011 515 3062 secundum
534 3025 596 3060 veto
619 3007 686 3059 dili·
714 3017 717 3077 j
739 3011 784 3061 sed
811 3025 876 3060 suos
899 3010 980 3061 etiam
1008 3011 1149 3070 electione,
1174 3009 1258 3061 seilicet
1302 3052 1306 3075 -.

148 3092 243 3150 genter
262 3084 379 3134 attende.
402 3083 553 3135 Praemissis
567 3098 685 3148 namque

150 3157 187 3209 ita
200 3171 229 3209 se
243 3155 417 3216 habentibus,
430 3159 609 3209 aciensJesus
620 3157 687 3223 quin

149 3228 222 3281 venit
242 3227 310 3279 hora
334 3229 405 3295 rcy'us,
431 3245 486 3279 non
510 3227 614 3291 fatalis,
638 3227 685 3277 sed

149 3299 317 3366 impletionis
339 3310 568 3352 sacramentorum
588 3316 606 3351 a
628 3300 686 3350 Deo

150 3372 227 3426 Patre
249 3373 380 3433 ordinata,
396 3379 426 3424 ut
444 3378 566 3423 transeat
579 3387 617 3423 ex
636 3373 688 3423 hoc

149 3444 247 3495 mundo
269 3444 307 3495 ed
328 3445 453 3504 Patrem,
484 3459 541 3493 non
564 3459 616 3508 per
633 3443 684 3494 loci

149 3515 328 3567 mutationem
352 3532 359 3565 ι
382 3516 428 3566 sed
454 3515 524 3564 sicut
547 3514 645 3567 dicitur
670 3530 686 3565 a
715 3560 718 3577 ,

716 3580 718 3585 '
738 3581 827 3645 lectio,
851 3582 901 3632 sed
917 3581 946 3631 in
960 3589 1066 3630 tantum
1082 3577 1179 3630 dilexit
1200 3570 1262 3642 qnod

149 3584 229 3639 Patre
248 3587 355 3639 venisse
375 3587 537 3637 assumendo
561 3595 685 3637 naturam

150 3668 272 3710 nostram
297 3659 448 3718 mortalem,
475 3657 512 3708 ita
534 3657 633 3708 dicitur
652 3659 688 3711 ad
716 3709 719 3715 ,

152 3731 258 3781 Patrem
271 3732 393 3791 rediisse,
405 3730 526 3782 faciendo
540 3731 626 3796 ipsam
639 3745 686 3795 per
716 3774 718 3781 ,

152 3799 383 3853 immortalitatem
404 3800 433 3850 in
448 3816 496 3852 sua
509 3801 686 3852 resurrectio-

153 3885 190 3921 ne
202 3882 319 3935 paternae
333 3871 428 3940 gloriae·
441 3881 602 3922 consortem.
618 3871 688 3923 Cum

146 3957 259 4011 semper
273 3945 419 3998 dilexisset
434 3959 498 3995 suos
511 3945 558 4010 qui
568 3950 646 3996 erant
658 3945 685 3996 in

738 3080 896 3146 discipulos,
913 3082 942 3131 in
953 3081 1039 3146 finem
1060 3082 1160 3132 dilexit
1175 3094 1224 3142 eos,
1236 3076 1258 3127 id
1303 3102 1306 3133 i

738 3162 779 3204 est
801 3152 827 3203 in
850 3152 903 3203 fine
925 3152 1052 3217 specialia
1073 3162 1100 3203 et
1122 3146 1258 3216 majorati-

715 3266 717 3273 ,
738 3239 790 3291 gna
816 3224 981 3282 dilectionis,
1007 3235 1034 3275 et
1056 3235 1158 3290 qaianto
1181 3232 1257 3273 amors

738 3295 860 3347 dilenenit
873 3311 918 3347 eos
932 3295 1059 3355 ostendit,
1072 3294 1194 3361 ponendo
1209 3289 1258 3342 mi·

738 3382 812 3419 mam
828 3383 906 3417 suam
922 3382 969 3431 pro
993 3366 1046 3429 eis;
1072 3367 1124 3426 vel,
1144 3363 1260 3430 influent,

738 3438 766 3489 id
782 3447 823 3490 est
841 3448 1039 3503 perseveranter
1052 3447 1080 3488 et
1102 3438 1131 3488 in
1148 3443 1258 3511 mortem,

738 3526 793 3561 non
815 3511 888 3576 quod
914 3519 1001 3561 morte
1023 3509 1213 3560 terminaretur
1230 3503 1261 3552 dt·

738 3667 826 3718 usque
852 3652 886 3702 ad
916 3660 1032 3702 montem
1067 3649 1179 3700 dilectio
1209 3657 1262 3696 eum

740 3725 873 3792 perduxit,
893 3724 922 3775 in
947 3739 1002 3789 quo
1020 3723 1175 3788 exemplum
1192 3717 1263 3773 dedit

739 3811 771 3851 ut
786 3815 883 3851 omnes
899 3799 929 3849 in
950 3798 997 3848 Dei
1020 3807 1048 3847 et
1071 3797 1189 3863 proximi
1205 3791 1265 3847 olri-

740 3883 794 3923 tate
813 3886 901 3938 nsque
922 3870 951 3921 in
972 3868 1053 3919 finem
1080 3873 1263 3935 permaneam

740 3945 792 4004 vel,
817 3945 844 3994 in
856 3943 951 4006 finem,
975 3941 1060 3991 idest
1083 3941 1113 3991 in
1136 3939 1265 3993 Christum
