2632 4320
138 306 189 356 104

133 701 178 742 tur
199 689 381 755 relinquentes
396 688 497 749 omnia,
512 697 538 738 et
552 702 670 754 sequen-

134 772 173 815 tes
189 762 338 824 Christum,
356 772 382 812 et
401 778 449 827 per
463 763 584 813 eamdem
598 761 670 811 viam

134 837 303 889 ambulantes
331 852 433 888 secum.
462 835 585 886 Primum
615 845 670 897 est,

136 909 200 976 quia
219 926 280 960 cum
297 910 414 962 Domino
429 902 594 976 iudicabunt.
611 910 672 960 Un-

136 980 170 1030 de
184 980 248 1030 dicit
263 997 270 1030 :
285 983 378 1043 Amen,
395 980 422 1030 id
439 989 479 1031 est
497 979 619 1041 fideliter,
634 980 672 1030 di-

137 1066 168 1104 σο
191 1052 280 1115 vobis,
304 1053 515 1119 quibuscunque
535 1051 672 1111 fidelibus,

137 1122 208 1189 quod
219 1137 266 1173 vos
281 1123 335 1189 qui,
346 1123 469 1173 dimissis
482 1123 611 1174 omnibus
623 1132 673 1172 ter-

138 1195 220 1256 renis,
235 1195 320 1246 secuti
336 1195 402 1245 estis
415 1209 457 1245 me
473 1194 624 1245 imitatione
637 1193 674 1244 vi-

137 1266 226 1326 vendi,
248 1265 274 1315 t'n
298 1265 511 1331 regeneratione,
531 1264 559 1314 id
582 1274 621 1315 est
645 1263 673 1313 in

136 1337 247 1404 judicio,
262 1346 383 1403 tempore
398 1336 609 1403 regenerationis
626 1351 673 1401 ge-

137 1409 209 1459 neris
226 1407 353 1471 humani3
373 1408 432 1458 duae
453 1417 517 1458 sunt
531 1421 674 1472 regenera-

137 1479 227 1530 tiones
248 1495 255 1527 :
279 1478 367 1543 prima
380 1478 531 1529 animarum
553 1493 585 1527 ex
605 1492 675 1543 aqua

138 1560 165 1601 et
174 1550 277 1617 Spiritu
291 1550 319 1600 in
331 1551 480 1616 Baptismo‚
491 1549 608 1600 secunda
621 1565 675 1599 cor-

138 1638 236 1691 porum
265 1624 293 1673 in
321 1624 439 1691 generali
466 1623 673 1683 resurrectione,

137 1710 199 1762 quae
212 1696 324 1762 quidem
341 1695 500 1748 resurrectio
516 1695 614 1744 dicitur
630 1709 675 1744 re-

138 1769 274 1833 generatio
301 1771 344 1820 vel
370 1769 491 1820 secunda
519 1767 675 1834 generatio,

139 1837 205 1904 quia
220 1838 381 1890 terminatur
398 1839 431 1890 ad
455 1854 513 1889 esse
537 1847 675 1903 acceptum

139 1909 312 1973 secundario;
327 1924 385 1961 cum
406 1909 507 1960 sederit
521 1909 612 1958 Filius
625 1908 693 1958 lto-s

139 1982 234 2045 minis,
264 1983 296 2032 ad
322 1982 494 2047 judicandum
524 1981 675 2041 mundum,

141 2052 206 2118 quia
219 2053 288 2103 sicut
306 2053 333 2103 in
353 2053 440 2103 forma
456 2053 580 2103 hominis
602 2053 676 2117 iudi-

140 2133 217 2173 catus
231 2121 292 2183 fuit,
308 2122 343 2173 ita
359 2122 489 2172 informa
507 2122 626 2172 humana
640 2122 678 2186 ju·

140 2200 258 2265 dicabit3
288 2202 315 2251 in
340 2202 402 2252 sede
429 2202 582 2268 ntajestatis
608 2215 674 2264 suae,

140 2273 310 2325 manifestam
333 2274 480 2340 potentiam
501 2274 675 2332 ostendendo,

139 2348 187 2412 qui
204 2346 232 2396 in
248 2346 336 2413 primo
350 2346 464 2397 adventu
488 2346 557 2397 sedit
571 2347 598 2397 in
613 2346 677 2395 sede

140 2419 304 2470 humilitatis
329 2420 436 2471 latendo
461 2428 488 2470 et
510 2420 676 2485 majestatem

140 2492 312 2556 occultando;
338 2492 465 2542 sedebitis
489 2499 515 2543 et
534 2506 582 2542 vos
596 2506 677 2558 super

140 2563 217 2614 sedes
241 2564 380 2616 duodecim
401 2563 554 2629 judicantes
574 2563 677 2614 duode-

139 2632 191 2683 cim
202 2634 289 2684 tribus
302 2635 401 2684 Israel.
414 2635 442 2684 ln
456 2633 599 2684 duodecim
608 2635 678 2698 Apo-

140 2706 218 2756 stolis
238 2705 399 2756 universitas
421 2706 588 2772 significatur
605 2705 677 2771 judi-

139 2776 267 2837 cantium,
291 2776 393 2826 scilicet
415 2776 605 2843 perfectorum,
630 2775 677 2841 qui

140 2857 250 2913 propter
266 2847 443 2914 Evangelium
462 2847 554 2897 omnia
570 2861 618 2897 sua
633 2847 677 2896 di-

141 2916 294 2978 miserunt,
325 2929 351 2969 et
377 2918 460 2970 secuti
487 2926 553 2969 sunt
580 2916 678 2967 Domi-

141 3005 223 3055 num;
250 2991 278 3040 in
303 2992 446 3042 duodecim
466 2991 592 3042 tribubus
615 2990 678 3040 uni-

142 3060 254 3110 versitas
268 3060 484 3125 judicandorum,
500 3062 635 3111 bonorum
652 3069 679 3109 et

143 3130 288 3180 malorum.
310 3130 362 3180 Ubi
385 3130 561 3196 Gregorius:
577 3129 679 3181 «Felix

114 3205 122 3219 ⁶
144 3210 286 3266 paupertas
299 3200 451 3250 voluntaria
465 3201 678 3266 relinquentium

144 3273 247 3333 omnia,
269 3282 295 3322 et
318 3273 489 3339 sequentium
512 3282 547 3334 te,
563 3273 679 3323 Domine

143 3344 220 3395 lesu!
245 3344 321 3395 Felix
345 3345 423 3410 plane
442 3359 503 3411 quae
525 3354 580 3394 tam
600 3359 678 3394 secu-

143 3428 198 3476 tos,
212 3416 268 3465 imo
284 3415 417 3481 gloriosos
432 3414 504 3474 facit,
520 3414 547 3464 in
563 3414 611 3463 illo
626 3414 680 3464 sin-

143 3486 230 3550 gulari
247 3486 352 3552 fragore
366 3487 572 3544 elementorum,
588 3484 616 3534 in
632 3484 678 3534 illo

143 3561 284 3610 tremendo
306 3559 429 3610 examine
455 3558 625 3620 meritorum,
651 3557 678 3606 in

142 3624 190 3677 illo
207 3640 280 3680 tanto
294 3628 452 3680 discrimine
467 3626 648 3694 judiciorum!
664 3646 678 3675 a

144 3696 202 3750 haec
218 3702 380 3769 Gregorius.
397 3702 430 3752 Et
450 3700 591 3751 sciendum
606 3700 679 3765 quod

144 3772 288 3838 multiplex
298 3786 338 3826 est
348 3774 487 3841 judicium.
499 3774 546 3825 Est
558 3772 629 3824 enirn
643 3773 680 3839 ju-

144 3842 245 3893 dicium
261 3846 417 3912 principalis
434 3844 608 3905 auctoritatis,
624 3859 679 3910 quo

143 3910 272 3977 iudicabit
297 3924 354 3966 tota
377 3914 506 3966 Trinitas.
532 3914 580 3967 Est
601 3913 680 3981 judi·

427 287 605 339 SECUNDAE
623 287 748 339 PARTIS
763 288 882 343 CAPUT
897 292 966 345 Xlll.

164 422 182 470 4
201 405 411 461 Ratrsouaurss
430 420 511 454 ouum
532 420 565 453 ao
584 402 668 453 Cum-

133 491 204 526 sruu
216 489 377 531 saouanouu
387 489 440 524 eux
450 490 483 522 ao
497 488 666 524 ruorcaaunr.

132 573 164 583 -
187 547 221 595 Et
242 544 409 610 respondens
428 543 562 593 Dominus
586 543 670 608 tangit

132 618 231 685 triplex
253 616 396 682 praemium
415 616 488 682 quod
503 630 671 681 consequun-

722 405 795 456 cium
809 410 1044 477 promulgationis,
1061 426 1116 477 quo
1129 410 1260 477 judicabit

722 478 848 531 Christus
871 481 955 533 homo
981 482 1142 533 sententiam
1167 480 1258 549 profe-

723 567 795 603 rens.
819 554 866 605 Est
885 554 1017 620 iudicium
1040 554 1193 607 assessoriae
1213 556 1259 607 di-

723 623 845 687 gnitatis,
870 640 924 691 quo
946 625 1104 691 judicabunt
1123 626 1213 677 Sancti
1234 636 1260 678 et

723 695 831 760 perlecti
848 696 877 747 in
898 698 956 748 loco
971 697 1145 749 eminentiori
1161 698 1259 749 seden-

722 773 771 826 tes,
792 767 862 817 sicut
882 783 1030 820 assessores
1053 768 1174 833 iudicis3
1193 767 1263 833 judi·

724 837 823 887 cabunt
837 852 900 889 vero
917 855 971 889 non
988 840 1078 889 dando
1093 854 1200 900 vocem,
1214 839 1261 889 sed

723 921 876 972 assensum,
892 925 946 960 non
964 910 1131 974 auctoritate,
1147 909 1195 961 sed
1215 923 1261 959 as·

724 978 839 1028 sessoria
853 978 991 1045 dignitate.
1006 980 1077 1040 Quia
1090 980 1166 1032 enim
1183 995 1261 1031 com-

724 1066 837 1101 munem
856 1061 956 1103 statum
970 1054 1101 1119 justorum
1120 1064 1262 1104 transcen·

724 1124 823 1174 derunt
832 1125 954 1186 vivendo,
963 1136 1097 1177 servantes
1108 1141 1163 1176 non
1171 1125 1267 1187 solum

726 1206 857 1263 praecepta
870 1212 931 1263 quae
945 1208 1010 1249 sunt
1026 1198 1200 1259 necessitatis,
1215 1198 1261 1248 sed

725 1267 805 1318 etiam
825 1269 939 1320 consilia
957 1285 1018 1336 quae
1036 1279 1100 1320 sunt
1116 1283 1263 1336 superero-

726 1337 857 1403 gationis;
880 1339 940 1390 ideo
964 1340 1107 1406 specialem
1128 1338 1263 1389 honorem

726 1407 866 1459 habebunt
890 1408 918 1458 in
940 1409 1049 1475 judicio.
1066 1409 1145 1460 Unde
1163 1408 1262 1460 Beda:

728 1499 742 1527 u
755 1482 831 1532 iusta
847 1497 958 1547 prorsus
973 1492 999 1532 et
1012 1482 1095 1548 digna
1110 1479 1263 1540 retributio,

727 1552 819 1618 utqui
843 1569 893 1619 pro
913 1552 1016 1604 Christi
1037 1569 1130 1604 amore
1153 1568 1264 1605 omnem

728 1623 823 1673 mundi
850 1623 964 1690 gloriam
988 1632 1219 1689 contempserunt,
1240 1622 1263 1675 ei

727 1693 893 1744 associentur
908 1694 936 1744 in
957 1695 1066 1758 iudicio,
1080 1706 1112 1746 ut
1123 1696 1200 1746 velut
1219 1708 1264 1745 at-

728 1778 845 1815 sessores
869 1764 956 1816 iudici
980 1767 1127 1817 mundanae
1150 1780 1264 1817 conter-

729 1838 842 1890 sationis
862 1839 1001 1904 assistant3
1024 1850 1050 1891 et
1075 1840 1123 1906 qui
1147 1840 1182 1891 ab
1209 1840 1266 1905 ejus

728 1926 820 1962 amore
842 1912 916 1961 nulla
935 1912 964 1961 in
985 1912 1036 1962 hoc
1058 1913 1162 1963 mundo
1186 1922 1264 1979 pote·

728 1994 789 2034 rant
800 1983 904 2035 ratione
916 1984 1017 2045 divelli,
1033 1985 1097 2035 illuc
1111 2000 1175 2036 cum
1190 1984 1266 2036 Chri·

729 2064 771 2106 sto
788 2054 948 2120 perveniant
969 2070 1055 2120 usque
1076 2055 1109 2105 ad
1124 2054 1265 2121 fastigium

728 2125 874 2191 judiciariae
894 2124 1032 2190 potestatis
1048 2142 1055 2175 ε
1070 2144 1084 2173 u
1100 2124 1158 2175 haec
1177 2124 1264 2175 Beda.

729 2197 777 2246 Est
795 2196 876 2246 etiam
894 2194 1024 2260 judicium
1040 2194 1263 2261 comparationis.

728 2265 892 2333 quo'minus
914 2265 977 2315 mali
997 2265 1153 2329 judicabunt
1176 2264 1264 2333 magis

729 2337 824 2395 malos,
837 2346 868 2386 ut
883 2352 890 2385 ι
904 2335 1037 2386 Ninivitoe
1051 2341 1165 2400 surgent
1184 2335 1212 2386 in
1221 2334 1266 2402 ju·

729 2407 808 2469 dicio,
830 2416 878 2456 etc.
901 2406 949 2455 Est
970 2416 1061 2456 autem
1083 2416 1109 2456 et
1132 2404 1264 2472 judicium

728 2479 947 2547 approbationis,
974 2495 1029 2545 quo
1056 2494 1152 2530 omnes
1177 2478 1264 2542 electi,

729 2567 847 2619 quorum
862 2551 986 2615 exemplo
1003 2550 1082 2601 ceteri
1097 2550 1267 2600 damnabun-

729 2632 782 2682 tur,
792 2620 960 2688 judicabunt,
971 2619 1035 2686 quia
1049 2619 1213 2670 sententiam
1224 2620 1267 2671 Ju-

729 2694 797 2744 dicis
811 2692 998 2759 approbabunt
1008 2701 1033 2741 et
1047 2692 1208 2742 laudabunt.
1219 2691 1266 2742 Est

729 2781 839 2834 quoque
853 2764 982 2831 judicium
996 2764 1194 2824 retributionis,
1210 2778 1266 2831 quo

729 2838 920 2904 judicabuntur
933 2853 1026 2888 omnes
1040 2848 1067 2888 et
1083 2837 1149 2889 boni
1166 2848 1193 2888 et
1208 2851 1267 2888 ma-

730 2913 759 2964 li.
771 2913 818 2962 Est
828 2921 854 2962 et
863 2911 993 2977 iudicium
1003 2910 1201 2977 dispositionis,
1211 2924 1266 2978 quo

730 2982 838 3051 judicati
861 2992 925 3032 sunt
948 2982 1070 3033 infideles
1089 2999 1096 3032 ε
1115 2982 1170 3043 Qui
1192 2980 1266 3032 enim

730 3069 782 3106 nou
799 3053 892 3115 credit,
908 3053 969 3120 jam
983 3054 1127 3121 judicatus
1143 3058 1195 3104 est.
1213 3051 1267 3113 Qui

731 3141 795 3192 ergo
823 3139 895 3174 nunc
919 3124 1011 3174 vident
1034 3123 1150 3173 scabella
1174 3136 1268 3189 pecca-

730 3207 821 3249 torum
845 3196 1023 3262 superborum
1047 3203 1073 3245 et
1095 3195 1184 3255 sedes,
1205 3204 1269 3245 tunc

731 3279 811 3320 erunt
824 3268 926 3333 judices
938 3278 963 3318 et
977 3267 1110 3318 sedentes.
1126 3266 1209 3327 Quod
1226 3266 1269 3316 be

732 3357 766 3393 ne
780 3341 888 3392 intuens
907 3340 1052 3404 Propheta,
1070 3339 1128 3389 ait:
1148 3338 1223 3401 Quia
1238 3337 1268 3389 il·
1287 3378 1290 3383 .

732 3413 767 3464 lic
780 3413 906 3463 sederunt
920 3411 998 3462 sedes
1017 3410 1044 3461 in
1056 3410 1172 3477 judicio.
1190 3410 1268 3459 Tunc

731 3490 809 3536 erunt
821 3484 904 3549 primi
918 3483 1065 3546 novissimi,
1083 3486 1110 3532 et
1128 3479 1268 3533 nouissimi

727 3554 812 3621 primi
818 3570 828 3616 ,·
842 3554 906 3620 quia
920 3554 959 3604 illi
979 3553 1027 3620 qui
1042 3562 1107 3604 sunt
1126 3551 1172 3603 hic
1181 3550 1269 3621 primi

732 3625 912 3677 inhonorem
935 3624 1003 3675 alios
1024 3623 1172 3689 judicantes
1193 3622 1269 3688 inju-

732 3705 782 3755 ste,
799 3703 864 3745 tunc
884 3701 963 3746 erunt
984 3694 1122 3746 novissimi
1144 3701 1173 3743 et
1197 3692 1268 3743 infe·

732 3766 827 3825 riores,
844 3780 873 3816 ac
887 3764 987 3831 judicio
1005 3765 1122 3816 aliorum
1137 3763 1267 3830 subiecti3

732 3849 759 3890 et
773 3854 788 3890 e
801 3837 935 3889 contrario
958 3838 1005 3904 qui
1026 3845 1089 3888 sunt
1111 3835 1156 3887 hic
1175 3836 1269 3889 nouis-

733 3909 796 3961 simi
812 3918 839 3960 et
858 3908 985 3975 despecti,
1002 3918 1067 3959 tunc
1086 3916 1167 3959 erunt
1183 3905 1270 3975 primi
