2632 4320
153 261 186 311 30
453 256 626 308 SECUNDAE
643 257 768 309 PARTIS
783 257 901 308 CAPUT
919 258 963 308 1v.

152 374 332 442 praetermittit
344 373 417 439 quod
435 373 520 423 debet.
536 392 550 420 n
566 373 627 423 Non
642 372 686 422 di·

149 458 251 497 cuntur
265 443 375 494 inutiles
395 443 464 493 servi
486 443 611 494 facientes
629 444 687 508 jure

150 519 236 570 debiti
252 518 377 567 mandate
396 515 454 576 Dei,
478 517 544 583 quin
568 516 685 566 fructum

152 588 281 655 recipiant
298 587 358 637 vitre
377 588 476 650 beatae3
494 588 540 637 sed
559 586 687 636 dicuntur

150 661 276 722 mutter,
302 660 366 726 quia
393 659 528 710 Dominus
551 659 685 710 bonorum

151 742 306 783 nostrorum
330 747 384 781 non
409 731 686 797 indiget3ve1,quia

152 804 216 854 Non
230 809 293 852 sunt
304 802 447 868 condignae
454 802 596 867 passiones
607 801 686 867 hujus

151 875 280 941 tenerioris
296 876 333 925 ad
340 873 467 939 suturam
482 875 610 940 gloriam,
626 889 685 940 quae

151 946 337 999 revelabitur'
327 961 353 995 tn
371 945 460 1007 nobis,·
474 945 526 1005 vei,
539 945 603 1011 quia
614 945 686 1012 quis-

150 1033 205 1085 que
224 1016 310 1082 magis
333 1016 411 1066 debet
431 1030 459 1065 se
477 1014 610 1065 estimare
630 1015 685 1064 im-

150 1087 308 1155 perfectum,
331 1102 414 1151 quam
435 1087 507 1151 quod
530 1096 631 1135 statum
650 1095 686 1136 at-

149 1160 241 1226 tigerit
266 1156 447 1224 perfectionis.
472 1157 549 1208 Unde
578 1158 685 1210 Beda:

150 1250 165 1278 ιι
180 1232 244 1282 Haec
258 1240 298 1280 est
313 1229 395 1294 igitur
410 1229 439 1278 in
454 1227 615 1279 hominibus
628 1230 686 1280 solu

151 1303 213 1354 fidei
227 1301 363 1368 perfectio,
375 1301 398 1350 si
411 1300 541 1350 omnibus
551 1315 611 1366 quse
621 1317 685 1368 prae-

151 1385 225 1440 cepta
239 1382 303 1424 sunt
322 1372 451 1438 impletis,
466 1371 635 1436 imperfectos
657 1390 685 1424 se

146 1462 208 1498 esse
228 1444 361 1503 noverint,
379 1454 405 1494 et
426 1444 547 1510 quandiu
564 1446 685 1510 peregri-

147 1528 276 1567 nanture
295 1515 424 1575 Domino,
440 1530 547 1580 semper
568 1514 647 1564 sibi
641 1531 685 1564 ιιι-

146 1604 206 1640 esse
217 1588 288 1636 mala
302 1602 362 1652 quae
376 1585 500 1646 defleant,
511 1602 620 1652 semper
633 1603 687 1637 me-

150 1659 279 1710 minerint
293 1658 384 1708 deesse
396 1658 467 1708 bona
475 1657 508 1707 ad
520 1673 591 1724 quae,
602 1658 686 1723 gratia

147 1732 208 1798 ejus
231 1731 347 1795 juvante,
365 1728 515 1796 proficiant.
539 1748 553 1776 n
577 1730 609 1779 Et
632 1730 685 1781 ite-

149 1818 211 1852 rum
235 1818 242 1850 ι
266 1819 279 1847 ι
297 1800 369 1860 Quia
387 1801 446 1851 sine
464 1816 506 1851 me
524 1800 590 1852 nihil
606 1808 685 1868 pote-

149 1874 200 1925 stis
222 1873 327 1938 sacere,
355 1887 411 1922 non
443 1880 596 1937 temporum
622 1875 684 1923 lon-

149 1945 273 2010 gitudine
301 1943 425 1993 laborum
452 1943 547 1993 merita
574 1960 685 2009 pensare

148 2018 273 2078 debetis,
300 2015 347 2064 sed
372 2029 465 2065 umore
492 2025 520 2065 et
553 2015 685 2068 famulatu

150 2097 299 2155 spontaneo
314 2085 392 2136 novis
409 2101 515 2151 semper
531 2088 628 2138 studiis
642 2105 686 2139 su·

150 2174 212 2225 gere
229 2157 318 2222 priora
335 2172 342 2205 :
362 2175 377 2202 n
399 2156 456 2206 hoec
470 2157 555 2208 Beda.
571 2158 604 2208 Et
617 2159 685 2208 bene

151 2228 241 2278 dicit:
259 2225 337 2287 Quod
354 2226 491 2276 debuimus
503 2227 600 2290 facere
610 2228 685 2291 feci·

150 2314 218 2350 mus.
243 2298 321 2348 Unde
340 2297 413 2347 idem
435 2299 512 2349 Beda
529 2318 538 2349 ι
555 2317 569 2346 ι
584 2299 685 2352 Revera

149 2368 303 2430 debuimus,
323 2367 391 2433 quis
406 2368 454 2433 qni
476 2383 527 2420 non
542 2370 613 2419 venit
631 2372 684 2422 mi-

149 2440 273 2503 nistrari,
296 2439 344 2489 sed
365 2439 528 2504 ministrare,
547 2441 684 2494 debitores

149 2513 201 2566 sibi
218 2527 269 2563 nos
284 2510 360 2574 iecit;
384 2527 418 2561 ne
438 2512 540 2564 nostris
561 2514 685 2566 videlicet

149 2585 277 2653 operibus
302 2583 476 2645 confidentes,
495 2585 543 2635 sed
570 2587 603 2636 de
626 2588 683 2652 ejus

145 2672 254 2722 semper
266 2655 390 2706 examine
401 2665 537 2721 parentes,
545 2672 608 2706 cum
623 2659 684 2708 Pro-

147 2729 229 2793 pheta
250 2726 372 2775 dicamus
386 2743 395 2775 z
411 2726 481 2786 Quid
502 2728 683 2781 retribuemus

148 2797 277 2852 Domino,
302 2811 351 2862 pro
373 2795 501 2847 omnibus
523 2813 584 2863 quae
602 2801 682 2850 retri-

148 2869 208 2919 buit
234 2866 331 2917 nobis?
347 2885 362 2914 s
382 2866 440 2916 hsec
462 2868 548 2919 Beda.
569 2870 683 2921 Attende

148 2941 194 2990 hic
206 2940 274 2989 bene
287 2938 360 3004 quod
374 2954 467 2990 servus
480 2939 584 2990 inutilis
600 2957 682 3007 repu-

144 3020 229 3068 tatur,
241 3009 288 3073 qui
301 3010 353 3059 hoc
369 3010 457 3058 solum
474 3008 537 3061 fecit
551 3012 625 3076 quod
638 3011 681 3062 fa-

146 3096 205 3133 cere
218 3091 332 3131 tenetur.
341 3081 586 3150 Quantumcunque
599 3085 680 3136 etim
699 3138 702 3143 ,

147 3151 336 3220 perfectionem
354 3153 478 3219 attinges,
495 3169 600 3220 semper
617 3172 681 3207 sen-

146 3223 198 3273 tias
218 3230 245 3272 et
264 3222 336 3272 dicas
357 3238 364 3272 ι
386 3223 500 3273 Domine
519 3239 596 3275 meus
617 3227 680 3277 iesu

143 3292 265 3350 Christe,
284 3292 356 3342 nihil
375 3293 460 3357 valen,
484 3303 513 3344 et
535 3297 605 3346 maie
630 3297 679 3347 tibi

143 3363 243 3415 servio.
263 3362 398 3413 Debemus
422 3378 484 3428 ergo
504 3380 644 3431 nunquam
664 3383 680 3418 ιι

147 3437 220 3487 bono
239 3449 320 3501 opere
341 3449 458 3495 cessare,
481 3445 615 3488 ettamen
636 3447 680 3488 to-

142 3517 205 3557 tum
223 3506 349 3557 meritum
365 3516 486 3557 nestrum
501 3507 678 3570 insufficiens,

143 3588 266 3643 respectu
280 3577 411 3627 mercedis
429 3587 534 3629 aeternse
546 3581 677 3645 reputare.

144 3645 222 3697 Unde
246 3649 383 3699 Pssimista
396 3664 404 3698 t
421 3648 474 3709 Qut
484 3657 600 3700 coronet
613 3656 638 3701 te
651 3651 677 3701 in

143 3717 332 3771 mesericordia
342 3726 370 3772 et
380 3720 604 3777 miserationibus.
616 3723 677 3772 Non

142 3786 192 3847 eit,
206 3786 234 3837 in
250 3791 355 3841 meritis
376 3801 403 3842 et
425 3790 453 3840 iu
468 3791 597 3856 operibus
613 3792 676 3853 tuis,

141 3859 677 3932 quiecujusmisericordispraevenimur,

739 382 769 422 ut
792 373 933 424 humiliter
952 374 1009 424 Deo
1029 374 1192 440 serviamus3
1216 379 1274 443 ejus

739 460 853 495 munere
873 459 1040 505 coronemur,
1065 454 1096 495 ut
1122 447 1276 500 sublimiter

737 532 800 566 cum
827 516 874 567 illo
899 531 1054 582 regnemus.
1078 518 1113 567 Et
1128 518 1190 569 ideo
1211 534 1275 571 cum

738 589 831 639 omnia
856 587 1013 650 fecerimus,
1043 600 1200 655 reputemus
1225 605 1276 644 nos

738 675 833 725 parum
859 669 906 710 eut
926 658 995 710 nihil
1019 660 1113 711 fecisse
1135 661 1273 725 Domino,

738 742 857 799 respectu
876 733 1006 782 mercedis
1026 748 1108 799 quem
1132 743 1290 800 exspecth

738 821 799 855 mus
824 805 858 855 ub
884 820 925 855 eo.
948 805 1026 856 Unde
1050 805 1158 855 dicebat
1182 805 1274 858 beatu

738 875 911 937 Franciscus,
932 874 1012 924 etiam
1037 883 1099 940 post
1125 875 1228 927 multos
1248 885 1275 927 et
1305 868 1310 927 ἔ

737 962 847 1030 magnos
870 947 1000 996 labores:
1016 964 1029 992 ιι
1047 947 1174 1007 Fratres,
1202 947 1272 998 inei-
1302 940 1310 1009 i

737 1020 843 1084 piamus
859 1018 959 1068 servire
972 1017 1099 1074 Domino,
1108 1017 1173 1083 quis
1186 1034 1310 1125 ιιιιιῑιιιιξ
1305 1012 1310 1053 ¹

737 1107 808 1142 nunc
835 1105 931 1156 parum
956 1088 1129 1156 profecimus.
1151 1091 1218 1141 „Et
1238 1090 1270 1152 si,

738 1161 877 1227 preceptis
903 1159 1031 1226 impletis,
1057 1176 1106 1211 nos
1128 1161 1272 1212 humilium
1302 1142 1310 1207 i

737 1233 875 1292 debemus,
889 1241 991 1297 quanto
1006 1231 1092 1296 magis
1112 1248 1173 1282 curn
1193 1233 1229 1282 de
1241 1220 1310 1283 i1·.'

738 1302 771 1352 lis
807 1303 892 1352 multa
929 1301 1119 1352 omiserimus?
1149 1303 1177 1353 Si
1201 1302 1273 1353 enirn
1302 1292 1310 1397 p*

738 1373 843 1424 inutilis
856 1381 897 1422 est
910 1370 958 1438 qui
973 1371 1066 1420 omnia
1078 1372 1196 1437 perfecit,
1210 1373 1274 1440 quid

738 1445 770 1495 de
785 1445 831 1493 illo
844 1442 989 1493 dicendum
1006 1441 1053 1508 qui
1068 1457 1100 1492 ee
1120 1442 1205 1496 fecere
1225 1445 1273 1495 de·

738 1516 843 1581 spexit?
859 1513 938 1566 Unde
957 1514 1149 1566 Ambrosius:
1173 1533 1189 1562 ιι
1216 1496 1310 1566 Norr¹

738 1599 763 1638 te
784 1588 863 1651 jactes
884 1585 996 1636 sibene
1017 1585 1136 1635 servisti
1129 1623 1137 1649 ,
1151 1586 1218 1652 quia
1235 1585 1310 1649 ie-

735 1673 796 1708 cere
820 1657 946 1707 debuisti.
967 1657 1134 1722 obsequitur
1153 1658 1204 1718 soi,
1225 1657 1275 1708 ob-
1308 1676 1310 1687 ·

737 1738 868 1795 temperet
903 1730 984 1790 iuna,
1010 1727 1145 1779 serviunt,
1171 1728 1274 1796 Angeli.
1306 1734 1310 1779 ἶ

737 1804 790 1853 Vas
820 1802 948 1852 Gentium
973 1802 1072 1851 electus
1099 1817 1114 1851 a
1138 1801 1273 1852 Domino:

737 1874 801 1924 Non
826 1887 892 1936 sum,
918 1872 1018 1938 inquit,
1048 1873 1149 1938 dignus
1180 1873 1272 1924 rocoei

737 1944 899 2009 Apostolus3
929 1942 994 2007 quia
1024 1948 1182 2008 persecutus
1215 1957 1272 1994 stret

737 2016 888 2066 Ecclesiam
909 2015 970 2064 Dei.
993 2015 1096 2064 Deinde
1112 2015 1188 2075 aiibi,
1208 2016 1273 2067 nui-

737 2090 790 2139 lius
812 2104 840 2139 se
861 2088 1007 2138 ostendens
1021 2088 1162 2138 conscium
1177 2090 1272 2156 culpe,

738 2159 845 2224 subjicit
876 2168 991 2208 tamen:
1014 2158 1070 2208 Sed
1094 2172 1145 2209 ιιοιι
1172 2160 1199 2210 in
1224 2160 1274 2210 hot

729 2228 900 2296 justificatur
923 2242 990 2278 sum.
1012 2228 1047 2278 Et
1070 2243 1122 2278 nos
1138 2242 1203 2296 ergo
1217 2244 1272 2280 non

737 2315 752 2349 a
768 2299 846 2349 nobis
860 2299 953 2348 laudes
965 2297 1114 2364 exigemus,
1129 2314 1164 2348 ne
1177 2299 1274 2365 proer's-

736 2372 842 2437 piamus
862 2371 994 2436 judicium
1009 2371 1067 2430 Dei,
1082 2380 1110 2421 et
1124 2373 1276 2437 praevenie-

736 2459 798 2492 mus
821 2441 979 2492 sententism
1006 2441 1120 2505 iudicis;
1150 2443 1197 2493 sed
1223 2458 1275 2495 sm

736 2523 865 2579 tempore,
881 2527 931 2562 suo
943 2511 1042 2576 judicio
1055 2527 1222 2564 reservemus
1234 2529 1246 2564 e
1256 2531 1273 2562 s

736 2585 791 2634 haec
807 2583 978 2634 Ambrosius.

768 2655 782 2705 5
800 2657 955 2706 Ρειιειιιιιιι
979 2669 1096 2704 ιιιιτιιιι
1116 2670 1145 2704 ιιι
1163 2670 1272 2708 renutu

735 2745 872 2780 necteres.
900 2757 930 2766 —
957 2730 1064 2778 Bonum
1108 2738 1151 2778 est
1177 2729 1272 2797 itaque

735 2814 841 2864 semper
853 2799 882 2848 in
898 2798 996 2848 timore
1007 2809 1087 2858 sture,
1100 2809 1129 2849 et
1150 2799 1222 2850 nihil
1237 2801 1272 2851 de

734 2886 764 2920 se
786 2884 963 2935 praesumere;
983 2870 1048 2936 quis
1067 2879 1271 2936 quantumcun-

733 2955 787 3006 que
819 2939 887 2989 bene
921 2939 984 3006 quis
1013 2940 1135 2991 servierit
1151 2957 1158 2990 ε
1173 2941 1272 2994 Nesei!

734 3019 822 3062 tamen
846 3017 936 3062 uirum
963 3012 1034 3074 odio,
1053 3027 1089 3062 an
1106 3010 1270 3069 amor-esti·

733 3096 806 3149 gnus
831 3082 876 3133 sit.
895 3082 974 3133 Unde
996 3083 1154 3133 Bereardru
1174 3101 1188 3134 ε
1209 3102 1226 3132 ιι
1239 3084 1270 3135 in

732 3154 842 3206 veritate
869 3153 951 3204 didici
977 3153 1049 3203 ossiii
1071 3169 1147 3220 aeque
1177 3153 1272 3206 efficat

732 3240 791 3275 esse
806 3224 842 3275 ed
864 3225 978 3290 gmtiatn
993 3225 1208 3291 promerendam,
1223 3240 1270 3277 te-

731 3296 880 3351 tioendsm,
901 3295 1119 3360 recuperandam,
1138 3311 1224 3362 quem
1247 3295 1271 3348 si

728 3364 808 3415 omni
829 3375 951 3431 tempore
969 3380 1059 3415 coram
1074 3365 1132 3416 Deo
1148 3366 1270 3417 invenie-

728 3439 768 3488 ris
781 3453 838 3489 ιιοιι
861 3439 946 3488 altum
962 3453 1064 3504 sapere,
1079 3439 1125 3489 sed
1150 3437 1268 3491 timere:

698 3558 700 3563 .
729 3509 937 3571 Remurium,
961 3510 1007 3576 qui
1027 3523 1129 3577 seraper
1150 3516 1193 3561 est
1210 3524 1268 3578 po-

730 3580 818 3630 uidru.
833 3579 862 3628 Si
882 3580 957 3630 adest
972 3580 1064 3647 gretia,
1079 3580 1145 3630 nme
1158 3595 1193 3631 ne
1209 3595 1267 3633 nott

729 3653 810 3719 digne
840 3652 960 3718 opereris
979 3669 1013 3705 ex
1027 3669 1066 3704 ee.
1083 3654 1113 3704 Si
1129 3653 1269 3707 subtraere

729 3734 770 3774 est
793 3723 886 3790 gratis,
909 3724 985 3787 time,
1009 3726 1073 3792 quie
1099 3725 1214 3792 reliquit
1240 3735 1269 3778 te

728 3795 816 3846 virtus
833 3805 881 3845 tus
903 3807 930 3847 et
955 3797 1085 3847 custodis.
1109 3795 1138 3846 Si
1161 3812 1268 3849 reverse

731 3875 771 3918 est
790 3866 883 3932 gretie,
894 3866 970 3934 time,
986 3882 1022 3922 ne
1039 3865 1109 3920 forte
1126 3868 1268 3936 continget
