2632 4320
363 285 409 336 DE
421 283 548 334 TRIBUS
568 279 770 338 PAertBOLIS,
788 277 866 328 ETC.
1139 278 1171 346 57

64 408 133 456 dante
145 404 276 468 maiorem
287 402 398 468 gratiam
411 401 451 452 vel
463 398 586 449 devotio-

65 478 99 527 nis
111 476 246 527 fervorem
262 473 371 533 Gentili‚
381 474 423 524 vel
435 469 585 537 poenitenti,

64 564 134 615 quam
149 547 215 598 sibi.
233 546 322 596 Homo
340 560 404 610 ergo
418 543 468 592 iste
484 542 586 606 dequo

64 619 220 677 hicdicitur,
233 617 357 667 Christus
367 625 415 678 est,
431 613 478 680 qui
493 612 587 663 habuit

64 693 121 743 duos
131 692 228 758 filios,
252 691 278 740 id
307 700 347 740 est
371 690 441 739 duos
462 686 584 752 populos.

63 762 154 813 scilicet
167 762 309 812 ludaicum
328 771 354 810 et
373 757 517 817 Gentilem,
539 755 585 821 qui

65 843 118 883 sunt
128 832 176 882 filii
190 831 240 882 Dei
253 841 385 896 quantum
397 830 429 879 ad
444 829 501 893 ejus
515 827 585 876 ima-

65 901 157 967 ginem3
182 903 225 952 vel
250 901 308 965 ejus
331 899 379 949 filii
402 909 467 948 sunt
489 910 585 946 omnes

67 971 202 1022 Christiani
218 987 266 1037 per
284 971 341 1035 ejus
361 969 529 1034 Baptismum
548 982 587 1016 re-

66 1043 181 1108 generati,
195 1058 314 1108 quorum
325 1051 414 1091 tamen
425 1038 509 1105 aliqui
524 1047 587 1088 sunt

66 1111 126 1175 justi,
141 1123 167 1163 et
181 1112 267 1178 aliqui
284 1122 440 1178 peccatores.
461 1111 500 1160 Et
512 1108 588 1159 dixit

68 1185 261 1248 adolescentior,
274 1185 301 1234 id
318 1195 357 1234 est
371 1183 484 1234 Gentilis
498 1197 585 1246 popu·

69 1255 108 1318 lus,
123 1257 194 1306 unde
216 1258 244 1306 et
264 1257 381 1322 populus
395 1253 521 1305 iudaicus
540 1267 587 1300 vo·

71 1337 131 1378 catur
144 1329 172 1379 in
187 1330 280 1378 Exodo
294 1329 367 1378 lilius
384 1327 432 1376 Dei
448 1325 587 1392 primoge-

73 1397 145 1462 nitus,
176 1401 219 1450 vel
256 1398 461 1459 adolescentior,
488 1397 515 1446 id
541 1404 588 1457 ,est

74 1481 186 1532 peccator,
202 1471 251 1536 qui
270 1470 374 1535 juvenis
388 1479 427 1519 est
443 1466 585 1528 moribus;

74 1549 93 1587 et
116 1541 187 1605 petiit
210 1557 226 1590 a
252 1552 325 1607 patre
354 1539 506 1606 portionem
532 1551 587 1586 suae

75 1609 221 1672 substantiae,
239 1621 270 1662 ut
293 1611 427 1662 recederet
440 1625 455 1658 a
469 1607 518 1658 Dei
538 1607 587 1656 Pa-

75 1679 112 1729 tris
122 1681 198 1748 Lege,
211 1692 237 1732 et
244 1691 333 1747 ageret
341 1697 389 1746 pro
399 1679 477 1730 libito
488 1678 587 1729 volun-

76 1750 124 1800 tatis
148 1767 212 1812 suae,
240 1766 270 1802 ac
300 1754 402 1817 regeret
427 1766 455 1800 se
478 1748 586 1815 propria

77 1823 197 1877 voluntate.
214 1826 255 1875 Et
272 1825 364 1875 divisit
384 1824 441 1874 illis
459 1824 585 1873 substan-

78 1893 136 1959 tiam,
146 1897 205 1963 quia
219 1898 290 1948 dona
300 1912 348 1948 sua
361 1896 489 1946 omnibus
502 1893 586 1960 largi-

78 1971 116 2022 tur,
138 1967 194 2017 licet
217 1967 405 2028 diversimode,
427 1975 453 2016 et
473 1962 586 2014 dimittit

78 2039 204 2098 quemlibet
226 2056 305 2106 agere
319 2040 467 2090 secundum
481 2035 585 2086 arbitrii

78 2105 214 2163 libertatem.
225 2112 428 2163 Adolescentior
438 2126 501 2161 vero
506 2109 586 2175 filius

77 2181 193 2246 profectus
207 2190 248 2235 est
268 2185 294 2234 in
316 2185 452 2250 regionem
475 2181 586 2247 longin-

79 2262 145 2315 qnam,
162 2271 215 2304 non
234 2255 369 2314 localiter,
392 2269 407 2304 a
431 2254 486 2303 Deo
511 2253 586 2302 Patre

79 2321 155 2373 celent
166 2326 213 2390 qui
224 2326 325 2391 ubique
336 2336 377 2376 est
388 2325 523 2383 recedens,
539 2323 585 2372 sed

79 2403 112 2452 per
130 2396 376 2461 multiplicationem
398 2394 496 2461 peccati
518 2408 546 2442 se
570 2407 586 2442 a

79 2457 141 2525 Patre,
163 2477 189 2516 et
211 2466 296 2532 patria
312 2465 411 2516 coelesti
435 2465 584 2529 elongans;

78 2535 140 2600 uttt,
162 2539 265 2589 scilicet
290 2538 317 2588 in
342 2538 451 2603 regione
470 2536 583 2602 peccati,

77 2602 197 2674 dissipavit
224 2610 400 2660 substantiam
434 2622 519 2668 suam,
538 2622 585 2671 per

75 2687 188 2736 pecatum
203 2681 275 2730 bona
292 2681 383 2746 gratiae
399 2679 545 2744 perdend0,
560 2687 586 2727 et

75 2743 125 2798 bona
152 2762 253 2802 naturae
283 2751 443 2817 pejorando,
473 2749 584 2800 vivendo

74 2813 194 2872 luxuriose
222 2822 328 2872 luxuria
357 2820 498 2883 interiori,
524 2834 584 2886 quae

73 2897 102 2965 ¹est
108 2886 245 2942 fornicatio
256 2892 415 2958 spiritualis,
431 2901 457 2942 et
467 2891 584 2941 maxime

72 2960 212 3025 idololatria,
228 2975 254 3015 et
264 2964 371 3015 luxuria
379 2963 513 3027 exteriori,
524 2977 585 3028 quae

70 3039 100 3080 est
119 3032 257 3084 fornicatio
280 3034 426 3099 corporalis
449 3043 475 3083 et
497 3033 586 3083 mani-

69 3098 131 3153 festa.
152 3104 278 3155 Peccator
300 3119 362 3170 ergo
390 3119 406 3153 a
433 3105 510 3154 Patre
536 3118 586 3153 suo

68 3173 153 3224 celesti
176 3175 285 3235 recedit,
308 3175 416 3240 quando
439 3173 587 3224 mortaliter

68 3248 156 3309 peccat3
166 3257 193 3296 et
200 3257 264 3296 tunc
273 3245 302 3296 in
315 3246 424 3311 regione
438 3245 588 3311 longinqua

67 3326 106 3377 est,
125 3319 188 3384 quia
205 3319 286 3385 longe
308 3325 348 3369 est
366 3334 384 3369 a
400 3319 587 3384 peccatoribus

66 3387 146 3452 saius;
169 3399 195 3439 et
217 3389 280 3438 talis
299 3389 434 3438 luxuriose
452 3389 587 3438 consumit

65 3469 131 3510 suam
149 3460 343 3519 substantiam,
364 3461 472 3525 quando
492 3475 587 3510 sensus

64 3539 119 3579 suos
132 3540 158 3580 et
167 3531 240 3580 vires
256 3530 387 3580 convertit
397 3529 428 3579 ad
445 3530 585 3581 malitiam.

10 3606 15 3625 ⁸
65 3597 97 3648 Et
109 3609 251 3668 postquam
265 3608 482 3664 cousummasset,
500 3603 527 3652 id
547 3612 587 3653 est

10 3740 12 3745 Ι
65 3676 285 3742 consumpsisset,
313 3675 402 3724 omnia
428 3687 586 3727 ornamenta

65 3755 167 3808 naturae,
197 3756 254 3796 tam
276 3745 406 3795 naturalia
429 3761 512 3812 quam
532 3762 587 3812 gra-

64 3817 133 3880 tuita,
140 3820 224 3885 sacta
237 3823 279 3869 est
287 3817 379 3884 sames
391 3819 483 3870 valida
500 3820 526 3870 in
542 3834 587 3869 re-

62 3890 136 3950 gione
156 3892 215 3956 illa,
233 3890 298 3957 quia
312 3890 340 3940 in
356 3891 466 3956 regione
487 3892 586 3959 peccati

639 396 670 446 fit
688 410 803 460 magnus
823 392 941 444 defectus
958 392 1049 459 pabuli
1070 394 1172 457 divini,

639 480 665 521 et
685 469 770 519 fames
795 469 929 518 bonorum
954 483 1067 532 operum
1090 479 1171 534 atque

639 540 783 601 virtutum;
800 539 889 606 etipse
903 539 982 604 coepit
994 553 1082 604 egere,
1094 539 1171 588 scili-

640 622 680 662 cet
701 609 888 673 spiritualibus
915 609 993 659 bonis
1013 619 1039 658 et
1061 609 1172 658 virtuti-

640 684 705 742 bus,
735 697 829 733 eorum
858 680 932 730 fonte
968 681 1076 743 relicto;
1109 697 1171 731 nam

640 755 757 806 existens
792 754 821 804 in
853 753 960 803 mortali
1002 764 1106 819 peccato
1142 753 1172 804 fit

639 843 720 894 egens
755 827 828 877 omni
858 825 990 891 spirituali
1022 827 1102 876 bonu.
1133 828 1172 878 Et

639 902 721 964 abitt,
742 902 843 952 scilicet
863 899 982 966 profectu
1005 901 1120 960 erroris,
1146 910 1172 951 et

639 972 672 1021 de
685 972 756 1022 malo
770 972 797 1022 in
815 972 890 1037 pejus
909 969 1022 1030 ruendo,
1037 977 1063 1021 et
1076 971 1171 1021 adhae-
1233 1022 1238 1033 ,

640 1045 675 1095 sit
686 1044 730 1094 uni
741 1044 838 1095 civium
853 1043 976 1109 regionis
991 1043 1074 1106 iilius,
1093 1043 1169 1093 scili-

640 1126 680 1166 cet
692 1116 809 1175 diabolo,
822 1115 869 1182 qui
885 1125 924 1164 cst
936 1113 1002 1164 civis
1017 1113 1045 1162 in
1060 1115 1171 1178 regione

639 1191 743 1241 umbrae
765 1190 872 1251 mortis,
893 1196 918 1239 et
937 1188 987 1238 iste
1008 1188 1081 1237 misit
1095 1187 1169 1238 illunc

639 1261 666 1310 in
679 1260 772 1310 villam
790 1274 876 1322 suam,
893 1259 920 1308 id
937 1269 977 1308 est
990 1258 1019 1307 in
1034 1256 1169 1322 cupidita-

640 1340 695 1380 tem
707 1331 889 1388 mundanam,
904 1329 945 1379 vel
959 1329 987 1377 in
1002 1338 1170 1393 peccatorum

640 1401 803 1460 societatem,
818 1399 846 1448 in
863 1414 916 1465 qua
930 1397 1085 1448 dominatur
1101 1396 1171 1447 sicut

640 1469 668 1519 in
684 1471 792 1536 propria
806 1470 878 1529 villa,
892 1475 1051 1535 utpasceret
1060 1482 1168 1535 porcae,

640 1543 667 1593 id
695 1554 735 1595 est
762 1544 828 1594 vitia
849 1559 910 1610 quae
935 1543 1027 1593 foetida
1054 1552 1118 1592 sunt
1145 1552 1171 1592 et

639 1617 789 1667 immunda.
800 1618 840 1667 Et
852 1617 975 1681 cupiebat
983 1615 1093 1681 implere
1107 1629 1171 1664 veu-

639 1692 715 1750 trem,
740 1687 835 1737 animae
859 1685 959 1736 scilicet
981 1685 1114 1742 affectum,
1139 1685 1171 1734 de

639 1756 757 1822 siliquis,
774 1756 800 1805 id
818 1764 858 1805 est
878 1755 939 1804 cibo
955 1770 1107 1821 porcorum,
1122 1755 1170 1819 qui

639 1837 680 1877 est
703 1826 859 1888 carnalitas3
882 1831 907 1876 et
921 1840 995 1874 nemo
1017 1824 1058 1874 illi
1078 1824 1169 1884 dabat,

640 1899 741 1950 scilicet
762 1899 794 1949 ad
810 1899 976 1956 satietatem,
995 1897 1059 1962 quia
1078 1905 1171 1945 tenter

640 1971 787 2036 impiorum
809 1980 849 2020 est
867 1968 1044 2032 insatiabilis;
1065 1967 1170 2015 daerno-

640 2058 688 2092 nes
705 2041 778 2092 enim
793 2042 825 2091 ad
847 2042 898 2091 hoc
919 2041 1041 2099 student,
1066 2054 1099 2088 ne
1117 2054 1171 2087 un-

639 2129 721 2179 quam
736 2113 860 2164 saturitas
875 2112 1008 2161 malorum
1024 2108 1170 2174 proveniat.

674 2199 704 2233 12
728 2184 856 2233 Doerrun
877 2197 1008 2231 saccaron
1030 2195 1096 2236 Quin
1120 2193 1170 2227 sust

638 2272 785 2307 rncrsuouu
807 2272 842 2306 ur
867 2272 901 2305 no
929 2255 1008 2304 Dauu
1035 2268 1171 2302 navarra-

639 2344 702 2378 run.
724 2356 754 2365 -
771 2328 802 2378 In
825 2341 854 2376 se
879 2332 966 2376 autem
988 2337 1121 2384 reversae,
1144 2320 1171 2370 id

638 2410 679 2451 est
696 2400 729 2449 ad
744 2399 880 2464 propriam
899 2396 1107 2453 conscientiam,
1125 2409 1172 2458 per

637 2470 749 2520 rationis
766 2470 940 2527 dictamen,.a
956 2483 1007 2532 qua
1029 2473 1171 2515 recesserat

637 2542 775 2608 sequendo
822 2539 1035 2599 sensualitatem3
1088 2537 1171 2584 homo

637 2613 709 2662 enim
720 2611 748 2660 in
757 2611 891 2676 peccando
901 2620 974 2658 extra
984 2624 1012 2658 se
1024 2607 1169 2673 egreditur,

637 2684 702 2749 quia
711 2682 812 2732 limites
824 2692 900 2731 rectae
911 2679 1022 2730 rationis
1032 2688 1169 2742 transgre-

638 2754 726 2816 ditur;
754 2763 780 2802 et
808 2751 868 2802 ideo
899 2749 1054 2816 poenitendo
1084 2749 1117 2796 ad
1142 2763 1170 2798 se

638 2824 789 2874 revertitur.
813 2823 897 2872 Debet
918 2832 1007 2871 autem
1028 2818 1170 2885 poenitens,

638 2896 787 2946 secundum
801 2892 972 2959 Gregorium,
984 2905 1171 2955 recognoscere

638 2968 685 3018 ubi
709 2966 769 3025 fuit,
789 2966 852 3031 quia
875 2966 902 3014 in
926 2973 1040 3030 peccato,
1063 2973 1089 3012 et
1111 2962 1171 3012 ideo

639 3038 718 3088 debet
731 3037 833 3098 dolere;
846 3035 894 3085 ubi
906 3034 964 3094 erit,
979 3034 1043 3099 quia
1058 3033 1086 3082 in
1098 3033 1171 3097 judi-

639 3108 690 3169 cie,
706 3117 731 3158 et
750 3107 810 3157 ideo
825 3107 903 3156 debet
921 3105 1030 3167 timere;
1051 3103 1097 3154 ubi
1117 3115 1169 3162 est,

639 3179 704 3244 quia
718 3178 746 3228 in
762 3177 885 3237 miseria,
904 3187 930 3226 et
945 3175 1006 3225 ideo
1026 3176 1104 3224 debet
1122 3190 1171 3238 ge-

640 3265 729 3311 mere3
744 3249 789 3299 ubi
811 3264 867 3297 non
880 3257 928 3310 est,
943 3246 1007 3312 quia
1028 3245 1056 3294 in
1077 3245 1170 3309 gloria,
1204 3259 1208 3267 ·

640 3331 666 3372 et
681 3321 740 3372 ideo
758 3322 836 3371 debet
849 3319 990 3384 suspirare.
1009 3317 1040 3367 In
1059 3330 1088 3365 se
1102 3329 1169 3378 ergo

639 3406 772 3454 reversus,
783 3391 869 3452 dixit,
887 3387 1041 3455 poenitendo
1061 3387 1093 3434 de
1108 3399 1171 3449 pec-

639 3464 705 3514 catis
722 3473 748 3513 et
762 3463 878 3513 dolendo
893 3478 900 3511 :
919 3458 1019 3521 Quanti
1032 3469 1170 3507 mercena-

639 3535 684 3597 rii,
702 3533 730 3583 id
749 3543 789 3583 est
808 3534 864 3582 Deo
877 3532 1023 3582 servientes
1037 3542 1085 3592 pro
1097 3539 1171 3574 mer-

640 3606 703 3656 cede
719 3616 826 3664 aeterna,
837 3605 864 3654 in
874 3604 951 3654 domo
962 3601 1053 3667 patris
1068 3598 1127 3657 mei,
1142 3596 1171 3646 id

640 3685 680 3726 est
707 3676 735 3726 in
759 3677 875 3726 Ecclesia
900 3691 947 3724 seu
969 3671 1173 3736 congregatione

639 3750 782 3816 justorum,
801 3749 937 3800 abundant
950 3745 1067 3811 parribus
1089 3745 1173 3810 spiri-

640 3819 769 3879 tualibuS,
792 3819 894 3870 scilicet
917 3815 991 3866 verbi
1020 3814 1119 3877 divini,
1147 3825 1173 3864 et

640 3889 818 3942 Eucharistiae
832 3885 989 3940 sacramenti
1002 3900 1031 3935 ac
1048 3886 1172 3951 pluribus
