2632 4320
392 317 565 369 SECUNDAE
582 315 705 367 PARTlS
722 314 838 366 CAPUT
854 313 934 364 XVII.

507 693 674 763 CAPUT
697 694 802 762 XVII

396 945 449 1044 De
471 941 737 1012 resuscitatione
760 939 905 1030 Lazari.

501 1191 633 1254 ioannis
658 1209 726 1272 cap.
755 1212 803 1252 11.

93 1423 97 1432 ’
130 1450 139 1484 1
164 1434 277 1482 Moanus
298 1432 395 1482 Lunam
414 1433 533 1483 Cuarsro
554 1447 624 1481 nuu-

94 1519 204 1554 rmrun.
221 1503 335 1553 —Cum
356 1514 444 1553 autem
466 1514 535 1554 esset
548 1504 625 1553 lesus

95 1588 157 1624 cum
171 1573 313 1638 discipulis
329 1583 404 1623 trans
421 1574 575 1633 Jordanem,
596 1573 624 1622 in

95 1645 153 1696 loco
163 1645 210 1695 ubi
222 1646 337 1695 loannes
349 1644 469 1710 primum
482 1644 627 1711 baptizave-

95 1725 145 1776 rat,
163 1716 278 1782 contigit
293 1717 421 1768 Lazarum
443 1716 551 1768 fratrem
566 1718 626 1766 Ma-

95 1787 141 1837 riae
162 1796 188 1837 et
207 1786 317 1837 Marthae
333 1787 463 1838 infirmari
481 1788 509 1837 in
529 1788 627 1838 Betha-

96 1858 149 1919 nia,
162 1873 223 1925 quae
238 1858 301 1909 inde
313 1874 359 1926 per
373 1859 483 1920 dietam,
493 1861 534 1910 vel
548 1860 625 1917 circa,

95 1928 220 1979 distabat.
243 1929 354 1979 Sorores
378 1945 442 1996 ergo
468 1931 525 1994 ejus
548 1945 626 1980 cura-

95 1999 198 2050 tionem
212 1999 303 2050 iratris
317 1999 359 2050 sui
371 2000 561 2060 desiderantes,
576 2001 627 2050 mi-

96 2077 188 2120 serunt
202 2071 328 2120 nuntium
343 2072 381 2121 ad
393 2073 493 2133 Jesum,
510 2082 540 2122 ut
555 2071 627 2136 ipsas

95 2153 111 2188 a
125 2139 226 2201 dolore,
242 2150 268 2190 et
288 2140 366 2191 illum
380 2155 395 2190 a
408 2141 538 2207 languore
556 2141 627 2192 libe-

95 2221 173 2274 raret,
187 2212 304 2262 dicantes
319 2230 328 2262 .·
342 2213 464 2275 Domine,
480 2228 539 2265 ecce
552 2229 626 2280 quem

94 2295 174 2331 omas
207 2282 368 2348 infirmatur.
403 2284 479 2334 Nihil
511 2285 628 2351 amplius

96 2354 226 2404 mandant
248 2355 287 2419 ei;
309 2355 408 2406 sufficit
429 2356 501 2407 enim
526 2359 627 2408 amanti

97 2424 234 2477 insinuare
254 2429 441 2480 necessitatem
456 2429 546 2491 amici,
556 2429 628 2481 'abs-

97 2513 150 2563 que
163 2499 276 2566 alicujus
291 2501 429 2567 petitionis
445 2501 629 2554 additamento

97 2571 214 2638 speciali.
240 2574 294 2635 Qui
321 2574 394 2626 enim
419 2575 574 2640 proximum
600 2575 628 2626 in

99 2644 256 2724 necessitate
274 2645 382 2719 deserit,
404 2661 452 2695 nec
473 2645 497 2695 ei
520 2661 630 2697 succur-

99 2724 144 2773 rit,
159 2715 261 2765 amicus
282 2717 338 2780 ejus
355 2730 410 2765 non
425 2726 473 2776 est,
495 2733 542 2768 nec
567 2733 629 2768 eum

100 2782 198 2848 diligit.
213 2784 290 2834 Unde
312 2785 482 2850 Augustinus
504 2803 513 2835 .·
535 2805 549 2833 a
571 2789 630 2837 Non

100 2851 226 2903 dixerunt
241 2871 248 2903 :
263 2855 332 2905 Veni
353 2864 379 2906 et
398 2870 473 2919 sana;
491 2872 538 2907 nec
560 2873 631 2909 ausae

102 2933 166 2974 sunt
175 2923 262 2974 dicere
273 2942 279 2975 :
291 2925 329 2975 lbi
339 2927 410 2991 jube,
421 2939 447 2978 et
461 2927 506 2978 hic
515 2927 572 2992 fiet3
585 2930 631 2979 sed

101 2995 291 3045 tantummodo
309 3013 316 3046 :
333 2997 455 3062 Domine,
479 3013 537 3050 ecce
556 3015 631 3066 quem

101 3078 188 3115 amas»
197 3067 358 3134 infirmatur.
381 3071 464 3131 Quasi
488 3071 630 3123 dicerent:

102 3135 206 3187 Sufficit
219 3147 250 3187 ut
263 3139 382 3203 noveris;
396 3158 450 3192 non
464 3142 535 3193 enim
547 3159 631 3205 amas,

102 3216 128 3256 et
149 3207 258 3258 deseris.
281 3227 294 3256 n
318 3209 397 3261 Unde
416 3222 442 3263 et
463 3213 632 3281 Chrysosto-

102 3293 162 3328 mus
178 3297 186 3329 :
202 3297 216 3326 n
230 3279 281 3330 Per
299 3281 350 3332 hoc
363 3281 436 3333 enim
452 3285 484 3334 ad
500 3285 632 3337 miseren-

102 3353 167 3402 dum
190 3354 286 3403 volunt
307 3355 440 3406 attrahere
453 3357 632 3408 Christum.»

102 3423 164 3473 ldeo
178 3433 268 3474 autem
291 3439 346 3474 non
367 3425 474 3476 iverunt
493 3426 526 3476 ad
550 3427 633 3477 Chri-

103 3506 185 3555 stum,
209 3497 255 3545 sed
282 3495 404 3561 mittunt,
429 3498 494 3564 quia
513 3498 634 3548 confide-

104 3566 169 3617 bant
179 3568 212 3618 de
224 3569 332 3619 Christo
340 3570 523 3630 vehementer,
534 3580 560 3622 et
570 3570 634 3636 quia

102 3653 119 3686 a
131 3637 205 3689 luctu
219 3641 417 3706 detinebantur3
433 3652 459 3693 et
479 3641 570 3703 etiam,
590 3657 633 3693 se-.

103 3711 223 3762 cundum
247 3713 431 3780 Theophilum,
451 3714 515 3780 quia
534 3715 634 3765 mulie·

104 3796 146 3831 res
166 3794 250 3844 erant,
266 3800 333 3850 quas
351 3801 405 3835 non
422 3785 496 3836 decet
509 3786 542 3836 de
562 3785 633 3837 facili

104 3851 217 3903 domum
231 3854 312 3924 exire,
323 3856 447 3922 Magnam
459 3866 548 3908 autem
559 3872 634 3922 spem

681 1431 713 1480 de
722 1429 831 1480 Christo
843 1429 990 1492 habebant;
1000 1425 1130 1493 diligebat
1139 1425 1210 1476 enim

681 1501 807 1552 Christus
817 1500 951 1550 Martham
963 1508 1111 1558 actuosam,
1123 1507 1150 1565 et
1162 1497 1213 1547 Ma·

680 1571 748 1621 riam
769 1569 1015 1636 contemplativam,
1039 1582 1102 1633 quae
1123 1566 1211 1618 tristes

681 1655 763 1704 erant,
774 1655 800 1695 et
809 1646 938 1695 Lazarum
953 1643 1000 1710 qui
1016 1643 1045 1693 in
1059 1641 1148 1707 figura
1162 1656 1211 1708 poe·

682 1717 828 1768 nitentium
841 1717 994 1784 languebat,
1012 1715 1115 1783 quique
1131 1713 1156 1764 ei
1169 1711 1210 1763 of-

680 1787 771 1839 ficium
795 1786 969 1838 humanitatis
989 1801 1059 1852 saepe
1081 1783 1211 1835 exhibue-

681 1869 730 1911 rat.
749 1860 807 1910 Hoc
826 1867 916 1909 autem
932 1857 1006 1908 addit
1029 1855 1210 1922 Evangelista,

681 1931 714 1981 ad
735 1930 930 1980 ostendendum
950 1943 1032 1993 quare
1054 1943 1111 1977 non
1132 1941 1211 1992 opor·

681 2000 733 2051 tuit
746 2001 820 2068 quod
831 1999 934 2050 Martha
946 2009 972 2048 et
983 1998 1067 2048 Maria
1077 1996 1148 2047 irent
1159 2011 1212 2062 per-

682 2072 809 2121 sonaliter
832 2072 864 2121 ad
878 2069 1021 2120 Christum
1027 2084 1034 2131 ;
1051 2067 1117 2135 quia
1131 2066 1212 2119 Chri·

682 2153 740 2194 stus
758 2152 814 2194 erat
831 2142 972 2192 familiaris
986 2143 1095 2201 Lazaro,
1111 2150 1138 2193 et
1158 2140 1211 2206 ejus

682 2215 830 2274 sororibus,
845 2225 871 2264 et
890 2213 928 2264 ibi
948 2214 1102 2280 frequenter
1121 2213 1212 2263 venie·

683 2286 728 2336 bat
742 2287 775 2336 ad
794 2285 997 2351 hospitandum.
1014 2284 1093 2335 Unde
1113 2285 1211 2350 Augu-

682 2357 770 2408 stinus
783 2375 792 2408 .·
804 2375 818 2404 u
833 2358 879 2406 llle
891 2357 1031 2422 languens,
1045 2355 1102 2405 istae
1114 2354 1212 2413 tristes,

683 2445 778 2481 omnes
786 2429 887 2480 dilecti.
900 2429 1042 2479 Habebunt
1053 2431 1118 2494 ergo
1130 2441 1212 2492 spem,

683 2503 814 2569 quoniam
840 2500 1022 2567 diligebantur
1050 2500 1083 2549 ab
1113 2514 1145 2550 eo
1168 2496 1214 2564 qui

684 2582 740 2623 erat
753 2564 901 2622 dolentum
916 2571 1075 2629 consolator,
1091 2569 1216 2635 languen-

684 2645 754 2697 tium
770 2655 884 2695 sanator.
900 2663 912 2690 n
928 2643 1111 2709 spiritualiter
1133 2643 1214 2699 Laza-

685 2732 741 2780 rus,
756 2716 803 2783 qui
821 2715 1012 2780 interpretatur
1027 2729 1045 2764 a
1061 2715 1121 2765 Deo
1135 2713 1215 2781 aciJ'u-

686 2792 737 2848 ius,
750 2785 916 2852 poenitentiae
927 2783 1063 2850 significat
1073 2784 1171 2845 vitam3
1187 2783 1215 2834 in

685 2856 730 2905 die
744 2855 816 2905 enim
827 2856 931 2916 salutis,
942 2856 993 2906 hoc
1007 2865 1048 2905 est
1062 2854 1091 2904 in
1106 2853 1151 2905 die
1163 2869 1215 2921 poe·

686 2927 817 2986 nitentiae,
832 2928 939 2994 quando
961 2942 1040 2978 verus
1062 2926 1103 2977 sol
1118 2925 1217 2986 illuxit,

686 2997 830 3049 auxiliatur
850 2999 921 3048 Deus
937 3009 963 3048 et
976 2997 1090 3062 adjuvat.
1114 2995 1218 3046 Martha

686 3081 775 3122 autem
782 3085 935 3136 provocans
947 3070 1147 3135 interpretatur,
1158 3082 1217 3135 qua·

686 3142 773 3209 signat
792 3143 874 3193 vitam
898 3142 1022 3202 activam,
1037 3141 1065 3191 in
1086 3156 1142 3208 qua
1164 3151 1218 3190 tam

685 3215 793 3267 virtutis
808 3215 989 3275 delectatione,
1005 3229 1086 3281 quarn
1101 3212 1217 3278 exempli

687 3286 751 3336 boni
770 3286 956 3346 ostentatione,
971 3301 1077 3352 semper
1089 3285 1174 3335 homo
1185 3283 1217 3334 ad

687 3357 797 3407 meliora
811 3367 977 3423 provocatur.
991 3355 1076 3406 Maria
1094 3371 1158 3406 vero
1174 3354 1219 3405 in·

686 3437 846 3493 terpretatur
865 3427 1057 3489 illuminatrix,
1080 3434 1107 3476 et
1131 3425 1220 3491 signat

686 3497 768 3548 vitam
789 3496 1033 3562 contemplativam,
1055 3512 1110 3562 qua
1136 3496 1220 3546 homo

687 3567 867 3628 illuminatur,
888 3567 1037 3618 secundum
1060 3567 1127 3618 illud
1144 3567 1221 3633 Apo·

687 3637 803 3706 calypsis
822 3655 829 3688 :
848 3637 952 3689 Mulier
975 3637 1075 3688 amicta
1101 3638 1172 3700 sole,
1196 3643 1221 3686 et

689 3712 752 3763 luna
763 3713 811 3763 sub
819 3712 934 3779 pedibus
945 3712 1016 3778 ejus5
1029 3710 1167 3762 luminare
1176 3727 1222 3760 no·

688 3787 736 3837 ctis
756 3786 837 3851 hujus
857 3786 927 3849 vitae,
954 3784 1028 3852 quod
1049 3783 1221 3850 splendorem

689 3856 770 3922 hujus
796 3855 891 3907 mundi
911 3855 1008 3922 signat,
1030 3854 1084 3905 sub
1106 3853 1223 3920 pedibus
