2632 4320
96 271 130 323 56
388 271 563 323 SECUNDAE
579 266 703 319 PARTIS
720 268 837 321 CAPUT
860 272 920 323 Vll.

94 388 285 456 poenitentium
308 398 372 438 sunt
393 387 489 439 vinum
512 401 624 449 eorum3

94 462 146 511 hoc
158 471 227 510 certe
238 459 333 509 vinum
348 458 464 509 laetificat
475 474 522 508 cor
533 456 627 507 horni-

96 531 156 590 nis,
180 531 231 580 hoc
248 538 389 579 constater
402 531 520 594 Angelos
536 528 628 578 bibere

96 616 157 652 cum
173 599 265 650 laetitia
287 617 293 647 :
313 619 327 647 i>
337 599 394 650 haec
410 599 577 649 Bernartius.
592 598 628 647 Et

96 673 120 723 si
134 671 245 738 Angelis
259 680 365 721 tautum
382 671 510 736 gaudium
526 679 566 719 est
578 684 627 734 pro

97 753 241 809 peccatore,
254 742 301 807 qui
317 741 425 807 propria
436 751 542 807 peccata
556 741 628 790 dam-

98 824 158 872 nat,
195 823 326 878 quantum
352 813 391 863 eis
416 812 545 878 gaudium
579 826 627 876 pro

97 885 177 949 justo,
190 883 238 949 qui
256 883 370 933 aliorum
386 892 489 948 peccata
503 881 607 947 plangit
618 881 643 930 l,

98 955 245 1006 Considera
269 954 313 1004 hic
341 963 440 1020 quanta
467 952 546 1003 debet
571 967 629 1002 esse

98 1025 261 1091 poenitentia,
282 1036 312 1075 ut
327 1041 373 1091 per
391 1040 449 1074 eam
468 1022 630 1084 accendaris,

98 1111 146 1146 nec
165 1106 287 1161 torpeas;
313 1106 338 1145 et
355 1104 438 1144 totam
458 1094 581 1154 domum,
601 1092 628 1142 id

98 1177 139 1219 est
158 1181 276 1218 mentem
296 1177 322 1217 et
342 1167 532 1218 conscientiam
551 1181 629 1216 ever-

97 1254 150 1298 ras,
163 1249 192 1288 ut
201 1238 355 1288 drachmam
368 1239 499 1304 usquead
512 1236 629 1287 novissi-

97 1326 174 1359 mum
189 1310 325 1374 pulverem
341 1309 462 1375 inquiras
476 1309 628 1375 diligenter,

97 1399 151 1432 non
169 1383 252 1447 pigre,
266 1398 322 1431 non
341 1383 475 1442 moratim,
490 1383 576 1433 donec
591 1382 630 1432 in-

95 1456 197 1507 venias.
219 1483 248 1492 -
272 1456 408 1506 Moraliter
423 1456 521 1506 mulier
542 1466 630 1522 potest

97 1528 150 1577 dici
180 1526 341 1592 praesidens,
367 1538 425 1577 tum
451 1538 559 1594 propter
589 1527 629 1577 fe-

97 1599 277 1662 cunditatem,
295 1609 353 1649 tum
383 1610 492 1666 propter
520 1600 629 1665 parien-

98 1671 125 1719 di
156 1669 357 1734 difficultatem
393 1672 474 1736 hujus
508 1672 630 1722 mulieris

98 1742 234 1791 drachmae
249 1752 313 1792 sunt
333 1741 430 1793 animae
448 1742 496 1792 Dei
514 1743 630 1808 imagine

98 1813 246 1878 insignitae,
268 1829 383 1879 quarum
398 1814 421 1864 si
442 1829 526 1865 unam
545 1813 632 1880 perdi-

98 1884 190 1947 derit,
208 1884 287 1934 debet
313 1886 453 1935 accendere
479 1886 629 1945 lucernam,

98 1955 201 2006 scilicet
223 1956 333 2015 orando,
358 1954 519 2018 meditando,
542 1955 631 2004 sancte

98 2027 225 2089 vivend03
251 2036 277 2075 et
305 2035 405 2075 vertere
426 2025 539 2074 domum
565 2042 631 2074 con-

49 2155 51 2159 *
97 2098 217 2149 scientiae
236 2096 388 2163 peccatoris,
406 2095 508 2146 fervore
530 2098 631 2162 praedi-

98 2171 222 2231 cationis,
241 2181 340 2220 terrore
355 2170 591 2232 comminationis;
606 2182 631 2221 et

97 2257 218 2309 quaerere
232 2240 383 2306 diligenter,
398 2240 483 2289 donec
502 2240 630 2300 inveniat,

97 2316 170 2381 quod
198 2312 228 2362 fit
253 2312 361 2376 quando
390 2313 422 2361 ad
443 2313 630 2377 poenitentiam

99 2384 210 2436 reducit.

128 2474 144 2526 9
162 2458 302 2506 Pantanus
313 2471 378 2505 rruu
393 2472 509 2507 raooror.
525 2459 632 2508 -Ter-

97 2529 164 2578 tiam
187 2543 296 2594 quoque
310 2527 343 2577 de
359 2527 454 2577 eodem
477 2539 503 2578 et
520 2544 631 2594 expres-

99 2599 157 2649 sius
179 2597 253 2648 addit
277 2598 445 2664 parabolam,
469 2599 571 2650 scilicet
599 2600 632 2650 de

100 2668 157 2720 filio
170 2669 292 2734 prodigo,
307 2669 364 2735 qui,
380 2668 552 2720 facultatibus
564 2687 632 2721 con-

101 2741 219 2805 sumptis
237 2751 263 2789 et
284 2741 403 2805 perditis,
419 2741 451 2790 ad
476 2752 578 2807 patrem
596 2759 635 2793 re-

101 2827 203 2872 versus,
215 2822 354 2879 susceptus
363 2822 403 2862 est
416 2812 450 2862 ab
459 2828 491 2862 eo
505 2824 531 2863 et
545 2804 634 2865 h'ono-

102 2892 187 2945 ratus3
212 2881 277 2948 quia
303 2883 385 2932 homo
410 2898 465 2932 non
487 2883 575 2933 solum
595 2895 635 2935 est

102 2954 160 3005 ovis
170 2970 231 3004 cara
241 2954 352 3019 pastori,
369 2971 422 3004 non
440 2954 529 3004 solum
543 2955 635 3005 drach-

102 3040 146 3074 ma
161 3028 278 3090 pretiosa
293 3024 409 3084 mulieri,
432 3025 477 3076 sed
495 3025 634 3076 viscerosae

102 3095 219 3147 caritatis
253 3095 325 3145 filius
361 3095 517 3145 carissimus
554 3097 633 3146 Patri.

101 3166 174 3216 Deus
188 3166 260 3216 enim
282 3167 358 3215 Pater
372 3166 501 3216 hominem
516 3166 553 3216 ad
565 3166 634 3216 ima-

100 3237 190 3302 ginem
210 3242 235 3286 et
252 3235 452 3285 similitudinem
471 3251 547 3286 ruam
563 3250 634 3286 crea-

100 3308 155 3370 rit,
180 3317 210 3357 ut
236 3315 297 3372 post
322 3307 441 3371 Angelos
473 3307 633 3373 expressiori

77 3382 79 3386 “
101 3377 280 3427 similitudine
307 3390 362 3441 prae
391 3376 485 3426 ceteris
506 3378 634 3428 creaturis

100 3448 172 3500 lilius
183 3450 230 3500 Dei
241 3448 352 3498 dicatur.
370 3449 430 3498 ldeo
443 3450 543 3513 nullus,
554 3466 635 3516 quan·

99 3529 264 3586 tumcunque
277 3519 392 3586 pusillus
401 3530 450 3578 est,
463 3532 636 3570 contemnen-

100 3591 160 3650 dus,
176 3607 238 3641 cum
264 3593 299 3641 sit
315 3590 415 3640 summi
438 3591 520 3656 Regis
542 3591 615 3641 filius
626 3608 633 3654 ;

100 3662 249 3725 praesertim
275 3662 320 3711 ille
343 3660 386 3711 cui
410 3661 485 3711 dedit
507 3660 587 3711 fidem
609 3673 635 3712 et

101 3731 223 3797 gratiam,
251 3749 400 3800 perquam
425 3744 464 3783 est
488 3732 560 3783 filius
585 3735 635 3784 ad-

102 3803 229 3868 optionis.
243 3807 304 3855 Etsi
313 3817 373 3872 post
389 3815 539 3871 susceptam
554 3804 634 3855 fidem

103 3886 129 3926 et
142 3875 264 3941 gratiam,
277 3893 338 3943 quae
351 3879 442 3945 ipsum
456 3892 488 3928 ex
498 3877 570 3927 dono
584 3878 632 3928 Dei

679 386 865 452 contingebat,
885 388 981 440 vixerit
1004 391 1211 456 luxurioseper

680 457 795 522 culpam,
813 459 926 524 gratiam
941 461 1085 526 perdendo,
1100 462 1142 511 vel
1154 460 1211 528 spi·

680 529 810 580 ritualiter
838 530 983 584 fornicatus
1008 532 1106 589 fuerit,
1131 533 1211 584 fidem

681 599 842 664 deserend03
858 603 946 654 adhuc
966 621 1020 654 non
1036 615 1076 654 est
1089 614 1211 654 contem-

682 671 796 730 nendus,
811 672 898 723 adhuc
921 690 936 723 a
952 674 1055 725 Christi
1076 685 1102 724 et
1120 674 1213 724 Eccle-

681 740 728 790 siae
740 743 843 807 gremio
859 760 913 794 non
928 756 968 795 est
983 746 1139 811 ejiciendus,
1149 743 1213 810 quia

681 811 704 860 si
722 813 887 877 poenituerit,
903 826 929 866 et
941 815 1080 866 humiliter
1094 815 1212 873 redierit,

681 882 755 932 adest
769 884 840 934 Deus
851 886 926 936 Pater
939 886 1081 936 miserator
1097 893 1123 936 et
1136 885 1214 935 mire-

681 952 780 1016 ricorS,
797 954 844 1020 qui
867 971 922 1005 non
945 958 1048 1006 laetatur
1066 956 1095 1005 in
1120 954 1212 1021 perdi-

680 1023 754 1075 tione
765 1024 884 1077 liliorum
897 1038 923 1078 et
934 1027 1048 1078 occurrit
1060 1025 1212 1093 poenitenti,

681 1105 706 1144 et
727 1096 772 1146 dat
790 1099 914 1148 osculum
928 1099 1033 1165 pietatis
1054 1109 1080 1148 et
1104 1095 1213 1147 amoris.

681 1168 712 1216 ln
725 1168 801 1232 cujus
813 1169 964 1235 receptione
980 1172 1076 1236 gaudet
1089 1179 1144 1220 tota
1158 1184 1214 1219 coe-

682 1238 755 1288 lestis
764 1240 853 1305 curia;
865 1241 913 1307 qui
927 1242 1002 1291 enim
1015 1253 1139 1291 mortuus
1152 1238 1213 1289 fue-

682 1322 722 1361 rat
731 1312 887 1365 infidelitate
901 1325 927 1365 et
943 1318 1029 1381 culpa,
1046 1315 1111 1366 vivit
1123 1313 1176 1363 fide
1189 1323 1214 1362 et

682 1382 778 1446 gratia;
798 1384 889 1450 etqui
908 1385 1022 1450 perierat
1046 1399 1145 1443 errore,
1168 1382 1214 1432 in-

681 1463 778 1503 ventus
790 1466 839 1514 est,
854 1454 962 1505 Christo
971 1465 1076 1521 pastore
1088 1453 1214 1504 omnium

683 1526 845 1592 requirente.
867 1528 919 1579 Per
937 1528 1006 1578 hauc
1023 1544 1086 1593 ergo
1101 1526 1215 1593 parabo-

683 1598 736 1647 lam
751 1599 829 1648 datur
843 1599 958 1666 intelligi
974 1601 1089 1666 benigna
1099 1608 1216 1664 peccato·

683 1682 769 1716 ruma
783 1668 839 1717 Deo
851 1669 975 1734 receptio.
993 1670 1031 1718 Ex
1045 1685 1110 1735 qu0,
1123 1683 1215 1718 secun·

683 1737 749 1786 dum
783 1738 892 1799 Lucam,
921 1741 979 1789 vult
1010 1740 1117 1799 habere,
1141 1738 1215 1804 quod

684 1809 775 1858 nullus
795 1809 874 1859 debet
899 1810 1033 1878 indignari
1054 1810 1076 1861 si
1100 1811 1215 1876 benigne

683 1879 778 1944 recipit
796 1891 952 1946 peccatores.

719 1967 750 2001 10
776 1952 829 2002 Sex
848 1968 930 2002 armti
946 1970 973 2002 ru
994 1971 1027 2003 sa
1041 1969 1150 2003 uusrrcu
1165 1968 1216 2002 uo-

683 2039 778 2075 rnuon.
800 2052 830 2061 -
858 2025 888 2074 ln
912 2023 961 2074 hac
981 2034 1069 2075 autem
1094 2023 1218 2089 parabola

684 2111 730 2145 sex
750 2103 918 2158 tanguntur:
934 2095 1022 2160 primo
1039 2104 1123 2144 status
1136 2103 1218 2142 natu-

685 2179 730 2228 rae,
762 2174 789 2213 et
816 2163 958 2230 utriusque
986 2163 1034 2214 filii
1059 2161 1216 2212 communis

685 2233 851 2301 propagatio,
863 2233 901 2282 ibi
916 2251 922 2283 :
938 2235 1026 2285 Homo
1040 2233 1149 2300 quidam
1165 2233 1216 2282 lra-

686 2306 742 2356 buit
764 2306 831 2355 duos
847 2304 944 2370 filios;
975 2305 1101 2364 secundo,
1125 2305 1218 2370 lapsus

684 2378 776 2443 culpae,
806 2388 832 2428 et
857 2377 1075 2427 adolescentioris
1101 2393 1115 2428 a
1143 2388 1218 2443 patre

685 2449 812 2509 recessio,
828 2449 865 2499 ibi
890 2467 897 2500 ι
921 2449 1006 2499 Dixit
1021 2449 1219 2500 adolescentior

682 2521 759 2586 patri
763 2538 772 2583 ;
795 2520 883 2579 tertio,
902 2520 978 2569 locus
999 2518 1178 2585 poenitentiae,
1194 2528 1219 2569 et

685 2595 804 2659 ejusdem
821 2593 994 2659 postmodum
1009 2592 1134 2652 reversio,
1156 2591 1194 2641 ibi
1211 2608 1218 2641 τ

686 2668 718 2718 In
734 2682 763 2719 se
777 2673 866 2717 autem
878 2680 1002 2716 reversus
1008 2681 1018 2727 ;
1033 2675 1138 2731 quarto,
1157 2681 1220 2715 mu-

687 2756 739 2790 nus
760 2740 858 2805 gratiae,
880 2748 905 2788 et
930 2737 1085 2788 revertentis
1107 2753 1122 2787 a
1144 2747 1219 2803 patre

687 2813 801 2877 benigna
823 2810 974 2874 susceptio,
996 2810 1058 2861 ibi:
1081 2810 1149 2859 Cum
1169 2824 1221 2859 au-

689 2889 738 2933 tem
761 2882 848 2932 adhuc
862 2882 943 2948 longe
952 2889 1035 2944 esset,·
1045 2881 1152 2948 quinto,
1168 2881 1220 2931 sti-

688 2955 779 3005 mulus
800 2953 916 3013 invidiae,
939 2955 1011 3004 etde
1031 2953 1087 3018 eius
1103 2953 1220 3018 iucunda

688 3024 858 3090 susceptione
871 3024 985 3075 senioris
996 3025 1158 3092 indignatio,
1167 3024 1219 3074 ibi:

688 3097 761 3146 Erat
773 3101 860 3145 autem
862 3095 943 3160 filius
951 3095 1009 3162 ejus
1018 3096 1108 3145 senior
1113 3112 1123 3157 ;
1135 3104 1220 3152 sexto,

687 3169 773 3219 virtus
801 3167 944 3229 doctrina,
973 3178 999 3218 et
1025 3167 1221 3233 indignationis

688 3239 744 3304 ejus
760 3238 928 3288 rationabilis
951 3237 1061 3299 sedatio,
1079 3237 1139 3288 ibi:
1161 3239 1221 3288 Pa-

689 3315 729 3360 ter
742 3324 809 3375 ergo
824 3308 906 3369 illiue,
928 3318 968 3357 etc

724 3396 750 3429 11
783 3380 872 3429 Huius
900 3395 1044 3428 Pataroue
1064 3394 1221 3429 lrrtrclrro

687 3451 786 3501 luurais
811 3466 844 3499 ur
871 3450 1045 3509 Gaurrtruus,
1078 3465 1221 3500 muoeuurt

688 3540 720 3572 rr
734 3537 885 3572 ruccnroar.
905 3551 935 3560 -
950 3523 1040 3572 Potest
1052 3532 1142 3572 autem
1163 3522 1221 3573 haec

688 3594 812 3660 parabola
825 3593 924 3658 exponi
941 3593 974 3642 de
988 3593 1088 3658 populo
1102 3593 1221 3653 ludaico,

688 3676 714 3716 et
736 3665 852 3730 Gentili3
878 3667 920 3716 vel
946 3665 979 3715 de
1004 3665 1147 3714 innocente
1175 3680 1222 3715 seu

689 3737 760 3800 iusto
770 3736 869 3801 tepido,
885 3745 911 3785 et
929 3735 962 3785 de
980 3745 1118 3800 peccatore
1132 3735 1222 3800 poeni-

690 3815 762 3855 rente
777 3805 895 3855 devoto:
912 3805 1031 3864 ludaico,
1046 3804 1170 3870 inquam,
1180 3805 1222 3855 vel

690 3879 761 3944 justo
803 3887 983 3944 conquerente
1017 3877 1051 3925 de
1082 3877 1221 3937 Domin0,

999 4076 1011 4129 i
