2632 4320
96 291 133 359 54

96 407 240 458 ordinibus
254 407 431 472 Angelorum,
447 414 557 471 propter
573 403 632 453 Tri-

97 481 219 539 nitatem,
231 479 261 528 in
271 478 415 528 novenario
430 478 503 528 enim
519 491 631 527 numero
648 526 651 545 3

98 551 226 602 trinarius
238 549 272 600 tit
283 550 366 600 'tert-io
376 549 526 614 .repetitus.;
542 558 568 597 et
578 563 631 597 uno
648 580 651 587 -

94 620 193 672 ordine
209 619 363 680 hominum,
374 631 482 685 propter
492 617 632 677 unitatem,

99 692 239 743 utunitas
262 692 289 742 in
315 692 448 742 Trinitate
471 692 505 741 ab
521 690 632 756 Angelis

99 772 127 812 et
139 762 471 821 hominibuslaudaretur‚
492 763 631 819 coleretur,

99 832 263 883 adoraretur.
277 834 300 882 «V
302 833 370 882 oluit
384 842 473 882 autem
484 847 632 881 numer-um

102 903 248 953 electorum
272 914 392 953 constare
416 918 449 953 ex
473 902 584 968 Angelis
607 912 633 951 et

101 975 269 1037 hominibus,
293 977 357 1042 quia
376 975 492 1026 doluitia
515 985 633 1024 creatura

100 1045 234 1111 spirituali
262 1057 288 1097 et
309 1046 443 1112 corporali
471 1046 594 1096 laudati:
619 1065 632 1092 n

100 1116 158 1168 ltoec
170 1118 332 1185 Diorutst'us.

125 1187 148 1239 16
158 1190 303 1239 Pisanum
313 1205 444 1240 suasura
458 1204 587 1239 amorrui,
602 1216 632 1225 -

98 1262 141 1312 ad
165 1262 236 1313 idem
260 1263 351 1312 subdit
371 1263 522 1328 parabolam
550 1261 633 1312 unius

101 1331 236 1381 drmhmae
259 1347 294 1381 ex
315 1332 407 1382 decem
436 1332 554 1398 perditae,
585 1347 633 1396 pro

95 1418 153 1468 qua
168 1402 272 1452 :mulier
296 1404 417 1453 accendit
438 1406 583 1462 lucernam,
609 1413 634 1452 et

93 1475 325 1536 everritdomum,
333 1493 364 1526 ac
375 1476 471 1544 qurerit
480 1476 632 1541 diligenter,

94 1547 186 1598 donec
206 1547 347 1612 inveniam
373 1559 399 1598 et
423 1564 503 1613 super
524 1548 634 1598 inventa

93 1633 162 1668 mun
172 1617 266 1668 arnicis
278 1630 304 1668 et
312 1618 410 1669 vicinis
420 1619 524 1685 gaudet.
536 1619 634 1668 Drach-

98 1704 144 1738 ma
176 1689 227 1739 hoc
249 1691 308 1740 loco
332 1700 372 1740 est
398 1706 529 1741 nummus
555 1703 632 1740 certae

95 1761 268 1826 quantitatis,
288 1763 380 1813 valens
402 1763 492 1813 decem
510 1763 633 1813 denarios

95 1831 217 1891 natales,
232 1832 379 1883 habeusin
402 1849 431 1882 se
452 1832 634 1898 regisimagi-

99 1915 163 1953 num
176 1902 479 1968 etsuperscriptionem;
491 1917 572 1967 quem
581 1919 633 1952 nos

100 1971 230 2022 debemus
259 1972 362 2034 offerre,
382 1972 487 2022 scilicet
511 1983 634 2023 nosmet-

97 2041 230 2107 ·ipsna‚·2in
255 2043 355 2108 quibus
373 2053 414 2092 est
437 2042 526 2108 imago
549 2043 632 2109 regis.

97 2114 186 2175 Unde,
202 2114 567 2182 secundumDionysium.:-a
582 2117 634 2165 Ho-

99 2199 146 2235 mo
177 2185 393 2244 microcosmus,
419 2185 450 2234 id
478 2195 518 2234 est
541 2185 634 2235 minor

98 2254 228 2314 nimidas,
249 2254 361 2303 dicitur.
392 2253 478 2303 Habet
495 2253 573 2303 enim
598 2271 633 2305 ex

95 2331 300 2383 termcarnem,
316 2338 348 2373 ex
370 2339 439 2389 aqua
462 2324 632 2390 sanguinem,

96 2407 206 2465 quere
223 2393 326 2453 flatum,
343 2409 376 2444 ex
386 2394 452 2460 igne
462 2395 588 2444 calorem.
599 2396 633 2445 :ln

96 2467 176 2532 carius
190 2467 340 2518 substantia
350 2467 487 2534 spirituali
497 2468 592 2533 imago
606 2479 632 2518 et

96 2539 309 2592 similitudoltei
316 2541 481 2608 exprimitur
491 2541 596 2607 :imago
604 2540 632 2590 in

97 2611 187 2663 forma
200 2613 340 2680 accipitur,
358 2614 510 2664 similitudo
521 2614 550 2663 in
564 2629 632 2679 qua-

97 2681 173 2732 litate
196 2685 387 2734 consideratur.
407 2684 543 2734 Divinitas
557 2685 631 2734 enim

99 2753 224 2805 mistit
246 2755 275 2804 in
290 2755 430 2814 Trinitate,
445 2756 521 2819 cujus
535 2754 632 2819 imagi·
650 2776 653 2783 ·

99 2837 163 2874 uam
176 2833 250 2873 terret
263 2823 366 2883 anima,
387 2840 448 2890 quae
468 2824 548 2874 habet
567 2838 632 2873 ‚me-

99 2893 225 2954 moriam,
236 2894 399 2944 intellectum
412 2904 439 2945 et
456 2896 630 2945 voluntatem.

98 2963 130 3016 ln
146 2964 207 3015 ueo
224 2964 379 3015 cotisistunt
393 2981 492 3016 omnes
509 2965 631 3024 virtutos,
651 2960 654 2967 ’

97 3036 175 3102 majus
195 3037 408 3088 similitudinem
438 3048 510 3089 tenet
541 3038 653 3088 anima'

98 3121 159 3172 qttae
172 3122 256 3172 capax
269 3117 308 3157 est
320 3107 444 3157 omnium
456 3109 586 3158 virtutum
598 3124 606 3157 ε
618 3127 631 3155 n
651 3135 654 3141 -

97 3175 155 3228 aaa
168 3176 330 3243 Dionysius.
346 3179 429 3244 lgitur
440 3179 577 3237 drachma,
586 3179 633 3229 sci-
651 3170 654 3235 i

97 3245 160 3298 licet
174 3248 256 3298 homo
270 3247 521 3315 adimaginemDei
536 3248 631 3310 factus,
651 3244 654 3285 ἶ

97 3331 147 3382 mro
165 3319 243 3382 cujus
268 3317 446 3383 requisitione
471 3318 631 3369 sollicitatur
650 3348 654 3369 r

97 3387 188 3440 divina
199 3388 331 3455 sapientia
343 3399 372 3439 et
385 3405 484 3454 sponsa
499 3390 564 3455 ejus,
577 3390 632 3439 sci·

97 3456 160 3509 licet
170 3471 259 3510 mater
274 3470 364 3509 nostra
378 3460 503 3519 Ecclesia,
514 3476 565 3525 pro
579 3477 630 3510 cu-

96 3529 139 3594 jus
157 3549 265 3600 quoque
283 3532 439 3583 inventione
453 3535 557 3583 laetatur
577 3543 630 3584 tota

97 3602 214 3654 caelestis
236 3604 323 3664 curia,
347 3603 472 3670 quamvis
498 3604 629 3670 pusillus,

98 3684 210 3722 nonest
234 3674 461 3737 contemnendum
484 3675 628 3740 quianon

97 3741 156 3791 vult
167 3741 248 3792 Pater
272 3744 386 3796 caelestis
411 3754 442 3794 ut
454 3754 545 3810 pereat
558 3760 629 3795 unus

98 3811 132 3862 de
145 3811 260 3878 pusillis.
279 3814 415 3866 Sententia
436 3824 526 3864 autem
544 3814 628 3880 huius

98 3882 237 3949 parahete,
259 3886 406 3936 secundum
432 3884 541 3946 Lucam,
567 3884 628 3935 talis

393 289 571 340 SECUNDAE
587 287 714 339 PARTlS
730 285 850 338 CAPUT
866 286 923 336 Vll.

684 413 725 453 est
741 402 769 452 in
784 403 891 453 suinma
904 418 910 451 :
921 400 950 450 Si
961 399 1062 450 mulier
1070 415 1137 450 cum
1147 409 1219 450 tanta

684 473 825 539 diligentia
840 473 994 523 drachmm
1007 471 1140 537 perditam
1148 486 1218 537 qure-

685 545 729 606 ιίι,
745 547 819 596 etde
833 545 943 595 inventa
953 545 1062 610 gaudet,
1079 543 1147 593 etad
1159 559 1219 608 gra·

685 615 827 665 tolandum
844 615 942 665 amicas
959 624 987 664 et
1002 613 1104 664 vicinas
1115 629 1218 663 convo-

685 698 740 753 cat·;
764 690 851 738 multo
867 687 968 736 ¹fortius
983 687 1059 736 Deus
1075 685 1216 736 hominem

685 758 820 824 perditum
846 759 925 808 debet
947 773 1009 807 cum
1032 772 1129 822 magna
1151 756 1218 807 dili-

685 834 773 898 gentia
788 848 919 899 quaetere,
941 842 966 882 et
980 833 1014 881 de
1033 831 1092 896 eius
1120 831 1217 882 inven-

685 904 904 971 tione.gaudere;
920 913 946 954 et
954 904 1023 953 sicut
1036 903 1128 952 nullus
1140 903 1219 953 debet

686 992 856 1027 murmurare
869 986 964 1026 contra
983 976 1123 1025 mulierem
1139 989 1218 1041 qute-

685 1057 788 1096 rentem
817 1046 973 1096 drachmam
1001 1045 1150 1111 perditam,
1176 1044 1218 1094 sic

686 1117 779 1167 nullus
792 1117 872 1167 debet
887 1131 1056 1165 murmurare
1064 1125 1161 1165 contra
1169 1115 1220 1165 Do·

686 1187 792 1237 minum
807 1197 971 1253 quaerentem
983 1195 1144 1251 peccatores,
1163 1185 1219 1235 sire

685 1274 731 1310 eos
746 1260 919 1325 alloquendo,
926 1259 987 1309 sive
996 1274 1059 1308 cum
1070 1257 1111 1308 eis
1123 1273 1218 1308 come-

685 1330 782 1381 dendo.

717 1403 803 1467 7Ssx
816 1416 842 1450 ut
861 1417 895 1451 as
914 1416 1024 1451 utsrtcs
1042 1415 1175 1449 soranos.
1187 1426 1218 1435 -

685 1471 737 1523 Ubi
756 1482 854 1531 tamen,
869 1473 1020 1522 secundum
1034 1485 1220 1535 sensummy-

684 1542 793 1602 sticum,
814 1552 943 1592 notantur
959 1558 1005 1592 sex
1030 1542 1058 1592 in
1084 1540 1218 1607 speciali:

679 1613 792 1678 primo,
815 1615 983 1680 Angelorum
1012 1624 1038 1663 et
1070 1611 1219 1662 hominum

684 1686 792 1745 creatio,
813 1685 850 1735 ibi
872 1703 879 1736 :
905 1687 974 1748 Quae
996 1686 1092 1735 tnulicr
1119 1685 1219 1735 habens

684 1757 828 1808 drachmas
841 1759 930 1808 decem
938 1776 947 1819 ,·
956 1757 1083 1814 secundo,
1095 1756 1220 1806 hominis

684 1830 764 1880 creati
776 1832 967 1896 praevaricatio,
983 1832 1020 1881 ibi
1042 1847 1048 1880 ε
1065 1831 1104 1881 Et
1115 1831 1140 1880 ri
1150 1845 1219 1897 per-

685 1903 786 1953 diderit
801 1919 897 1968 unam5
920 1905 1007 1962 tertio,
1034 1903 1097 1954 Filii
1122 1903 1172 1954 Dei
1187 1904 1219 1953 ad

686 1974 859 2040 quaerendam
890 1975 1048 2024 ‚drachmam
1086 1973 1219 2038 perditam

685 2045 846 2107 incarnatio,
858 2044 896 2094 ibi
910 2062 920 2094 ε
935 2047 1030 2095 Nonae
1040 2044 1166 2095 accendit
1180 2045 1221 2094 la-

685 2129 792 2164 cernam
799 2133 808 2176 ,·
821 2125 927 2180 quarto,
951 2114 1038 2179 ipsius
1051 2129 1100 2179 per
1115 2113 1218 2164 Christi

687 2184 841 2234 Passionem
856 2185 986 2244 inventio,
998 2185 1035 2234 ibi
1050 2201 1056 2234 :
1070 2185 1110 2234 Et
1122 2185 1222 2249 quierit

684 2255 841 2320 diligenter,
855 2255 937 2306 donec
960 2256 1094 2317 inveniam
1107 2255 1217 2320 quinto,

684 2326 851 2390 Angelorum
865 2327 898 2376 ad
913 2327 1158 2392 congratulandum
1168 2326 1220 2376 in·

683 2397 787 2460 vitatio,
802 2397 840 2447 ibi
856 2414 864 2447 ε
880 2399 919 2449 Er
935 2400 1221 2462 commeritum-

684 2475 770 2529 uocat‚
794 2478 862 2531 etc.;
885 2480 969 2531 sexto,
984 2470 1151 2522 invitationis
1174 2486 1221 2521 m-

684 2539 732 2599 ti0,
755 2539 793 2589 ibi
818 2556 824 2589 :
849 2539 922 2600 Quia
952 2540 1041 2592 iuveni
1063 2541 1220 2592 drachmam

681 2625 762 2676 qaam
768 2612 956 2677 perdideram.
979 2614 1132 2663 Secundum
1146 2614 1220 2666 Gre-

679 2681 800 2747 gorium,
819 2680 866 2748 qui
880 2682 1048 2749 significatur
1069 2699 1115 2750 per
1127 2694 1220 2750 pasto·

683 2769 754 2813 rem,
783 2755 842 2820 ipse
869 2756 950 2806 etiam
974 2756 1146 2824 significatur
1166 2773 1218 2824 per

684 2824 845 2887 mulierem
873 2825 931 2891 ipse
950 2828 1025 2878 enim
1049 2829 1132 2890 Deus,
1162 2828 1221 2894 ipse

681 2903 710 2944 ct
731 2894 779 2944 Dei
804 2896 943 2960 Sapientia
970 2915 977 2948 ;
1004 2898 1106 2948 dicitur
1126 2908 1219 2949 autem

683 2963 787 3025 mulier,
800 2966 865 3031 quia
880 2982 941 3019 cum
956 2968 1048 3018 dolore
1062 2985 1113 3018 nos
1135 2968 1217 3034 parit.

680 3035 848 3101 Angelorum
861 3053 923 3088 vem
935 3048 961 3088 et
972 3039 1120 3089 huminum
1136 3048 1219 3090 aaut·

682 3121 741 3156 ram
756 3107 789 3156 ad
804 3111 1049 3174 recognoscendum
1072 3124 1101 3159 se
1121 3108 1220 3160 Domi-

683 3194 735 3228 nus
761 3179 891 3239 condidit,
914 3190 940 3230 et
958 3181 992 3230 ad
1004 3180 1218 3232 similitudinem

682 3264 759 3299 suam
772 3250 878 3300 creavit.
893 3252 989 3301 Decem
996 3267 1064 3317 ergo
1075 3251 1219 3303 drachmas

682 3319 788 3378 habuit,
809 3321 875 3386 qttia
898 3337 994 3372 novem
1018 3333 1084 3373 sunt
1108 3322 1220 3374 ordines

683 3391 868 3455 Angelorum,
897 3393 953 3451 sed,
984 3403 1014 3442 ut
1040 3395 1220 3459 compleretur

682 3461 827 3511 electorum
841 3478 982 3521 numerus,
995 3463 1080 3513 horno
1091 3464 1219 3515 decimus

682 3542 722 3582 est
736 3543 848 3582 creatus.
859 3533 896 3583 Et
908 3533 972 3600 quia
986 3533 1076 3600 imago
1088 3534 1218 3600 exprimi-

681 3611 726 3653 tur
739 3603 768 3653 in
787 3604 922 3664 machara,
947 3605 1045 3654 mulier
1059 3605 1218 3657 drachman

678 3673 807 3740 perdidit,
823 3676 931 3740 quando
944 3675 1037 3734 homo,
1051 3675 1102 3742 qui
1118 3675 1216 3727 condi-

681 3753 725 3794 tus
746 3744 779 3793 ad
795 3743 941 3810 imaginem
962 3744 1013 3794 Dei
1034 3745 1129 3804 fuerat,
1151 3761 1216 3813 pec-

682 3815 767 3865 cando
778 3830 793 3865 a
803 3815 983 3866 similitudine
996 3815 1043 3867 sui
1056 3815 1216 3868 conditoris

682 3884 801 3936 recessit.
819 3885 947 3946 Quotidie
959 3886 1047 3937 adhuc
1054 3885 1110 3938 ista
1118 3886 1219 3939 drach·
