2632 4320
321 243 448 306 QUIBUS
464 201 631 292 DisBETUR
646 243 707 293 VAE
720 242 916 294 AETERNUM.

1123 240 1175 292 285

431 675 598 744 capua
619 675 808 743 xxxvui

333 949 466 1038 Quibus
487 949 632 1019 debetur
654 971 704 1019 voe
726 959 909 1020 aeternunt.

474 1220 618 1283 Matthaei
640 1242 705 1304 cap.
725 1224 776 1285 23.

98 1477 108 1512 1
128 1461 176 1511 Via
191 1475 324 1509 arsnuuu
342 1474 394 1509 cun
412 1473 503 1508 ocrias
521 1474 595 1508 rosi·

60 1531 133 1584 ruit?
148 1559 179 1570 -
192 1531 256 1580 Post
268 1531 327 1580 haec
336 1527 478 1589 Dominus,
486 1528 533 1595 qui
549 1529 596 1579 Le·

60 1602 90 1670 gi
112 1610 139 1652 et
171 1600 312 1667 praeceptis
342 1597 500 1665 evangelicis
529 1598 595 1649 obe-

60 1671 202 1723 dientibus
224 1671 270 1720 dat
289 1669 507 1731 benedictiones,
529 1669 595 1734 ipsis

60 1742 165 1794 Scribis
178 1752 205 1793 et
219 1741 361 1792 Pharisaeis
375 1741 595 1792 inobedientibus

61 1811 243 1864 comminatur
265 1825 307 1862 vae
332 1810 542 1874 maledictionis,
569 1820 596 1860 et

61 1885 94 1935 in
121 1883 252 1935 omnibus
279 1882 417 1934 effectibus
444 1881 595 1949 hypocrisis

61 1955 187 2021 ipsorum
211 1954 280 2004 hanc
300 1953 445 2004 dictionem
465 1968 506 2004 vae
525 1968 595 2020 prae-

61 2026 151 2094 ponit,
175 2041 237 2093 quae
256 2026 473 2078 maledictionem
487 2023 595 2092 signifi-

61 2106 116 2150 cat.
136 2097 184 2148 Va
198 2097 299 2163 quippe
321 2096 350 2147 in
373 2095 509 2162 Scriptura
523 2109 596 2146 sacra

63 2179 140 2223 notat
155 2181 284 2222 aeternam
298 2170 508 2231 damnationem,
521 2179 597 2235 etge·

62 2243 165 2293 hennae
179 2240 360 2307 supplicium,
380 2241 426 2291 sed
443 2240 501 2302 heu,
515 2240 596 2305 hujus

62 2311 149 2364 seculi
165 2310 416 2378 peregrinationem,
439 2320 465 2360 et
479 2324 597 2376 praesens

63 2384 203 2438 exsilium.
233 2384 326 2445 Unde,
355 2383 505 2434 secundum
531 2383 597 2433 Ori-

63 2471 169 2526 gm,
192 2455 261 2508 sicut
286 2457 315 2508 in
334 2456 426 2508 Veteri
451 2456 521 2521 Lege
545 2471 597 2521 po-

35 2525 42 2533 ’
63 2539 167 2582 nuntur
175 2529 379 2580 benedictiones
393 2527 598 2579 observantibus

63 2602 175 2669 Legem,
196 2610 223 2652 et
247 2599 447 2652 maledictiones
467 2608 599 2665 transgre-

64 2674 205 2725 dientibus
237 2689 309 2736 enim
332 2673 369 2723 ita
396 2673 425 2722 in
454 2671 598 2738 Evangelio

63 2753 206 2812 ponuntur
218 2742 398 2794 beatitudines
412 2751 535 2808 respectu
561 2741 599 2807 ju·

64 2823 180 2876 storum,
206 2823 237 2865 ut
254 2813 378 2864 habitum
401 2823 441 2864 est
466 2827 547 2879 supra
569 2811 598 2863 in

64 2903 192 2942 sermone
212 2887 323 2938 Domini
342 2887 372 2938 in
392 2896 494 2948 monte,
513 2885 598 2937 ethic

65 2974 82 3011 e
109 2957 245 3010 contrario
272 2966 412 3025 ponuntur
431 2955 600 3007 maledictio·

66 3046 115 3085 nes
135 3041 230 3083 contra
260 3031 415 3098 hypocritas
435 3029 502 3081 falso
521 3029 601 3094 justi-

66 3102 133 3154 tiam
149 3101 318 3152 simulantes.
341 3102 374 3152 Et
387 3101 463 3167 ponit
474 3109 533 3151 octo
549 3114 599 3163 vae,

65 3175 137 3240 justa
153 3183 213 3224 octo
224 3173 265 3234 iin
286 3173 387 3240 quibus
408 3173 530 3239 ipsorum
548 3171 601 3238 hy-

66 3244 183 3311 pocrisis
207 3252 233 3294 et
253 3243 325 3294 fictio
346 3251 432 3309 patet,
456 3243 489 3293 ad
509 3250 602 3292 osten-

67 3315 187 3366 dendum
209 3329 270 3381 quae
297 3313 326 3364 in
345 3313 384 3364 eis
403 3312 520 3364 cavenda
545 3324 603 3362 esse

67 3387 155 3439 docet.

100 3473 116 3508 2
136 3458 185 3510 Va·
208 3459 312 3509 Senmrs
336 3473 371 3508 ur
402 3458 550 3507 Phanisiats
569 3471 602 3506 nn

69 3547 197 3584 surenam
212 3549 245 3583 er
261 3545 395 3583 nvitatus.
409 3559 441 3569 -
456 3532 487 3582 ln
503 3529 601 3596 primo,

69 3602 208 3670 redarguit
221 3618 269 3653 eos
285 3603 318 3654 de
336 3599 463 3668 superbia
475 3610 501 3650 et
514 3597 603 3650 avari-

70 3673 118 3734 tia,
130 3673 196 3740 quia
218 3688 333 3740 regnum
354 3673 484 3724 coelorum
500 3672 604 3723 claude-

71 3744 136 3796 bant
159 3753 223 3796 ante
255 3743 391 3806 homines,
421 3753 448 3794 et
478 3757 527 3792 nec
551 3740 603 3807 ipsi

71 3814 220 3876 intrabant,
235 3830 284 3866 nec
307 3814 408 3866 intrare
422 3814 547 3865 sinebant
557 3828 604 3864 vo·

70 3885 167 3940 lentes.
188 3885 267 3940 Unde
293 3885 358 3938 dicit
383 3902 390 3937 :
423 3885 478 3949 Va»,
506 3884 535 3936 id
564 3894 605 3936 est

652 1469 752 1511 aeterna
777 1461 915 1512 damnatio
939 1463 1021 1526 vobis,
1044 1464 1179 1529 imminet,

651 1531 765 1593 Scribae,
781 1532 827 1598 qui
844 1532 944 1598 putatis
961 1549 1009 1585 vos
1031 1535 1132 1600 peritos
1151 1537 1179 1588 in

651 1601 731 1668 Lege,
746 1609 773 1652 et
794 1603 940 1666 Pharisaei,
959 1605 1007 1672 qui
1028 1606 1118 1658 dicitis
1131 1625 1179 1661 vos

651 1675 773 1740 praelatos
800 1675 829 1726 in
846 1677 998 1738 sanctitate,
1019 1678 1180 1746 hypocrita,

652 1747 809 1798 simulantes
818 1748 890 1813 quod
907 1763 959 1798 non
971 1749 1043 1813 estis,
1055 1752 1101 1816 qui
1111 1752 1181 1806 clau·

651 1821 717 1872 ditis
736 1835 849 1888 regnum
870 1822 996 1874 coelorum
1013 1830 1076 1874 ante
1092 1824 1181 1878 homi·

652 1905 712 1955 nes,
739 1891 766 1940 id
796 1901 837 1942 est
868 1892 931 1958 quia
964 1894 1059 1944 vestris
1093 1896 1181 1962 pravis

652 1961 868 2029 expositionibus
892 1963 1030 2014 veritatem
1058 1965 1181 2032 Scriptu-

652 2050 742 2086 rarum
758 2030 931 2096 Absconditis,
943 2037 985 2086 vel
1001 2037 1071 2086 malo
1087 2053 1180 2089 exem·

651 2108 697 2174 plo
724 2106 792 2158 alios
814 2107 1012 2172 scandalizatis;
1043 2124 1091 2160 vos
1113 2111 1181 2162 enim

653 2194 704 2231 non
728 2178 857 2242 intratis,
885 2179 950 2246 quia
981 2178 1130 2246 intelligere
1157 2191 1183 2233 et

653 2251 761 2301 credere
789 2265 844 2300 non
867 2249 967 2311 vultis,
990 2264 1037 2300 nec
1071 2251 1184 2304 introire

653 2323 778 2385 volentes,
799 2322 825 2372 id
848 2332 888 2373 est
912 2323 1017 2373 credere
1038 2323 1184 2390 cupientes,

654 2396 743 2447 sinitis
765 2396 885 2459 intrare,
910 2396 966 2446 imo
984 2396 1071 2446 facitis
1089 2412 1184 2450 errare.

654 2467 803 2534 Dupliciter
819 2463 895 2517 'enirn
911 2462 1058 2533 impeditur
1078 2468 1186 2534 ingres·

654 2555 702 2590 sus
712 2538 826 2603 alicujus
835 2537 863 2587 in
877 2538 988 2587 domum
1004 2554 1011 2588 :
1027 2553 1082 2588 uno
1091 2538 1183 2603 modo,

655 2610 763 2678 quando
777 2608 858 2660 clavis
878 2608 996 2674 tollitur;
1017 2608 1069 2660 alio
1090 2611 1181 2672 modo,

639 2681 764 2748 0quando
777 2679 943 2729 obstaculum
958 2679 1075 2745 ponitur.
1094 2679 1183 2746 Spiri-

655 2750 762 2801 tualiter
777 2759 875 2810 autem,
887 2749 1035 2799 secundum
1052 2749 1186 2818 Chrysas·

656 2828 762 2884 tomum,
770 2835 885 2886 regnum
897 2819 1025 2869 coelorum
1033 2829 1096 2870 sunt
1105 2817 1186 2871 sacrae

656 2891 807 2957 Scriptura,
821 2888 885 2955 quia
899 2888 927 2938 in
936 2887 976 2939 eis
987 2904 1099 2956 regnum
1112 2891 1188 2942 coelo·

656 2977 717 3012 rum
734 2970 773 3011 est
784 2959 925 3010 insertum.
941 2959 992 3010 Iste
1010 2975 1073 3026 ergo
1088 2959 1188 3011 claudit

657 3033 709 3083 hoc
725 3045 840 3097 regnum
851 3029 935 3094 alteri,
952 3029 999 3097 qui
1012 3031 1113 3082 clavem
1127 3046 1188 3097 pnr-

657 3112 704 3163 tat,
714 3111 740 3152 et
751 3117 806 3151 non
820 3100 919 3166 aperit,
932 3101 1034 3151 scilicet
1047 3101 1094 3168 qui
1107 3101 1188 3151 habet

657 3170 805 3232 scientiam,
826 3181 853 3222 et
871 3169 965 3221 docere
978 3171 1134 3231 contemnit,
1145 3170 1187 3220 vel

658 3244 784 3310 negligit3
807 3242 858 3294 iste
879 3258 941 3294 vero
957 3242 1125 3294 obstaculum
1138 3257 1190 3307 po-

659 3317 718 3378 nit,
739 3314 787 3382 qui
817 3331 865 3382 per
898 3313 1001 3366 malum
1033 3314 1189 3379 exemplum

658 3389 726 3441 alios
737 3387 850 3455 impedit
863 3403 897 3439 ne
909 3387 1018 3448 intrent,
1030 3386 1071 3437 vel
1091 3386 1188 3436 intrare

658 3459 751 3511 velint.
777 3457 907 3519 Quamvis
939 3472 1002 3523 ergo
1037 3455 1138 3506 Scribae
1164 3463 1190 3505 et

660 3529 788 3583 Pharisaei
810 3544 857 3596 per
881 3528 1029 3594 Scripturas
1049 3541 1190 3592 cognosce-

659 3611 718 3652 rent
734 3610 760 3651 et
780 3600 879 3650 scirent
900 3596 1001 3647 Christi
1027 3598 1188 3658 adventum

659 3683 750 3725 tamen
774 3670 825 3737 ipsi
847 3668 1063 3727 considerabant,
1076 3666 1150 3733 quod
1165 3665 1188 3717 si

660 3742 786 3794 Christus
807 3740 922 3791 creditus
949 3738 1052 3800 fuisset,
1076 3752 1190 3788 consue·

660 3815 726 3866 tudo
751 3810 943 3863 sacrificiorum
962 3818 989 3860 et
1020 3808 1190 3860 oblationum

661 3891 783 3946 cessaret,
791 3890 818 3933 et
834 3879 874 3932 sic
888 3879 940 3946 ipsi
954 3878 1138 3932 oblationibus
1152 3891 1194 3928 sa·
