2632 4320
147 286 188 404 {a
450 333 762 387 memorassem
777 334 952 388 capuam

144 462 191 503 tur
200 453 233 502 ad
241 450 346 502 facilius
358 451 532 516 peccandum,
543 467 597 501 non
609 461 680 502 esset

145 524 248 574 bonum
277 522 300 572 ei
323 523 477 586 remittere;
504 523 631 573 similiter
654 523 677 572 si

146 610 178 645 ex
198 593 245 644 tali
260 592 421 643 remissione
438 603 507 644 esset
521 593 679 643 scandalum

145 665 270 724 aliorum,
284 675 310 715 ct
322 665 433 715 omissio
448 664 571 730 justitian
592 674 619 714 et
639 665 678 714 sic

146 737 176 788 in
198 737 302 787 casibus
329 737 519 788 consimilibus
550 736 678 802 intellige.

144 808 320 858 Dimittamus
329 823 392 874 ergo
402 808 569 858 debitoribus
579 807 679 858 nostris

734 452 763 503 in
796 467 847 502 nos
880 468 1016 518 peccasse;
1046 453 1184 504 dimittere
1203 468 1268 505 verr>

733 524 807 589 quod
824 523 886 589 quis
902 523 930 572 in
946 524 1034 575 Deum
1050 534 1216 590 pcccat,non
1226 535 1265 576 est

734 595 820 645 nostri
832 595 947 646 arbitrii.
961 596 1022 655 Sed,
1038 605 1069 646 ut
1082 596 1149 646 dicit
1161 596 1267 648 Hiere-

733 668 841 733 mias,
854 682 903 717 nos
912 682 927 717 e
936 668 1071 717 contrario
1085 667 1115 717 in
1124 668 1174 718 Dei
1189 668 1263 733 inju-

733 737 773 787 ria
782 737 890 804 benigni
906 753 1009 797 sumus.
1020 736 1048 787 in
1061 737 1162 787 nostris
1175 748 1266 789 autem

710 834 714 839 ·
733 807 906 859 contumeliis
918 808 980 858 odia
992 822 1161 858 exercemus.

145 877 236 929 debita
259 893 346 944 poenae
360 878 469 944 peccati,
485 877 509 928 si
532 877 679 942 peniteant
711 882 714 897 ²
789 902 792 910 ·

640 1099 777 1150 ORATIO

176 1272 293 1322 Domine
308 1271 371 1320 Jesu
388 1266 504 1327 Christe,
520 1267 588 1317 mihi
602 1266 716 1333 indigno
733 1265 867 1334 propitius
884 1269 1008 1332 concede,
1026 1278 1057 1319 ut
1074 1266 1185 1318 fratrem
1200 1282 1265 1333 pec—

146 1356 250 1395 cantem
265 1343 354 1394 verbis
369 1350 518 1406 opportune
534 1340 703 1405 corripiendo
719 1341 874 1406 emendem
899 1352 925 1391 et
946 1341 1036 1391 sinon
1058 1340 1155 1404 verbis,
1171 1342 1263 1390 saltem

145 1418 315 1469 orationibus
331 1429 356 1467 et
369 1414 448 1465 bonis
461 1414 592 1481 exemplis
608 1416 659 1465 hoc
674 1413 759 1466 facere
773 1432 828 1466 non
840 1415 978 1466 desistam.
997 1416 1037 1466 Da
1051 1414 1120 1465 mihi
1139 1414 1222 1464 etiam
1235 1425 1267 1464 ut

144 1488 176 1539 in
190 1488 293 1538 unitate
307 1487 429 1538 Ecclesiae
444 1496 470 1536 et
479 1486 588 1536 caritate
600 1485 715 1537 fraterna
726 1489 916 1552 permanendo,
937 1503 1040 1538 merear
1055 1487 1083 1536 in
1097 1487 1265 1538 orationibus

144 1562 276 1623 exaudiri,
290 1573 317 1612 et
333 1573 358 1612 te
373 1577 421 1627 per
443 1559 560 1610 favorem
585 1571 611 1611 et
625 1562 756 1611 auxilium
783 1562 812 1612 in
827 1562 916 1613 medio
933 1573 1057 1612 nostrum
1078 1561 1204 1627 experiri,
1217 1560 1264 1627 qui

143 1631 343 1683 habitationem
361 1632 411 1683 tibi
427 1631 455 1681 in
470 1630 586 1697 pacificis
607 1632 751 1684 collocasti.
775 1633 887 1698 Insuper
902 1643 928 1683 et
950 1633 1002 1683 hoc
1018 1632 1107 1682 tribue
1132 1631 1212 1692 mihi,
1235 1642 1266 1681 ut

144 1704 362 1770 quotiescunque
377 1701 524 1769 peccaverit
540 1700 621 1754 frater
638 1703 667 1753 in
682 1719 734 1763 me,
749 1702 829 1753 toties
842 1703 978 1754 dimittam
995 1703 1038 1764 ei,
1064 1704 1099 1754 ita
1120 1704 1198 1770 quod
1213 1717 1264 1753 nec

143 1791 240 1826 rancor
256 1776 379 1837 interius,
394 1791 443 1826 nec
457 1775 577 1826 rancoris
597 1775 706 1842 signum
718 1776 835 1827 exterius
850 1775 878 1825 in
899 1792 941 1826 me
954 1777 1040 1826 valeat
1051 1775 1205 1842 aliqualiter
1218 1789 1267 1825 re-

144 1849 236 1916 periri.
252 1851 348 1900 Amen.

581 2145 750 2216 CAPUT
779 2147 830 2214 IX

290 2421 342 2489 De
366 2443 449 2511 rege
470 2420 533 2511 qui
561 2418 675 2490 voluit
698 2419 871 2489 rationem
887 2443 1018 2512 ponere
1040 2444 1117 2491 cum

585 2536 697 2606 servis
726 2535 815 2604 sais.

552 2785 696 2847 Matthaei
720 2804 786 2866 cap.
809 2786 857 2846 18.

177 3034 187 3069 1
203 3020 290 3071 Rarro
302 3039 336 3072 m:
355 3038 469 3074 orruraus
482 3040 631 3074 nannenus.
644 3053 677 3062 -

144 3089 225 3149 Quod
239 3101 329 3141 autem
343 3093 536 3143 dimittendum
550 3093 586 3143 sit
600 3092 675 3144 fratri

143 3163 274 3228 peccanti,
306 3174 333 3215 et
358 3181 413 3216 non
434 3176 539 3216 tanturn
567 3166 675 3231 septies.

731 3024 876 3075 commissa
890 3025 1036 3090 quamdam
1056 3025 1136 3078 habet
1150 3027 1267 3079 infinita-

731 3106 796 3155 tem,
813 3106 840 3146 et
852 3107 942 3146 tamen
957 3096 1173 3163 quotiescunque
1185 3100 1265 3150 offen-

731 3166 831 3225 dimus,
846 3167 925 3216 toties
937 3167 993 3232 ipse
1009 3177 1116 3231 paratus
1125 3180 1167 3219 est
1176 3171 1265 3221 remit·

144 3235 191 3285 sed
209 3236 361 3301 septuagies
375 3238 482 3303 septies,
498 3249 525 3288 et
540 3239 612 3303 quod
625 3239 677 3288 hoc

144 3320 198 3355 non
209 3306 304 3356 debeat
317 3308 397 3357 alicui
412 3322 491 3373 grave
506 3319 553 3358 aut
567 3307 677 3358 difficile

141 3376 238 3438 videri,
254 3378 276 3428 si
292 3380 445 3429 attendatur
455 3380 528 3446 quod
539 3381 611 3430 Deus
624 3395 677 3429 ma·

141 3448 199 3512 jora
213 3450 327 3500 remittit
344 3450 373 3500 in
389 3466 417 3501 se
439 3452 567 3517 peccanti,
580 3461 675 3500 osten-

140 3518 181 3569 dit
198 3521 331 3571 Dominus
349 3537 397 3587 pcr
414 3523 586 3588 exemplum3
611 3521 676 3587 quia

139 3590 227 3653 magis
243 3607 339 3641 sumus
349 3591 484 3642 debitores
500 3592 558 3651 Dei,
575 3602 601 3642 et
613 3593 674 3657 plus

140 3656 306 3712 offendimus
327 3679 399 3723 eum,
414 3678 496 3729 quam
510 3663 594 3713 homo
609 3680 674 3729 pos-

138 3740 179 3780 set
213 3733 345 3786 offendere
383 3736 546 3802 proximum.
586 3737 673 3788 Tanta

138 3800 211 3851 enim
231 3815 271 3854 est
291 3807 401 3866 offensa,
425 3818 542 3875 quantus
565 3818 605 3858 est
628 3808 673 3858 ille

137 3873 184 3938 qui
199 3874 345 3927 offenditur
359 3896 366 3929 ε
380 3880 452 3930 Deus
464 3889 556 3929 antem
573 3889 612 3929 est
627 3880 673 3929 in-

136 3942 239 4006 finitus,
263 3957 291 3997 et
315 3948 376 4000 ideo
403 3949 506 4001 offensa
530 3949 558 3999 in
579 3950 670 4017 ipsum

730 3248 794 3302 tere,
810 3241 876 3289 dum
890 3250 979 3289 tamen
1002 3241 1119 3291 velimus
1135 3242 1265 3293 veraciter

731 3308 872 3372 poenitere
890 3309 912 3358 si
928 3325 991 3375 ergo
1006 3310 1072 3374 ipse,
1090 3311 1137 3376 qui
1154 3322 1196 3362 est
1207 3314 1265 3363 Da-

731 3382 822 3431 minus
856 3392 882 3432 et
906 3383 963 3431 Rex
991 3383 1126 3443 omnium,
1150 3385 1265 3437 dimittit

730 3468 816 3512 servo,
834 3453 920 3502 multo
944 3455 1041 3504 fortius
1063 3467 1089 3506 et
1107 3472 1159 3507 nos
1181 3457 1264 3508 debe·

730 3539 791 3573 mus
805 3523 941 3573 dimittere
956 3525 1074 3589 peccanti
1095 3526 1126 3576 in
1142 3527 1264 3578 noesta-

728 3593 763 3642 tri
778 3604 804 3643 et
823 3593 956 3660 proximo.
970 3597 1003 3645 Et
1012 3596 1073 3646 ideo
1082 3600 1264 3665 proeaemplu

729 3667 807 3732 ponit
819 3669 972 3733 parabolam
985 3671 1017 3720 de
1039 3686 1101 3736 rege
1112 3671 1162 3737 qui
1176 3671 1263 3722 voluit

728 3738 861 3788 rationem
881 3754 978 3805 ponere
999 3757 1062 3790 cum
1086 3743 1171 3793 servis
1195 3744 1262 3802 suis.

727 3821 753 3860 et
777 3810 807 3861 in
837 3810 891 3862 fine
915 3812 1030 3877 applicat
1051 3813 1210 3878 parabolam
1227 3814 1259 3865 ad

727 3884 905 3948 propositum,
930 3885 1022 3935 dicens
1038 3902 1043 3935 :
1060 3887 1109 3937 Sic
1128 3893 1156 3937 et
1173 3889 1262 3938 Pater

726 3968 799 4004 meus
808 3955 924 4006 coelestis
933 3956 1023 4022 saciet
1033 3952 1118 4008 vobis.
1128 3958 1264 4009 Similiter
