2632 4320
130 271 178 322 132

123 397 226 439 tanturn
242 387 276 437 de
293 399 390 436 corona
403 383 521 434 furabor.
537 383 656 433 Tantum

125 458 215 509 minus
235 456 285 507 erit
307 456 340 505 de
360 455 457 515 fructu,
472 463 604 520 quantum
624 454 656 502 de

125 529 229 580 semine
262 527 427 577 subtraxero.
461 526 566 576 Renuat
594 539 656 590 ergo

125 600 256 652 consolari
277 599 368 649 anima
388 607 479 648 nostra
499 595 656 661 hujusmodi

125 669 307 723 consolatione
314 685 322 732 ;
346 670 392 720 sed
414 684 519 719 memor
539 668 575 720 sit
597 665 656 731 Dei,

126 753 152 793 et
171 741 323 792 consoletur
343 739 371 790 in
392 755 433 791 eo.
459 739 538 805 Apud
568 739 657 805 ipsum

127 826 244 878 namque
279 810 338 876 ipsa
378 825 488 877 quoque
520 807 658 859 tribulatio

128 897 225 948 magna
247 882 370 947 quaedam
396 880 543 931 consolatio
561 879 659 946 poterit

127 952 241 1004 inveniri
270 970 277 1002 ι
299 972 312 999 »
339 952 394 1002 haec
421 951 587 1001 Bernardus.
613 950 666 1017 Sic¹

128 1039 191 1090 ergo
217 1023 297 1088 hujus
319 1022 381 1073 vitae
408 1021 520 1072 felicitas
546 1021 658 1071 divitem

128 1094 264 1144 infelicem
284 1092 355 1151 fecit,
371 1091 444 1157 quia,
464 1101 495 1143 ut
514 1091 579 1142 dicit
598 1094 658 1142 Au-

127 1167 262 1234 gustinus,
276 1166 345 1216 nihil
365 1175 406 1215 est
425 1164 558 1216 infelicius
572 1165 660 1215 infeli·

127 1239 204 1289 citate
225 1236 399 1303 peccantium,
413 1251 467 1301 qua
485 1236 599 1302 poenalis
612 1253 659 1287 nu·

127 1309 206 1359 tritur
224 1306 381 1373 impunitas,
399 1317 425 1356 et
443 1308 513 1357 mala
534 1308 660 1358 voluntas

125 1380 198 1430 velut
232 1377 319 1428 hostis
360 1377 471 1427 interior
508 1379 657 1429 roboratur.

127 1449 204 1500 Unde
226 1449 350 1498 Seneca:
366 1464 380 1494 a
397 1448 508 1498 Brevem
529 1447 578 1498 tibi
602 1447 660 1498 for-

126 1519 228 1569 mulam
248 1518 317 1568 dabo
334 1533 388 1584 qua
407 1530 432 1568 te
453 1519 581 1582 metiaris,
606 1534 659 1585 qua

125 1599 152 1640 te
166 1587 311 1655 perfectum
326 1603 383 1639 esse
397 1589 450 1653 jam
464 1591 572 1641 sentias.
583 1591 660 1641 Tunc

126 1660 239 1711 habebis
257 1669 334 1709 tuum
350 1660 462 1720 bonum,
481 1677 543 1712 cum
565 1662 650 1713 intelli

127 1748 173 1799 ges
201 1730 401 1782 infelicissimos
435 1747 494 1783 esse
525 1733 623 1784 felices.
645 1755 658 1782 n

127 1807 161 1858 Et
175 1806 272 1856 iterum
288 1823 296 1856 ι
311 1823 325 1852 n
337 1805 413 1856 Nihil
429 1817 469 1857 est
485 1806 622 1858 infelicius
633 1818 659 1859 et

127 1877 279 1928 dementius
305 1892 336 1927 eo
367 1877 410 1927 cui
442 1877 512 1927 nihil
536 1894 659 1945 unquam

128 1950 216 2001 evenit
243 1950 346 2000 adversi
354 1965 361 2013 ;
388 1966 442 2000 non
463 1949 539 2001 licuit
565 1951 604 2001 illi
632 1967 660 2002 se

128 2020 251 2086 experiri.
266 2040 280 2067 n
296 2021 329 2071 Et
351 2021 448 2070 iterum
463 2037 470 2070 ε
484 2039 497 2067 a
512 2022 551 2072 Te
571 2022 659 2088 judico

128 2094 269 2153 miserum,
291 2093 356 2158 quia
382 2109 437 2142 non
462 2093 538 2143 fuisti
557 2095 658 2157 miser,

127 2163 247 2215 transisti
270 2162 330 2213 sine
350 2164 500 2214 adversario
514 2164 595 2226 viam,
611 2181 661 2216 ne-

128 2250 173 2284 mo
197 2233 247 2284 scit
269 2232 335 2298 quid
356 2243 384 2283 tu
408 2233 536 2298 potueris,
563 2250 611 2285 nec
631 2246 661 2286 tu

127 2304 237 2370 quidem
253 2303 309 2369 ipse
328 2321 334 2354 :
356 2323 370 2352 a
390 2304 448 2355 haec
463 2306 573 2357 Seneca.
596 2306 662 2358 lnfe·

126 2375 215 2425 licitas
242 2389 306 2425 vero
337 2375 419 2439 hujus
444 2376 508 2427 vitae
531 2376 659 2428 Lazarum

127 2447 262 2512 purgavit·
281 2456 307 2496 et
328 2446 433 2498 felicem
448 2447 518 2499 fecit.
535 2449 661 2501 Pluribus

41 2517 44 2522 '
126 2517 227 2584 quippe
252 2517 339 2568 modis
373 2533 519 2584 purgamur
549 2519 577 2569 in
611 2520 662 2571 ista

126 2588 188 2639 vita.
207 2589 377 2651 Quibusdam
391 2591 466 2641 enim
483 2601 523 2642 est
538 2592 660 2658 purgatio

126 2661 258 2711 cruciatus
280 2662 416 2727 corporis,
442 2679 511 2729 quos
534 2663 573 2714 eis
596 2664 659 2714 mali

126 2729 247 2781 inferunt
255 2746 263 2794 ;
276 2731 413 2796 aliquibus
431 2732 590 2784 afflictiones
602 2750 661 2784 car-

128 2802 179 2861 nis,
205 2816 272 2867 quas
293 2801 346 2851 sibi
360 2802 412 2867 ipsi
434 2817 480 2868 per
494 2803 602 2867 jejunia,
618 2805 661 2854 vi-

127 2873 206 2940 gilias
228 2883 253 2922 et
281 2873 348 2924 alios
384 2874 489 2924 labores
515 2874 660 2940 ingerunt;

128 2943 290 3010 quibusdam
318 2960 380 2995 vero
408 2961 530 2996 carorum
552 2947 594 2997 vel
615 2962 662 2998 re·

128 3029 189 3064 rum
219 3013 343 3078 amissio;
374 3017 511 3082 aliquibus
545 3018 661 3079 dolores,

127 3085 168 3135 vel
181 3083 311 3149 aegritudo
318 3101 325 3148 ;
337 3085 499 3151 quibusdam
513 3088 609 3149 victus,
621 3089 663 3140 vel

126 3154 240 3205 vestitus
266 3165 386 3221 egestas;
415 3157 552 3223 aliquibus
576 3159 662 3225 ipsius

128 3225 223 3278 mortis
236 3227 375 3279 acerbitas.

163 3315 193 3350 12
220 3300 314 3348 Anisus
339 3315 479 3350 serenares
503 3317 610 3354 srarus.
631 3331 662 3340 -

127 3371 228 3422 Deinde
243 3371 415 3437 subjungitur
430 3390 436 3422 ι
454 3373 492 3423 Et
507 3374 534 3424 in
548 3373 590 3423 his
605 3388 663 3424 om·

126 3442 212 3504 nibus,
229 3442 256 3491 id
271 3452 312 3492 est
326 3442 395 3493 inter
416 3443 474 3494 haec
496 3444 587 3494 omnia
602 3460 662 3510 quae

126 3513 204 3578 petis,
219 3529 306 3564 unum
319 3522 360 3563 est
379 3514 452 3581 quod
472 3513 594 3581 impedit,
609 3515 662 3565 sci-

126 3581 187 3635 licet
213 3587 283 3652 quod
307 3586 376 3637 inter
397 3601 446 3638 nos
465 3593 492 3638 et
513 3602 562 3639 vos
580 3588 662 3639 chaos

126 3668 253 3721 magnum
281 3658 417 3718 firmatum
441 3664 489 3720 est,
510 3657 536 3707 id
558 3669 597 3709 est
622 3658 662 3708 di-

126 3729 223 3779 stantia
253 3745 352 3797 magna
375 3731 535 3782 meritorum
562 3742 588 3782 et
613 3741 663 3782 sta·

125 3806 204 3878 tuum
217 3799 321 3852 firmata
337 3813 390 3864 est,
406 3803 494 3868 rigore
505 3802 602 3853 divinae
616 3803 661 3868 ju-

126 3875 214 3929 stitiae,
234 3881 264 3920 ut
278 3871 454 3938 impossibilis
477 3872 512 3923 sit
534 3872 661 3925 transitus

429 266 602 317 SECUNDAE
617 263 741 315 PARTIS
755 263 872 315 CAPUT
883 265 952 314 XVI.

711 381 745 434 ab
760 397 814 431 uno
828 391 899 432 statu
914 381 942 431 in
959 380 1055 442 alium;
1076 379 1136 429 ideo
1153 379 1247 429 subdi-

708 461 761 511 tur,
776 458 804 502 ut
813 452 840 502 hi
853 453 898 517 qui
909 451 1000 502 volunt
1009 451 1069 500 hinc
1080 449 1198 501 transire
1208 450 1248 500 ad

709 537 766 586 vos,
791 538 841 574 non
865 523 980 590 possint,
1003 534 1085 586 neque
1109 521 1171 572 inde
1194 521 1247 571 huc

707 601 882 660 transmeare,
903 594 968 662 quia
998 593 1096 644 animae
1119 602 1247 660 separatae

710 679 774 720 sunt
791 680 864 721 extra
877 679 976 720 statum
989 667 1079 719 meriti
1093 677 1120 718 et
1133 666 1247 717 demeri-

710 739 740 790 ti.
761 740 839 791 Unde
862 740 1096 808 chrysostomus:
1111 755 1126 784 a
1146 736 1246 787 Videre

712 825 866 877 possumuS,
879 809 992 861 transire
1010 825 1065 859 non
1080 823 1244 874 possumus3

712 891 738 932 et
760 897 810 932 nos
821 881 956 932 ‘ridemus
971 879 1045 946 quod
1066 877 1245 944 perdidistis:

711 962 737 1004 et
759 963 850 1004 nostra
865 953 961 1019 gaudia
975 952 1142 1002 accumulant
1159 958 1248 1001 vestra

710 1036 852 1087 tormenta,
875 1037 901 1077 et
920 1035 1007 1076 vestra
1022 1032 1154 1076 tormenta
1169 1038 1247 1074 accu-

711 1099 816 1149 mulant
825 1108 917 1149 nostra
929 1098 1025 1164 gaudia
1039 1114 1046 1148 ε
1059 1116 1073 1144 n
1085 1097 1144 1146 haec
1159 1096 1248 1164 Chry·

711 1176 852 1222 sosiomuS.
890 1169 968 1228 Quod
999 1167 1117 1218 damnati
1147 1166 1247 1217 vellent

711 1241 802 1292 venire
817 1241 850 1291 ad
866 1241 958 1290 locum
980 1240 1136 1299 electorum,
1157 1235 1180 1288 si
1201 1251 1246 1289 es·

713 1323 755 1365 set
769 1313 907 1380 possibile,
932 1328 987 1362 non
1002 1321 1042 1363 est
1057 1311 1183 1371 dubium,
1201 1310 1248 1361 sed
1286 1352 1291 1362 .

713 1386 786 1453 quod
811 1385 888 1436 electi
912 1385 1012 1435 vellent
1035 1384 1073 1434 ire
1095 1383 1128 1433 ad
1155 1383 1247 1432 locum

711 1456 914 1517 damnatorum,
943 1470 997 1504 non
1022 1453 1145 1518 videtur3
1174 1452 1247 1502 unde

712 1536 752 1578 est
765 1527 918 1587 dicendum,
933 1525 1005 1592 quod
1021 1541 1075 1574 non
1095 1524 1196 1574 vellent
1210 1523 1248 1573 ire

712 1598 776 1649 illuc
799 1599 831 1648 ad
854 1597 1026 1654 manendum,
1041 1595 1139 1645 vellent
1156 1602 1247 1644 tamen

711 1669 775 1720 illuc
788 1668 887 1732 venire,
913 1667 935 1718 si
960 1677 1029 1718 esset
1051 1664 1191 1732 possibile,
1215 1665 1248 1715 ad

714 1742 880 1809 propinquos
895 1756 958 1791 suos
974 1740 1155 1790 liberandum.
1173 1738 1247 1789 Istud

712 1823 801 1863 tamen
820 1812 888 1861 velle
912 1810 1072 1875 intelligitur
1097 1809 1246 1859 secundum

711 1884 877 1933 voluntatem
896 1881 1024 1931 naturalis
1039 1878 1247 1945 compassionis,

712 1972 766 2006 non
789 1965 878 2007 autem
904 1953 1053 2004 secundum
1079 1954 1247 2004 voluntatem

713 2026 923 2085 deliberativam,
939 2023 968 2074 in
979 2038 1032 2090 qua
1042 2021 1248 2074 conformantur

712 2095 871 2160 simpliciter
889 2094 988 2144 divinae
1012 2092 1132 2158 justitiae,
1149 2103 1176 2142 et
1188 2092 1247 2142 dis·

713 2164 841 2232 positioni
874 2164 973 2215 divinae
1000 2162 1155 2214 voluntatis.
1186 2162 1247 2212 Noli

712 2252 775 2303 ergo
800 2234 910 2285 divitem
944 2234 1042 2285 imitari
1067 2233 1094 2282 in
1123 2232 1248 2299 superbia

712 2308 783 2367 vitae,
799 2306 871 2373 quia,
887 2316 917 2356 ut
933 2306 998 2356 dicit
1016 2304 1180 2371 Gregorius,
1193 2303 1248 2354 illic

714 2394 789 2431 cosa
809 2387 881 2428 sorte
895 2376 1044 2427 humilium
1062 2376 1147 2427 ludex
1169 2390 1247 2441 sepa-

714 2460 763 2508 rat,
778 2448 825 2515 qui
847 2464 876 2499 se
890 2447 935 2498 hic
951 2447 978 2498 in
1000 2447 1134 2513 superbiae
1156 2445 1247 2498 corni-

714 2520 764 2570 bus
790 2521 917 2582 exaltant;
953 2532 1040 2585 neque
1062 2516 1090 2566 in
1116 2516 1247 2583 concupi·

712 2589 812 2642 scentia
836 2587 931 2648 carnis,
975 2587 1028 2648 uia,
1043 2596 1074 2638 ut
1095 2586 1161 2638 dicit
1176 2586 1247 2638 idem

713 2660 878 2728 Gregorius,
905 2674 939 2708 no
988 2665 1103 2724 possunt
1132 2657 1181 2724 qui
1204 2655 1248 2708 hic

711 2731 896 2796 voluptatibus
919 2744 975 2780 suae
1001 2727 1090 2778 carnis
1116 2727 1247 2787 serviunt,

713 2802 768 2852 illic
782 2801 809 2850 in
824 2801 917 2851 ovium
934 2814 1014 2866 grege
1029 2797 1183 2862 numerari;
1198 2811 1248 2847 ne-

713 2888 766 2939 que
788 2871 816 2921 in
845 2869 1061 2938 concupiscentia
1092 2869 1247 2930 oculorum,

712 2943 785 3011 quia,
808 2953 838 2994 ut
859 2943 930 2993 idem
946 2942 1099 3009 Gregorius
1122 2949 1247 2999 testetur,

713 3030 826 3080 regnum
858 3014 986 3065 coelorum
1023 3011 1159 3078 percipere
1199 3026 1249 3061 ne-

713 3094 816 3154 queunt
836 3086 883 3152 qui
907 3085 952 3136 hic
973 3095 1030 3135 toto
1046 3083 1180 3134 desiderio
1191 3093 1248 3133 ter-

713 3175 770 3209 ram
783 3167 916 3224 quaerunt.
931 3157 970 3207 De
981 3155 1155 3224 qua‘avaritia
1167 3155 1249 3206 etiam

714 3230 934 3298 chrysostomus
968 3228 1020 3277 hoc
1052 3227 1110 3276 loco
1142 3225 1209 3277 dicit
1240 3242 1247 3275 z

714 3298 902 3365 «Ubicunque
925 3297 1032 3357 abieris,
1049 3296 1200 3362 philargios
1223 3306 1249 3346 et

713 3386 805 3422 avaros
832 3371 944 3438 punitos
967 3370 1072 3421 ridebis
1097 3386 1104 3420 ε
1125 3379 1152 3420 et
1178 3384 1249 3420 nuuc

713 3444 824 3510 quidem
847 3443 981 3494 audient:
998 3443 1090 3494 Chaos
1113 3449 1155 3494 est
1179 3442 1249 3493 inter

713 3529 762 3565 nos
780 3520 806 3564 et
823 3528 884 3577 vos;
906 3523 970 3564 tunc
990 3522 1079 3564 autem
1095 3528 1102 3562 i
1120 3512 1170 3575 Ite,
1189 3526 1249 3563 ma·

712 3665 790 3710 ratus
807 3665 849 3710 est
869 3660 984 3723 diabolo,
1005 3665 1031 3710 et
1051 3658 1159 3724 angelis
1181 3657 1248 3726 ejus,

712 3740 738 3782 et
752 3730 853 3798 ubique
867 3732 973 3782 abactos
991 3746 1038 3781 eos
1054 3731 1153 3799 aliquis
1170 3730 1249 3782 vide-

713 3800 760 3862 bit,
790 3812 816 3852 et
840 3817 974 3868 nusquam
997 3802 1087 3852 locum
1109 3800 1248 3860 habentes,

712 3889 794 3940 quam
821 3873 849 3924 in
875 3875 1035 3942 gehennam.
1069 3874 1135 3934 Quae
1158 3873 1249 3940 itaque
