<?xml version="1.0" encoding="UTF-8"?>
<!DOCTYPE html PUBLIC "-//W3C//DTD XHTML 1.0 Transitional//EN"
    "http://www.w3.org/TR/xhtml1/DTD/xhtml1-transitional.dtd">
<html xmlns="http://www.w3.org/1999/xhtml" xml:lang="en" lang="en">
 <head>
  <title>
</title>
<meta http-equiv="Content-Type" content="text/html;charset=utf-8" />
  <meta name='ocr-system' content='tesseract 3.04.00' />
  <meta name='ocr-capabilities' content='ocr_page ocr_carea ocr_par ocr_line ocrx_word'/>
</head>
<body>
  <div class='ocr_page' id='page_1' title='image "./vitajesuchristi01rigogoog_0148.png"; bbox 0 0 2632 4320; ppageno 0'>
   <div class='ocr_carea' id='block_1_1' title="bbox 310 260 860 356">
    <p class='ocr_par' dir='ltr' id='par_1_1' title="bbox 310 260 860 356">
     <span class='ocr_line' id='line_1_1' title="bbox 310 260 860 356; baseline 0.002 -1"><span class='ocrx_word' id='word_1_1' title='bbox 310 260 372 355; x_wconf 47' lang='lat' dir='ltr'>“DE</span> <span class='ocrx_word' id='word_1_2' title='bbox 396 300 702 354; x_wconf 82' lang='lat' dir='ltr'>RESUSCITATIONE</span> <span class='ocrx_word' id='word_1_3' title='bbox 723 304 860 356; x_wconf 75' lang='lat' dir='ltr'><strong>LAZARI.</strong></span> 
     </span>
    </p>
   </div>
   <div class='ocr_carea' id='block_1_2' title="bbox 10 420 572 3678">
    <p class='ocr_par' dir='ltr' id='par_1_2' title="bbox 28 420 572 1415">
     <span class='ocr_line' id='line_1_2' title="bbox 31 420 568 487; baseline -0.007 -13"><span class='ocrx_word' id='word_1_4' title='bbox 31 423 108 474; x_wconf 85' lang='lat' dir='ltr'>mitae</span> <span class='ocrx_word' id='word_1_5' title='bbox 120 421 204 474; x_wconf 88' lang='lat' dir='ltr'>etalii</span> <span class='ocrx_word' id='word_1_6' title='bbox 216 422 263 487; x_wconf 87' lang='lat' dir='ltr'>qui</span> <span class='ocrx_word' id='word_1_7' title='bbox 278 421 304 470; x_wconf 90' lang='lat' dir='ltr'>in</span> <span class='ocrx_word' id='word_1_8' title='bbox 320 420 397 472; x_wconf 82' lang='lat' dir='ltr'>domo</span> <span class='ocrx_word' id='word_1_9' title='bbox 409 427 497 485; x_wconf 74' lang='lat' dir='ltr'>eram,</span> <span class='ocrx_word' id='word_1_10' title='bbox 510 434 568 471; x_wconf 87' lang='lat' dir='ltr'>cum</span> 
     </span>
     <span class='ocr_line' id='line_1_3' title="bbox 31 492 567 559; baseline -0.009 -12"><span class='ocrx_word' id='word_1_11' title='bbox 31 496 164 548; x_wconf 82' lang='lat' dir='ltr'>vidissent</span> <span class='ocrx_word' id='word_1_12' title='bbox 174 493 297 544; x_wconf 85' lang='lat' dir='ltr'>Mariam</span> <span class='ocrx_word' id='word_1_13' title='bbox 306 493 473 559; x_wconf 79' lang='lat' dir='ltr'><em>festinanter</em></span> <span class='ocrx_word' id='word_1_14' title='bbox 481 492 567 554; x_wconf 81' lang='lat' dir='ltr'>abire,</span> 
     </span>
     <span class='ocr_line' id='line_1_4' title="bbox 30 562 570 629; baseline -0.011 -11"><span class='ocrx_word' id='word_1_15' title='bbox 30 565 119 617; x_wconf 80' lang='lat' dir='ltr'>secuti</span> <span class='ocrx_word' id='word_1_16' title='bbox 128 570 191 615; x_wconf 82' lang='lat' dir='ltr'>sunt</span> <span class='ocrx_word' id='word_1_17' title='bbox 205 579 274 626; x_wconf 86' lang='lat' dir='ltr'>eam,</span> <span class='ocrx_word' id='word_1_18' title='bbox 289 565 425 615; x_wconf 88' lang='lat' dir='ltr'>credentes</span> <span class='ocrx_word' id='word_1_19' title='bbox 441 562 506 629; x_wconf 89' lang='lat' dir='ltr'>quia</span> <span class='ocrx_word' id='word_1_20' title='bbox 519 563 570 614; x_wconf 88' lang='lat' dir='ltr'>iret</span> 
     </span>
     <span class='ocr_line' id='line_1_5' title="bbox 30 637 569 704; baseline -0.006 -15"><span class='ocrx_word' id='word_1_21' title='bbox 30 639 64 689; x_wconf 88' lang='lat' dir='ltr'>ad</span> <span class='ocrx_word' id='word_1_22' title='bbox 76 647 301 698; x_wconf 87' lang='lat' dir='ltr'><strong>monumentum,</strong></span> <span class='ocrx_word' id='word_1_23' title='bbox 311 647 341 687; x_wconf 91' lang='lat' dir='ltr'>ut</span> <span class='ocrx_word' id='word_1_24' title='bbox 354 637 391 687; x_wconf 90' lang='lat' dir='ltr'>ibi</span> <span class='ocrx_word' id='word_1_25' title='bbox 406 637 532 704; x_wconf 82' lang='lat' dir='ltr'>ploraret,</span> <span class='ocrx_word' id='word_1_26' title='bbox 543 645 569 686; x_wconf 91' lang='lat' dir='ltr'>et</span> 
     </span>
     <span class='ocr_line' id='line_1_6' title="bbox 32 707 567 775; baseline -0.004 -16"><span class='ocrx_word' id='word_1_27' title='bbox 32 709 182 761; x_wconf 83' lang='lat' dir='ltr'>nescientes</span> <span class='ocrx_word' id='word_1_28' title='bbox 206 708 279 775; x_wconf 91' lang='lat' dir='ltr'>quod</span> <span class='ocrx_word' id='word_1_29' title='bbox 305 707 360 758; x_wconf 91' lang='lat' dir='ltr'>illic</span> <span class='ocrx_word' id='word_1_30' title='bbox 385 709 464 758; x_wconf 84' lang='lat' dir='ltr'>iesus</span> <span class='ocrx_word' id='word_1_31' title='bbox 491 717 567 758; x_wconf 86' lang='lat' dir='ltr'>esset.</span> 
     </span>
     <span class='ocr_line' id='line_1_7' title="bbox 30 780 569 847; baseline -0.004 -15"><span class='ocrx_word' id='word_1_32' title='bbox 30 780 130 834; x_wconf 76' lang='lat' dir='ltr'>Divina</span> <span class='ocrx_word' id='word_1_33' title='bbox 155 791 246 831; x_wconf 89' lang='lat' dir='ltr'>autem</span> <span class='ocrx_word' id='word_1_34' title='bbox 273 781 443 847; x_wconf 89' lang='lat' dir='ltr'>providentia</span> <span class='ocrx_word' id='word_1_35' title='bbox 468 781 569 831; x_wconf 89' lang='lat' dir='ltr'>factum</span> 
     </span>
     <span class='ocr_line' id='line_1_8' title="bbox 31 852 569 918; baseline -0.002 -14"><span class='ocrx_word' id='word_1_36' title='bbox 31 863 125 904; x_wconf 85' lang='lat' dir='ltr'>estut</span> <span class='ocrx_word' id='word_1_37' title='bbox 148 867 208 902; x_wconf 88' lang='lat' dir='ltr'>eam</span> <span class='ocrx_word' id='word_1_38' title='bbox 228 862 414 918; x_wconf 87' lang='lat' dir='ltr'>sequerentur,</span> <span class='ocrx_word' id='word_1_39' title='bbox 430 852 504 918; x_wconf 94' lang='lat' dir='ltr'>quia,</span> <span class='ocrx_word' id='word_1_40' title='bbox 523 867 569 903; x_wconf 88' lang='lat' dir='ltr'>se-</span> 
     </span>
     <span class='ocr_line' id='line_1_9' title="bbox 28 923 569 989; baseline -0.004 -14"><span class='ocrx_word' id='word_1_41' title='bbox 28 924 151 975; x_wconf 87' lang='lat' dir='ltr'>cundum</span> <span class='ocrx_word' id='word_1_42' title='bbox 171 923 363 989; x_wconf 72' lang='lat' dir='ltr'>augustinum,</span> <span class='ocrx_word' id='word_1_43' title='bbox 386 923 443 974; x_wconf 83' lang='lat' dir='ltr'>haec</span> <span class='ocrx_word' id='word_1_44' title='bbox 466 923 569 975; x_wconf 85' lang='lat' dir='ltr'>occasio</span> 
     </span>
     <span class='ocr_line' id='line_1_10' title="bbox 31 994 571 1062; baseline 0.002 -16"><span class='ocrx_word' id='word_1_45' title='bbox 31 995 96 1047; x_wconf 92' lang='lat' dir='ltr'>fecit</span> <span class='ocrx_word' id='word_1_46' title='bbox 105 1006 136 1046; x_wconf 91' lang='lat' dir='ltr'>ut</span> <span class='ocrx_word' id='word_1_47' title='bbox 147 996 238 1062; x_wconf 91' lang='lat' dir='ltr'>plures</span> <span class='ocrx_word' id='word_1_48' title='bbox 247 994 286 1049; x_wconf 91' lang='lat' dir='ltr'>ibi</span> <span class='ocrx_word' id='word_1_49' title='bbox 297 1007 397 1056; x_wconf 90' lang='lat' dir='ltr'>essent,</span> <span class='ocrx_word' id='word_1_50' title='bbox 404 996 514 1062; x_wconf 88' lang='lat' dir='ltr'>quando</span> <span class='ocrx_word' id='word_1_51' title='bbox 523 997 571 1046; x_wconf 89' lang='lat' dir='ltr'>La-</span> 
     </span>
     <span class='ocr_line' id='line_1_11' title="bbox 30 1066 570 1134; baseline 0.002 -17"><span class='ocrx_word' id='word_1_52' title='bbox 30 1082 110 1118; x_wconf 88' lang='lat' dir='ltr'>zarus</span> <span class='ocrx_word' id='word_1_53' title='bbox 123 1066 268 1117; x_wconf 88' lang='lat' dir='ltr'>suscitatus</span> <span class='ocrx_word' id='word_1_54' title='bbox 288 1077 337 1127; x_wconf 87' lang='lat' dir='ltr'>est,</span> <span class='ocrx_word' id='word_1_55' title='bbox 353 1076 384 1117; x_wconf 90' lang='lat' dir='ltr'>ut</span> <span class='ocrx_word' id='word_1_56' title='bbox 400 1077 455 1117; x_wconf 88' lang='lat' dir='ltr'>tam</span> <span class='ocrx_word' id='word_1_57' title='bbox 469 1068 570 1134; x_wconf 86' lang='lat' dir='ltr'>grande</span> 
     </span>
     <span class='ocr_line' id='line_1_12' title="bbox 32 1136 570 1203; baseline 0.002 -16"><span class='ocrx_word' id='word_1_58' title='bbox 32 1137 194 1188; x_wconf 85' lang='lat' dir='ltr'><strong>miraculum</strong></span> <span class='ocrx_word' id='word_1_59' title='bbox 217 1136 389 1203; x_wconf 83' lang='lat' dir='ltr'>quatriduani</span> <span class='ocrx_word' id='word_1_60' title='bbox 405 1138 508 1189; x_wconf 88' lang='lat' dir='ltr'>mortui</span> <span class='ocrx_word' id='word_1_61' title='bbox 524 1153 570 1188; x_wconf 88' lang='lat' dir='ltr'>re-</span> 
     </span>
     <span class='ocr_line' id='line_1_13' title="bbox 31 1207 569 1274; baseline 0 -15"><span class='ocrx_word' id='word_1_62' title='bbox 31 1207 169 1274; x_wconf 86' lang='lat' dir='ltr'>surgentis</span> <span class='ocrx_word' id='word_1_63' title='bbox 185 1217 268 1258; x_wconf 90' lang='lat' dir='ltr'>testes</span> <span class='ocrx_word' id='word_1_64' title='bbox 282 1207 414 1274; x_wconf 87' lang='lat' dir='ltr'>plurimos</span> <span class='ocrx_word' id='word_1_65' title='bbox 427 1208 569 1259; x_wconf 88' lang='lat' dir='ltr'>inveniret.</span> 
     </span>
     <span class='ocr_line' id='line_1_14' title="bbox 32 1278 572 1344; baseline 0.006 -16"><span class='ocrx_word' id='word_1_66' title='bbox 32 1278 131 1330; x_wconf 76' lang='lat' dir='ltr'>Maria</span> <span class='ocrx_word' id='word_1_67' title='bbox 147 1293 224 1344; x_wconf 85' lang='lat' dir='ltr'>ergo,</span> <span class='ocrx_word' id='word_1_68' title='bbox 247 1293 305 1330; x_wconf 87' lang='lat' dir='ltr'>cum</span> <span class='ocrx_word' id='word_1_69' title='bbox 322 1279 438 1330; x_wconf 84' lang='lat' dir='ltr'>venisset</span> <span class='ocrx_word' id='word_1_70' title='bbox 448 1281 491 1331; x_wconf 82' lang='lat' dir='ltr'>ubi</span> <span class='ocrx_word' id='word_1_71' title='bbox 511 1287 572 1331; x_wconf 84' lang='lat' dir='ltr'>erat</span> 
     </span>
     <span class='ocr_line' id='line_1_15' title="bbox 30 1347 569 1415; baseline 0 -15"><span class='ocrx_word' id='word_1_72' title='bbox 30 1349 123 1411; x_wconf 77' lang='lat' dir='ltr'>lesus,</span> <span class='ocrx_word' id='word_1_73' title='bbox 143 1347 239 1399; x_wconf 86' lang='lat' dir='ltr'>videns</span> <span class='ocrx_word' id='word_1_74' title='bbox 249 1363 311 1399; x_wconf 93' lang='lat' dir='ltr'>eum</span> <span class='ocrx_word' id='word_1_75' title='bbox 324 1349 427 1415; x_wconf 84' lang='lat' dir='ltr'>cecidit,</span> <span class='ocrx_word' id='word_1_76' title='bbox 439 1365 471 1400; x_wconf 84' lang='lat' dir='ltr'>ex</span> <span class='ocrx_word' id='word_1_77' title='bbox 485 1351 569 1401; x_wconf 86' lang='lat' dir='ltr'>devo-</span> 
     </span>
    </p>

    <p class='ocr_par' dir='ltr' id='par_1_3' title="bbox 32 1421 570 1489">
     <span class='ocr_line' id='line_1_16' title="bbox 32 1421 570 1489; baseline 0.002 -18"><span class='ocrx_word' id='word_1_78' title='bbox 32 1421 117 1482; x_wconf 85' lang='lat' dir='ltr'>tione,</span> <span class='ocrx_word' id='word_1_79' title='bbox 131 1421 171 1471; x_wconf 85' lang='lat' dir='ltr'>ad</span> <span class='ocrx_word' id='word_1_80' title='bbox 175 1422 260 1486; x_wconf 85' lang='lat' dir='ltr'>pedes</span> <span class='ocrx_word' id='word_1_81' title='bbox 269 1422 334 1486; x_wconf 77' lang='lat' dir='ltr'>ejus,</span> <span class='ocrx_word' id='word_1_82' title='bbox 347 1423 417 1488; x_wconf 89' lang='lat' dir='ltr'>apud</span> <span class='ocrx_word' id='word_1_83' title='bbox 432 1438 502 1489; x_wconf 91' lang='lat' dir='ltr'>quos</span> <span class='ocrx_word' id='word_1_84' title='bbox 514 1423 570 1472; x_wconf 88' lang='lat' dir='ltr'>mi-</span> 
     </span>
    </p>

    <p class='ocr_par' dir='ltr' id='par_1_4' title="bbox 27 1493 571 2346">
     <span class='ocr_line' id='line_1_17' title="bbox 32 1493 569 1559; baseline 0.002 -15"><span class='ocrx_word' id='word_1_85' title='bbox 32 1493 208 1544; x_wconf 89' lang='lat' dir='ltr'>sericordiam</span> <span class='ocrx_word' id='word_1_86' title='bbox 233 1504 260 1543; x_wconf 90' lang='lat' dir='ltr'>et</span> <span class='ocrx_word' id='word_1_87' title='bbox 274 1505 445 1559; x_wconf 89' lang='lat' dir='ltr'>peccatorum</span> <span class='ocrx_word' id='word_1_88' title='bbox 462 1495 569 1545; x_wconf 88' lang='lat' dir='ltr'>veniam</span> 
     </span>
     <span class='ocr_line' id='line_1_18' title="bbox 32 1564 570 1629; baseline 0.004 -14"><span class='ocrx_word' id='word_1_89' title='bbox 32 1579 60 1616; x_wconf 89' lang='lat' dir='ltr'>se</span> <span class='ocrx_word' id='word_1_90' title='bbox 68 1573 183 1615; x_wconf 89' lang='lat' dir='ltr'>noverat</span> <span class='ocrx_word' id='word_1_91' title='bbox 192 1564 258 1615; x_wconf 88' lang='lat' dir='ltr'>alias</span> <span class='ocrx_word' id='word_1_92' title='bbox 268 1576 436 1616; x_wconf 90' lang='lat' dir='ltr'>consecutam</span> <span class='ocrx_word' id='word_1_93' title='bbox 444 1581 452 1629; x_wconf 92' lang='lat'>;</span> <span class='ocrx_word' id='word_1_94' title='bbox 462 1573 488 1616; x_wconf 83' lang='lat' dir='ltr'>at</span> <span class='ocrx_word' id='word_1_95' title='bbox 497 1567 570 1617; x_wconf 83' lang='lat' dir='ltr'>dixit</span> 
     </span>
     <span class='ocr_line' id='line_1_19' title="bbox 32 1637 568 1703; baseline 0.002 -14"><span class='ocrx_word' id='word_1_96' title='bbox 32 1639 65 1702; x_wconf 86' lang='lat' dir='ltr'>ei,</span> <span class='ocrx_word' id='word_1_97' title='bbox 75 1637 148 1689; x_wconf 88' lang='lat' dir='ltr'>sicut</span> <span class='ocrx_word' id='word_1_98' title='bbox 158 1646 185 1687; x_wconf 90' lang='lat' dir='ltr'>et</span> <span class='ocrx_word' id='word_1_99' title='bbox 198 1638 305 1688; x_wconf 84' lang='lat' dir='ltr'>Martha</span> <span class='ocrx_word' id='word_1_100' title='bbox 315 1638 418 1688; x_wconf 83' lang='lat' dir='ltr'>dixerat</span> <span class='ocrx_word' id='word_1_101' title='bbox 428 1656 435 1689; x_wconf 75' lang='grc' dir='ltr'><strong><em>ε</em></strong></span> <span class='ocrx_word' id='word_1_102' title='bbox 446 1640 568 1703; x_wconf 81' lang='lat' dir='ltr'>Domine,</span> 
     </span>
     <span class='ocr_line' id='line_1_20' title="bbox 33 1708 569 1775; baseline 0.007 -17"><span class='ocrx_word' id='word_1_103' title='bbox 33 1709 59 1759; x_wconf 84' lang='lat' dir='ltr'>si</span> <span class='ocrx_word' id='word_1_104' title='bbox 75 1708 187 1775; x_wconf 73' lang='lat' dir='ltr'>fuisses</span> <span class='ocrx_word' id='word_1_105' title='bbox 207 1708 259 1773; x_wconf 79' lang='lat' dir='ltr'>hic,</span> <span class='ocrx_word' id='word_1_106' title='bbox 286 1725 338 1760; x_wconf 86' lang='lat' dir='ltr'>non</span> <span class='ocrx_word' id='word_1_107' title='bbox 356 1715 429 1760; x_wconf 82' lang='lat' dir='ltr'>esset</span> <span class='ocrx_word' id='word_1_108' title='bbox 447 1716 569 1761; x_wconf 76' lang='lat' dir='ltr'>mortuns</span> 
     </span>
     <span class='ocr_line' id='line_1_21' title="bbox 27 1779 568 1849; baseline 0.004 -21"><span class='ocrx_word' id='word_1_109' title='bbox 27 1779 126 1845; x_wconf 70' lang='lat' dir='ltr'>frater</span> <span class='ocrx_word' id='word_1_110' title='bbox 147 1793 232 1830; x_wconf 82' lang='lat' dir='ltr'>mens.</span> <span class='ocrx_word' id='word_1_111' title='bbox 259 1780 299 1829; x_wconf 84' lang='lat' dir='ltr'>Ex</span> <span class='ocrx_word' id='word_1_112' title='bbox 317 1780 369 1830; x_wconf 93' lang='lat' dir='ltr'>hoc</span> <span class='ocrx_word' id='word_1_113' title='bbox 383 1790 473 1832; x_wconf 86' lang='lat' dir='ltr'>autem</span> <span class='ocrx_word' id='word_1_114' title='bbox 495 1782 568 1849; x_wconf 90' lang='lat' dir='ltr'>quod</span> 
     </span>
     <span class='ocr_line' id='line_1_22' title="bbox 32 1851 568 1920; baseline 0.004 -18"><span class='ocrx_word' id='word_1_115' title='bbox 32 1851 119 1902; x_wconf 87' lang='lat' dir='ltr'>Maria</span> <span class='ocrx_word' id='word_1_116' title='bbox 134 1851 173 1902; x_wconf 90' lang='lat' dir='ltr'>sic</span> <span class='ocrx_word' id='word_1_117' title='bbox 185 1851 324 1902; x_wconf 82' lang='lat' dir='ltr'>festinavit</span> <span class='ocrx_word' id='word_1_118' title='bbox 342 1853 375 1902; x_wconf 87' lang='lat' dir='ltr'>ad</span> <span class='ocrx_word' id='word_1_119' title='bbox 396 1868 468 1915; x_wconf 87' lang='lat' dir='ltr'>eum,</span> <span class='ocrx_word' id='word_1_120' title='bbox 488 1864 568 1920; x_wconf 87' lang='lat' dir='ltr'>patet,</span> 
     </span>
     <span class='ocr_line' id='line_1_23' title="bbox 32 1922 569 1991; baseline 0.006 -19"><span class='ocrx_word' id='word_1_121' title='bbox 32 1922 186 1972; x_wconf 88' lang='lat' dir='ltr'>secundum</span> <span class='ocrx_word' id='word_1_122' title='bbox 207 1924 398 1988; x_wconf 85' lang='lat' dir='ltr'>Augustinum,</span> <span class='ocrx_word' id='word_1_123' title='bbox 425 1924 498 1991; x_wconf 88' lang='lat' dir='ltr'>quod</span> <span class='ocrx_word' id='word_1_124' title='bbox 515 1940 569 1975; x_wconf 95' lang='lat' dir='ltr'>non</span> 
     </span>
     <span class='ocr_line' id='line_1_24' title="bbox 33 1994 571 2062; baseline 0.006 -18"><span class='ocrx_word' id='word_1_125' title='bbox 33 1994 110 2045; x_wconf 79' lang='lat' dir='ltr'>illam</span> <span class='ocrx_word' id='word_1_126' title='bbox 126 1995 302 2062; x_wconf 83' lang='lat' dir='ltr'>praevenisset</span> <span class='ocrx_word' id='word_1_127' title='bbox 317 1996 430 2059; x_wconf 83' lang='lat' dir='ltr'>Martha,</span> <span class='ocrx_word' id='word_1_128' title='bbox 448 1997 471 2046; x_wconf 90' lang='lat' dir='ltr'>si</span> <span class='ocrx_word' id='word_1_129' title='bbox 484 1997 508 2047; x_wconf 89' lang='lat' dir='ltr'>ei</span> <span class='ocrx_word' id='word_1_130' title='bbox 524 2013 571 2047; x_wconf 93' lang='lat' dir='ltr'>no·</span> 
     </span>
     <span class='ocr_line' id='line_1_25' title="bbox 34 2063 570 2118; baseline 0.006 -4"><span class='ocrx_word' id='word_1_131' title='bbox 34 2073 77 2114; x_wconf 90' lang='lat' dir='ltr'>tus</span> <span class='ocrx_word' id='word_1_132' title='bbox 91 2063 191 2115; x_wconf 87' lang='lat' dir='ltr'>fuisset</span> <span class='ocrx_word' id='word_1_133' title='bbox 203 2065 335 2117; x_wconf 85' lang='lat' dir='ltr'>adventus</span> <span class='ocrx_word' id='word_1_134' title='bbox 352 2067 437 2117; x_wconf 84' lang='lat' dir='ltr'>lesus.</span> <span class='ocrx_word' id='word_1_135' title='bbox 457 2068 506 2117; x_wconf 85' lang='lat' dir='ltr'>Per</span> <span class='ocrx_word' id='word_1_136' title='bbox 518 2067 570 2118; x_wconf 90' lang='lat' dir='ltr'>hoc</span> 
     </span>
     <span class='ocr_line' id='line_1_26' title="bbox 33 2134 568 2203; baseline 0.007 -19"><span class='ocrx_word' id='word_1_137' title='bbox 33 2134 114 2185; x_wconf 86' lang='lat' dir='ltr'>&#39;etiam</span> <span class='ocrx_word' id='word_1_138' title='bbox 129 2134 205 2203; x_wconf 91' lang='lat' dir='ltr'>quod</span> <span class='ocrx_word' id='word_1_139' title='bbox 221 2135 326 2185; x_wconf 82' lang='lat' dir='ltr'>Martha</span> <span class='ocrx_word' id='word_1_140' title='bbox 339 2146 366 2186; x_wconf 88' lang='lat' dir='ltr'>et</span> <span class='ocrx_word' id='word_1_141' title='bbox 377 2137 460 2188; x_wconf 85' lang='lat' dir='ltr'>Maria</span> <span class='ocrx_word' id='word_1_142' title='bbox 473 2137 568 2188; x_wconf 83' lang='lat' dir='ltr'>obvia-</span> 
     </span>
     <span class='ocr_line' id='line_1_27' title="bbox 35 2205 569 2274; baseline 0.007 -18"><span class='ocrx_word' id='word_1_143' title='bbox 35 2216 131 2256; x_wconf 77' lang='lat' dir='ltr'>verunt</span> <span class='ocrx_word' id='word_1_144' title='bbox 153 2205 289 2265; x_wconf 88' lang='lat' dir='ltr'>Domino,</span> <span class='ocrx_word' id='word_1_145' title='bbox 317 2223 371 2257; x_wconf 90' lang='lat' dir='ltr'>non</span> <span class='ocrx_word' id='word_1_146' title='bbox 386 2219 569 2274; x_wconf 84' lang='lat' dir='ltr'>exspectantes</span> 
     </span>
     <span class='ocr_line' id='line_1_28' title="bbox 34 2276 568 2346; baseline 0.006 -18"><span class='ocrx_word' id='word_1_147' title='bbox 34 2277 182 2329; x_wconf 76' lang='lat' dir='ltr'>adrentum</span> <span class='ocrx_word' id='word_1_148' title='bbox 206 2276 310 2343; x_wconf 89' lang='lat' dir='ltr'>ipsius,</span> <span class='ocrx_word' id='word_1_149' title='bbox 332 2279 410 2329; x_wconf 87' lang='lat' dir='ltr'>datur</span> <span class='ocrx_word' id='word_1_150' title='bbox 436 2279 568 2346; x_wconf 83' lang='lat' dir='ltr'>intelligi,</span> 
     </span>
    </p>

    <p class='ocr_par' dir='ltr' id='par_1_5' title="bbox 35 2349 569 2626">
     <span class='ocr_line' id='line_1_29' title="bbox 35 2349 568 2415; baseline 0.004 -16"><span class='ocrx_word' id='word_1_151' title='bbox 35 2349 106 2414; x_wconf 72' lang='lat' dir='ltr'>quod</span> <span class='ocrx_word' id='word_1_152' title='bbox 118 2363 184 2399; x_wconf 92' lang='lat' dir='ltr'>cum</span> <span class='ocrx_word' id='word_1_153' title='bbox 193 2349 321 2399; x_wconf 86' lang='lat' dir='ltr'>volumus</span> <span class='ocrx_word' id='word_1_154' title='bbox 330 2349 385 2400; x_wconf 87' lang='lat' dir='ltr'>Deo</span> <span class='ocrx_word' id='word_1_155' title='bbox 394 2351 568 2415; x_wconf 89' lang='lat' dir='ltr'>reconciliari,</span> 
     </span>
     <span class='ocr_line' id='line_1_30' title="bbox 35 2417 570 2488; baseline 0.013 -22"><span class='ocrx_word' id='word_1_156' title='bbox 35 2417 201 2469; x_wconf 87' lang='lat' dir='ltr'>debemus&#39;</span> <span class='ocrx_word' id='word_1_157' title='bbox 179 2434 203 2470; x_wconf 85' lang='lat' dir='ltr'>et</span> <span class='ocrx_word' id='word_1_158' title='bbox 219 2435 361 2470; x_wconf 86' lang='lat' dir='ltr'>occurrere</span> <span class='ocrx_word' id='word_1_159' title='bbox 377 2435 424 2486; x_wconf 89' lang='lat' dir='ltr'>per</span> <span class='ocrx_word' id='word_1_160' title='bbox 440 2423 570 2488; x_wconf 88' lang='lat' dir='ltr'>poeniten-</span> 
     </span>
     <span class='ocr_line' id='line_1_31' title="bbox 36 2487 569 2570; baseline 0.009 -32"><span class='ocrx_word' id='word_1_161' title='bbox 36 2487 108 2550; x_wconf 82' lang='lat' dir='ltr'>tiam,</span> <span class='ocrx_word' id='word_1_162' title='bbox 124 2498 269 2570; x_wconf 80' lang='lat' dir='ltr'>antequam</span> <span class='ocrx_word' id='word_1_163' title='bbox 294 2491 327 2540; x_wconf 89' lang='lat' dir='ltr'>ad</span> <span class='ocrx_word' id='word_1_164' title='bbox 349 2507 399 2542; x_wconf 90' lang='lat' dir='ltr'>nos</span> <span class='ocrx_word' id='word_1_165' title='bbox 418 2493 510 2542; x_wconf 76' lang='lat' dir='ltr'>veniat</span> <span class='ocrx_word' id='word_1_166' title='bbox 522 2509 569 2558; x_wconf 89' lang='lat' dir='ltr'>per</span> 
     </span>
     <span class='ocr_line' id='line_1_32' title="bbox 37 2557 568 2626; baseline 0.008 -18"><span class='ocrx_word' id='word_1_167' title='bbox 37 2557 198 2622; x_wconf 66' lang='lat' dir='ltr'>vindictam</span> <span class='ocrx_word' id='word_1_168' title='bbox 215 2559 281 2625; x_wconf 88' lang='lat' dir='ltr'>qnia</span> <span class='ocrx_word' id='word_1_169' title='bbox 293 2576 343 2610; x_wconf 90' lang='lat' dir='ltr'>nos</span> <span class='ocrx_word' id='word_1_170' title='bbox 360 2572 509 2626; x_wconf 88' lang='lat' dir='ltr'>peccatores</span> <span class='ocrx_word' id='word_1_171' title='bbox 519 2577 568 2612; x_wconf 90' lang='lat' dir='ltr'>su</span> 
     </span>
    </p>

    <p class='ocr_par' dir='ltr' id='par_1_6' title="bbox 38 2629 570 3186">
     <span class='ocr_line' id='line_1_33' title="bbox 38 2629 569 2696; baseline 0.011 -19"><span class='ocrx_word' id='word_1_172' title='bbox 38 2643 96 2680; x_wconf 86' lang='lat' dir='ltr'>mus</span> <span class='ocrx_word' id='word_1_173' title='bbox 110 2639 137 2680; x_wconf 84' lang='lat' dir='ltr'>et</span> <span class='ocrx_word' id='word_1_174' title='bbox 156 2629 309 2680; x_wconf 86' lang='lat' dir='ltr'>meruimus</span> <span class='ocrx_word' id='word_1_175' title='bbox 323 2631 526 2696; x_wconf 86' lang='lat' dir='ltr'>percussionem</span> <span class='ocrx_word' id='word_1_176' title='bbox 543 2641 569 2683; x_wconf 88' lang='lat' dir='ltr'>et</span> 
     </span>
     <span class='ocr_line' id='line_1_34' title="bbox 39 2700 570 2764; baseline 0.006 -14"><span class='ocrx_word' id='word_1_177' title='bbox 39 2712 149 2762; x_wconf 79' lang='lat' dir='ltr'>poenam.</span> <span class='ocrx_word' id='word_1_178' title='bbox 163 2700 258 2751; x_wconf 76' lang='lat' dir='ltr'>Cessat</span> <span class='ocrx_word' id='word_1_179' title='bbox 268 2711 369 2764; x_wconf 88' lang='lat' dir='ltr'>autem,</span> <span class='ocrx_word' id='word_1_180' title='bbox 384 2710 415 2751; x_wconf 94' lang='lat' dir='ltr'>ut</span> <span class='ocrx_word' id='word_1_181' title='bbox 430 2701 495 2752; x_wconf 87' lang='lat' dir='ltr'>dicit</span> <span class='ocrx_word' id='word_1_182' title='bbox 508 2704 570 2753; x_wconf 75' lang='lat' dir='ltr'>Am-</span> 
     </span>
     <span class='ocr_line' id='line_1_35' title="bbox 41 2770 568 2838; baseline 0.008 -14"><span class='ocrx_word' id='word_1_183' title='bbox 41 2770 147 2836; x_wconf 67' lang='lat' dir='ltr'>horim,</span> <span class='ocrx_word' id='word_1_184' title='bbox 171 2773 265 2824; x_wconf 88' lang='lat' dir='ltr'>divina</span> <span class='ocrx_word' id='word_1_185' title='bbox 277 2773 402 2838; x_wconf 76' lang='lat' dir='ltr'>vindicta,</span> <span class='ocrx_word' id='word_1_186' title='bbox 423 2774 445 2824; x_wconf 88' lang='lat' dir='ltr'>si</span> <span class='ocrx_word' id='word_1_187' title='bbox 460 2775 568 2828; x_wconf 86' lang='lat' dir='ltr'>confes-</span> 
     </span>
     <span class='ocr_line' id='line_1_36' title="bbox 42 2841 569 2909; baseline 0.015 -17"><span class='ocrx_word' id='word_1_188' title='bbox 42 2841 78 2892; x_wconf 88' lang='lat' dir='ltr'>tio</span> <span class='ocrx_word' id='word_1_189' title='bbox 89 2854 234 2909; x_wconf 74' lang='lat' dir='ltr'>praecurrat</span> <span class='ocrx_word' id='word_1_190' title='bbox 248 2845 382 2908; x_wconf 88' lang='lat' dir='ltr'>humana;</span> <span class='ocrx_word' id='word_1_191' title='bbox 399 2857 425 2897; x_wconf 90' lang='lat' dir='ltr'>et</span> <span class='ocrx_word' id='word_1_192' title='bbox 443 2863 505 2898; x_wconf 88' lang='lat' dir='ltr'>cum</span> <span class='ocrx_word' id='word_1_193' title='bbox 517 2865 569 2900; x_wconf 92' lang='lat' dir='ltr'>vo-</span> 
     </span>
     <span class='ocr_line' id='line_1_37' title="bbox 41 2911 567 2978; baseline 0.015 -16"><span class='ocrx_word' id='word_1_194' title='bbox 41 2911 124 2964; x_wconf 88' lang='lat' dir='ltr'>lumus</span> <span class='ocrx_word' id='word_1_195' title='bbox 136 2913 248 2965; x_wconf 88' lang='lat' dir='ltr'>Christo</span> <span class='ocrx_word' id='word_1_196' title='bbox 261 2915 324 2978; x_wconf 89' lang='lat' dir='ltr'>frui,</span> <span class='ocrx_word' id='word_1_197' title='bbox 340 2931 401 2967; x_wconf 90' lang='lat' dir='ltr'>eum</span> <span class='ocrx_word' id='word_1_198' title='bbox 415 2918 567 2970; x_wconf 86' lang='lat' dir='ltr'>venientem</span> 
     </span>
     <span class='ocr_line' id='line_1_38' title="bbox 42 2984 567 3062; baseline 0.013 -28"><span class='ocrx_word' id='word_1_199' title='bbox 42 2984 221 3062; x_wconf 76' lang='lat' dir='ltr'>mdcipemus,</span> <span class='ocrx_word' id='word_1_200' title='bbox 232 3003 287 3037; x_wconf 92' lang='lat' dir='ltr'>non</span> <span class='ocrx_word' id='word_1_201' title='bbox 297 2997 483 3054; x_wconf 81' lang='lat' dir='ltr'>exspectantes</span> <span class='ocrx_word' id='word_1_202' title='bbox 493 2992 567 3057; x_wconf 91' lang='lat' dir='ltr'>quod</span> 
     </span>
     <span class='ocr_line' id='line_1_39' title="bbox 44 3051 567 3120; baseline 0.01 -14"><span class='ocrx_word' id='word_1_203' title='bbox 44 3051 92 3118; x_wconf 76' lang='lat' dir='ltr'>ipsc</span> <span class='ocrx_word' id='word_1_204' title='bbox 111 3056 194 3107; x_wconf 89' lang='lat' dir='ltr'>nobis</span> <span class='ocrx_word' id='word_1_205' title='bbox 221 3058 423 3120; x_wconf 85' lang='lat' dir='ltr'>condescendat,</span> <span class='ocrx_word' id='word_1_206' title='bbox 447 3061 493 3110; x_wconf 90' lang='lat' dir='ltr'>sed</span> <span class='ocrx_word' id='word_1_207' title='bbox 516 3077 567 3112; x_wconf 86' lang='lat' dir='ltr'>nos</span> 
     </span>
     <span class='ocr_line' id='line_1_40' title="bbox 45 3125 436 3186; baseline 0.008 -9"><span class='ocrx_word' id='word_1_208' title='bbox 45 3125 123 3186; x_wconf 71' lang='lat' dir='ltr'>totius</span> <span class='ocrx_word' id='word_1_209' title='bbox 135 3128 172 3178; x_wconf 86' lang='lat' dir='ltr'>ad</span> <span class='ocrx_word' id='word_1_210' title='bbox 188 3142 252 3178; x_wconf 89' lang='lat' dir='ltr'>eum</span> <span class='ocrx_word' id='word_1_211' title='bbox 267 3128 436 3181; x_wconf 81' lang='lat' dir='ltr'>festinemus.</span> 
     </span>
    </p>

    <p class='ocr_par' dir='ltr' id='par_1_7' title="bbox 10 3194 566 3462">
     <span class='ocr_line' id='line_1_41' title="bbox 10 3194 566 3265; baseline 0.013 -18"><span class='ocrx_word' id='word_1_212' title='bbox 10 3258 13 3265; x_wconf 33' lang='grc' dir='ltr'>Ι</span> <span class='ocrx_word' id='word_1_213' title='bbox 69 3194 237 3259; x_wconf 62' lang='lat' dir='ltr'>stantius,</span> <span class='ocrx_word' id='word_1_214' title='bbox 248 3216 383 3252; x_wconf 76' lang='lat' dir='ltr'>rusentio</span> <span class='ocrx_word' id='word_1_215' title='bbox 393 3219 428 3252; x_wconf 83' lang='lat' dir='ltr'>sr</span> <span class='ocrx_word' id='word_1_216' title='bbox 438 3219 566 3253; x_wconf 69' lang='lat' dir='ltr'>taanenu</span> 
     </span>
     <span class='ocr_line' id='line_1_42' title="bbox 47 3264 566 3339; baseline 0.01 -19"><span class='ocrx_word' id='word_1_217' title='bbox 47 3264 190 3322; x_wconf 47' lang='lat' dir='ltr'>interre-</span> <span class='ocrx_word' id='word_1_218' title='bbox 199 3273 282 3322; x_wconf 84' lang='lat' dir='ltr'>Jesus</span> <span class='ocrx_word' id='word_1_219' title='bbox 293 3286 369 3339; x_wconf 84' lang='lat' dir='ltr'>ergo,</span> <span class='ocrx_word' id='word_1_220' title='bbox 386 3280 415 3324; x_wconf 87' lang='lat' dir='ltr'>ut</span> <span class='ocrx_word' id='word_1_221' title='bbox 426 3275 494 3325; x_wconf 74' lang='lat' dir='ltr'>vidit</span> <span class='ocrx_word' id='word_1_222' title='bbox 507 3289 566 3325; x_wconf 83' lang='lat' dir='ltr'>eam</span> 
     </span>
     <span class='ocr_line' id='line_1_43' title="bbox 44 3336 565 3462; baseline 0.006 -70"><span class='ocrx_word' id='word_1_223' title='bbox 44 3336 191 3462; x_wconf 48' lang='lat' dir='ltr'>mam,</span> <span class='ocrx_word' id='word_1_224' title='bbox 210 3343 312 3393; x_wconf 86' lang='lat' dir='ltr'>scilicet</span> <span class='ocrx_word' id='word_1_225' title='bbox 328 3343 449 3404; x_wconf 87' lang='lat' dir='ltr'>Mariam,</span> <span class='ocrx_word' id='word_1_226' title='bbox 463 3351 489 3395; x_wconf 83' lang='lat' dir='ltr'>et</span> <span class='ocrx_word' id='word_1_227' title='bbox 510 3346 565 3395; x_wconf 80' lang='lat' dir='ltr'>Ja-</span> 
     </span>
    </p>

    <p class='ocr_par' dir='ltr' id='par_1_8' title="bbox 46 3413 567 3678">
     <span class='ocr_line' id='line_1_44' title="bbox 161 3413 567 3466; baseline 0.01 -4"><span class='ocrx_word' id='word_1_228' title='bbox 161 3413 418 3464; x_wconf 80' lang='lat' dir='ltr'>ivenerantcnmea</span> <span class='ocrx_word' id='word_1_229' title='bbox 448 3415 567 3466; x_wconf 87' lang='lat' dir='ltr'>lorantes</span> 
     </span>
     <span class='ocr_line' id='line_1_45' title="bbox 46 3429 567 3568; baseline 0.004 -34"><span class='ocrx_word' id='word_1_230' title='bbox 46 3477 72 3529; x_wconf 69' lang='lat' dir='ltr'>dt</span> <span class='ocrx_word' id='word_1_231' title='bbox 79 3429 165 3535; x_wconf 47' lang='lat' dir='ltr'>mirqti</span> <span class='ocrx_word' id='word_1_232' title='bbox 173 3485 264 3568; x_wconf 83' lang='lat' dir='ltr'>amici,</span> <span class='ocrx_word' id='word_1_233' title='bbox 276 3485 417 3550; x_wconf 78' lang='lat' dir='ltr'>infremuit</span> <span class='ocrx_word' id='word_1_234' title='bbox 425 3429 501 3551; x_wconf 46' lang='lat' dir='ltr'>lipia</span> <span class='ocrx_word' id='word_1_235' title='bbox 483 3486 530 3536; x_wconf 86' lang='lat' dir='ltr'>itu</span> <span class='ocrx_word' id='word_1_236' title='bbox 540 3493 567 3536; x_wconf 88' lang='lat' dir='ltr'>et</span> 
     </span>
     <span class='ocr_line' id='line_1_46' title="bbox 47 3553 567 3623; baseline 0 -17"><span class='ocrx_word' id='word_1_237' title='bbox 47 3553 149 3606; x_wconf 76' lang='lat' dir='ltr'>triam</span> <span class='ocrx_word' id='word_1_238' title='bbox 157 3570 284 3623; x_wconf 81' lang='lat' dir='ltr'>setpsttm</span> <span class='ocrx_word' id='word_1_239' title='bbox 294 3556 445 3607; x_wconf 86' lang='lat' dir='ltr'>humanum</span> <span class='ocrx_word' id='word_1_240' title='bbox 458 3557 567 3607; x_wconf 88' lang='lat' dir='ltr'>demon·</span> 
     </span>
     <span class='ocr_line' id='line_1_47' title="bbox 47 3627 564 3678; baseline 0 0"><span class='ocrx_word' id='word_1_241' title='bbox 47 3632 120 3678; x_wconf 66' lang='lat' dir='ltr'>mos</span> <span class='ocrx_word' id='word_1_242' title='bbox 131 3627 282 3678; x_wconf 80' lang='lat' dir='ltr'>affectum</span> <span class='ocrx_word' id='word_1_243' title='bbox 275 3645 304 3678; x_wconf 86' lang='lat' dir='ltr'>ut</span> <span class='ocrx_word' id='word_1_244' title='bbox 319 3629 392 3678; x_wconf 90' lang='lat' dir='ltr'>luctu</span> <span class='ocrx_word' id='word_1_245' title='bbox 405 3627 564 3678; x_wconf 86' lang='lat' dir='ltr'>amicorum.</span> 
     </span>
    </p>
   </div>
   <div class='ocr_carea' id='block_1_3' title="bbox 47 3688 604 3764">
    <p class='ocr_par' dir='ltr' id='par_1_9' title="bbox 47 3688 604 3764">
     <span class='ocr_line' id='line_1_48' title="bbox 47 3688 604 3764; baseline 0.002 -15"><span class='ocrx_word' id='word_1_246' title='bbox 47 3688 193 3760; x_wconf 67' lang='lat' dir='ltr'>fremebat,</span> <span class='ocrx_word' id='word_1_247' title='bbox 218 3709 293 3749; x_wconf 84' lang='lat' dir='ltr'>extra</span> <span class='ocrx_word' id='word_1_248' title='bbox 319 3714 418 3749; x_wconf 89' lang='lat' dir='ltr'>sonum</span> <span class='ocrx_word' id='word_1_249' title='bbox 448 3699 565 3764; x_wconf 86' lang='lat' dir='ltr'>lugentis</span> <span class='ocrx_word' id='word_1_250' title='bbox 600 3709 604 3716; x_wconf 83' lang='lat'><em>&#39;</em></span> 
     </span>
    </p>
   </div>
   <div class='ocr_carea' id='block_1_4' title="bbox 47 3765 566 3979">
    <p class='ocr_par' dir='ltr' id='par_1_10' title="bbox 47 3765 566 3979">
     <span class='ocr_line' id='line_1_49' title="bbox 47 3765 566 3840; baseline 0.008 -24"><span class='ocrx_word' id='word_1_251' title='bbox 47 3765 170 3832; x_wconf 64' lang='lat' dir='ltr'>mittem</span> <span class='ocrx_word' id='word_1_252' title='bbox 192 3769 380 3820; x_wconf 86' lang='lat' dir='ltr'>turbabatur</span> <span class='ocrx_word' id='word_1_253' title='bbox 373 3780 456 3830; x_wconf 81' lang='lat' dir='ltr'>intus,</span> <span class='ocrx_word' id='word_1_254' title='bbox 477 3770 566 3840; x_wconf 72' lang='lat' dir='ltr'>prise·</span> 
     </span>
     <span class='ocr_line' id='line_1_50' title="bbox 49 3834 566 3905; baseline 0.004 -15"><span class='ocrx_word' id='word_1_255' title='bbox 49 3834 102 3890; x_wconf 77' lang='lat' dir='ltr'>tiam</span> <span class='ocrx_word' id='word_1_256' title='bbox 114 3841 280 3894; x_wconf 85' lang='lat' dir='ltr'>conditionis</span> <span class='ocrx_word' id='word_1_257' title='bbox 294 3841 422 3905; x_wconf 79' lang='lat' dir='ltr'>humanae</span> <span class='ocrx_word' id='word_1_258' title='bbox 439 3842 566 3892; x_wconf 89' lang='lat' dir='ltr'>conside·</span> 
     </span>
     <span class='ocr_line' id='line_1_51' title="bbox 50 3914 564 3979; baseline 0.004 -17"><span class='ocrx_word' id='word_1_259' title='bbox 50 3919 106 3963; x_wconf 73' lang='lat' dir='ltr'>rats</span> <span class='ocrx_word' id='word_1_260' title='bbox 120 3914 257 3965; x_wconf 76' lang='lat' dir='ltr'>Turtam</span> <span class='ocrx_word' id='word_1_261' title='bbox 266 3927 303 3975; x_wconf 88' lang='lat' dir='ltr'>se,</span> <span class='ocrx_word' id='word_1_262' title='bbox 319 3928 401 3979; x_wconf 88' lang='lat' dir='ltr'>quem</span> <span class='ocrx_word' id='word_1_263' title='bbox 420 3914 489 3964; x_wconf 82' lang='lat' dir='ltr'>alius</span> <span class='ocrx_word' id='word_1_264' title='bbox 505 3923 564 3964; x_wconf 85' lang='lat' dir='ltr'>tur-</span> 
     </span>
    </p>
   </div>
   <div class='ocr_carea' id='block_1_5' title="bbox 1106 303 1158 371">
    <p class='ocr_par' dir='ltr' id='par_1_11' title="bbox 1106 303 1158 371">
     <span class='ocr_line' id='line_1_52' title="bbox 1106 303 1158 371; baseline 0.038 -19"><span class='ocrx_word' id='word_1_265' title='bbox 1106 303 1158 371; x_wconf 79' lang='lat'>¹39</span> 
     </span>
    </p>
   </div>
   <div class='ocr_carea' id='block_1_6' title="bbox 618 419 1159 3618">
    <p class='ocr_par' dir='ltr' id='par_1_12' title="bbox 618 419 1159 3618">
     <span class='ocr_line' id='line_1_53' title="bbox 622 419 1159 487; baseline 0.007 -19"><span class='ocrx_word' id='word_1_266' title='bbox 622 419 685 469; x_wconf 90' lang='lat' dir='ltr'>bare</span> <span class='ocrx_word' id='word_1_267' title='bbox 699 436 754 470; x_wconf 91' lang='lat' dir='ltr'>non</span> <span class='ocrx_word' id='word_1_268' title='bbox 769 422 867 487; x_wconf 86' lang='lat' dir='ltr'>potuit.</span> <span class='ocrx_word' id='word_1_269' title='bbox 884 422 941 472; x_wconf 90' lang='lat' dir='ltr'>Nos</span> <span class='ocrx_word' id='word_1_270' title='bbox 963 421 1106 471; x_wconf 86' lang='lat' dir='ltr'>turbamur</span> <span class='ocrx_word' id='word_1_271' title='bbox 1126 436 1159 472; x_wconf 84' lang='lat' dir='ltr'>ex</span> 
     </span>
     <span class='ocr_line' id='line_1_54' title="bbox 622 491 1158 558; baseline 0.007 -19"><span class='ocrx_word' id='word_1_272' title='bbox 622 491 787 553; x_wconf 82' lang='lat' dir='ltr'>necessitate,</span> <span class='ocrx_word' id='word_1_273' title='bbox 799 492 858 558; x_wconf 89' lang='lat' dir='ltr'>ipse</span> <span class='ocrx_word' id='word_1_274' title='bbox 864 503 954 543; x_wconf 87' lang='lat' dir='ltr'>autem</span> <span class='ocrx_word' id='word_1_275' title='bbox 964 508 997 544; x_wconf 84' lang='lat' dir='ltr'>ex</span> <span class='ocrx_word' id='word_1_276' title='bbox 1011 493 1158 543; x_wconf 86' lang='lat' dir='ltr'>voluntate.</span> 
     </span>
     <span class='ocr_line' id='line_1_55' title="bbox 622 562 1158 628; baseline 0.004 -17"><span class='ocrx_word' id='word_1_277' title='bbox 622 562 667 612; x_wconf 81' lang='lat' dir='ltr'>Sic</span> <span class='ocrx_word' id='word_1_278' title='bbox 682 577 778 613; x_wconf 78' lang='lat' dir='ltr'>omnes</span> <span class='ocrx_word' id='word_1_279' title='bbox 792 563 910 614; x_wconf 87' lang='lat' dir='ltr'>defectus</span> <span class='ocrx_word' id='word_1_280' title='bbox 922 563 1081 628; x_wconf 84' lang='lat' dir='ltr'>hujusmodi</span> <span class='ocrx_word' id='word_1_281' title='bbox 1096 577 1158 613; x_wconf 88' lang='lat' dir='ltr'>sus·</span> 
     </span>
     <span class='ocr_line' id='line_1_56' title="bbox 622 633 1159 700; baseline 0.002 -17"><span class='ocrx_word' id='word_1_282' title='bbox 622 633 700 700; x_wconf 85' lang='lat' dir='ltr'>cepit,</span> <span class='ocrx_word' id='word_1_283' title='bbox 719 633 783 699; x_wconf 90' lang='lat' dir='ltr'>quia</span> <span class='ocrx_word' id='word_1_284' title='bbox 805 634 900 684; x_wconf 81' lang='lat' dir='ltr'>voluit.</span> <span class='ocrx_word' id='word_1_285' title='bbox 922 635 1000 686; x_wconf 91' lang='lat' dir='ltr'>Unde</span> <span class='ocrx_word' id='word_1_286' title='bbox 1022 635 1159 700; x_wconf 82' lang='lat' dir='ltr'>Augusti-</span> 
     </span>
     <span class='ocr_line' id='line_1_57' title="bbox 622 706 1158 772; baseline 0.002 -18"><span class='ocrx_word' id='word_1_287' title='bbox 622 720 675 756; x_wconf 86' lang='lat' dir='ltr'>nus</span> <span class='ocrx_word' id='word_1_288' title='bbox 685 723 694 756; x_wconf 91' lang='grc'>.·</span> <span class='ocrx_word' id='word_1_289' title='bbox 706 725 720 752; x_wconf 76' lang='grc' dir='ltr'><strong><em>α</em></strong></span> <span class='ocrx_word' id='word_1_290' title='bbox 730 706 868 757; x_wconf 87' lang='lat' dir='ltr'>Turbatus</span> <span class='ocrx_word' id='word_1_291' title='bbox 884 716 925 756; x_wconf 80' lang='lat' dir='ltr'>est</span> <span class='ocrx_word' id='word_1_292' title='bbox 943 706 1078 765; x_wconf 87' lang='lat' dir='ltr'>Christus,</span> <span class='ocrx_word' id='word_1_293' title='bbox 1095 706 1158 772; x_wconf 82' lang='lat' dir='ltr'>quis</span> 
     </span>
     <span class='ocr_line' id='line_1_58' title="bbox 621 777 1158 844; baseline 0.004 -18"><span class='ocrx_word' id='word_1_294' title='bbox 621 777 722 840; x_wconf 90' lang='lat' dir='ltr'>voluit;</span> <span class='ocrx_word' id='word_1_295' title='bbox 749 777 880 839; x_wconf 85' lang='lat' dir='ltr'>esurivit,</span> <span class='ocrx_word' id='word_1_296' title='bbox 907 777 974 844; x_wconf 91' lang='lat' dir='ltr'>quia</span> <span class='ocrx_word' id='word_1_297' title='bbox 1009 778 1109 840; x_wconf 81' lang='lat' dir='ltr'>voluit;</span> <span class='ocrx_word' id='word_1_298' title='bbox 1130 779 1158 828; x_wconf 89' lang='lat' dir='ltr'>in</span> 
     </span>
     <span class='ocr_line' id='line_1_59' title="bbox 622 848 1158 915; baseline -0.002 -15"><span class='ocrx_word' id='word_1_299' title='bbox 622 848 695 900; x_wconf 89' lang='lat' dir='ltr'>illius</span> <span class='ocrx_word' id='word_1_300' title='bbox 710 858 842 915; x_wconf 85' lang='lat' dir='ltr'>potestate</span> <span class='ocrx_word' id='word_1_301' title='bbox 862 859 917 901; x_wconf 91' lang='lat' dir='ltr'>erat</span> <span class='ocrx_word' id='word_1_302' title='bbox 931 849 970 900; x_wconf 92' lang='lat' dir='ltr'>sic</span> <span class='ocrx_word' id='word_1_303' title='bbox 987 851 1029 900; x_wconf 92' lang='lat' dir='ltr'>vel</span> <span class='ocrx_word' id='word_1_304' title='bbox 1043 851 1082 899; x_wconf 91' lang='lat' dir='ltr'>sic</span> <span class='ocrx_word' id='word_1_305' title='bbox 1096 849 1158 900; x_wconf 87' lang='lat' dir='ltr'>affi-</span> 
     </span>
     <span class='ocr_line' id='line_1_60' title="bbox 621 921 1157 988; baseline 0.002 -17"><span class='ocrx_word' id='word_1_306' title='bbox 621 921 655 981; x_wconf 89' lang='lat' dir='ltr'>ci,</span> <span class='ocrx_word' id='word_1_307' title='bbox 677 924 719 973; x_wconf 87' lang='lat' dir='ltr'>vel</span> <span class='ocrx_word' id='word_1_308' title='bbox 742 939 797 973; x_wconf 93' lang='lat' dir='ltr'>non</span> <span class='ocrx_word' id='word_1_309' title='bbox 814 922 892 974; x_wconf 87' lang='lat' dir='ltr'>affici.</span> <span class='ocrx_word' id='word_1_310' title='bbox 908 943 923 970; x_wconf 74' lang='lat' dir='ltr'>n</span> <span class='ocrx_word' id='word_1_311' title='bbox 944 924 977 974; x_wconf 88' lang='lat' dir='ltr'>Et</span> <span class='ocrx_word' id='word_1_312' title='bbox 1000 931 1063 972; x_wconf 88' lang='lat' dir='ltr'>nota</span> <span class='ocrx_word' id='word_1_313' title='bbox 1084 923 1157 988; x_wconf 92' lang='lat' dir='ltr'>quod</span> 
     </span>
     <span class='ocr_line' id='line_1_61' title="bbox 622 993 1158 1062; baseline 0.002 -19"><span class='ocrx_word' id='word_1_314' title='bbox 622 993 745 1044; x_wconf 87' lang='lat' dir='ltr'>fremitus</span> <span class='ocrx_word' id='word_1_315' title='bbox 763 996 901 1062; x_wconf 86' lang='lat' dir='ltr'>consurgit</span> <span class='ocrx_word' id='word_1_316' title='bbox 921 1011 953 1047; x_wconf 87' lang='lat' dir='ltr'>ex</span> <span class='ocrx_word' id='word_1_317' title='bbox 972 994 1158 1060; x_wconf 89' lang='lat' dir='ltr'>indignatione</span> 
     </span>
     <span class='ocr_line' id='line_1_62' title="bbox 622 1064 1158 1131; baseline -0.002 -17"><span class='ocrx_word' id='word_1_318' title='bbox 622 1065 655 1115; x_wconf 88' lang='lat' dir='ltr'>ad</span> <span class='ocrx_word' id='word_1_319' title='bbox 680 1066 825 1131; x_wconf 82' lang='lat' dir='ltr'>objectum.</span> <span class='ocrx_word' id='word_1_320' title='bbox 857 1067 910 1118; x_wconf 89' lang='lat' dir='ltr'>Iste</span> <span class='ocrx_word' id='word_1_321' title='bbox 939 1081 1002 1131; x_wconf 87' lang='lat' dir='ltr'>ergo</span> <span class='ocrx_word' id='word_1_322' title='bbox 1031 1064 1158 1124; x_wconf 79' lang='lat' dir='ltr'>fremitus</span> 
     </span>
     <span class='ocr_line' id='line_1_63' title="bbox 622 1134 1158 1202; baseline -0.002 -16"><span class='ocrx_word' id='word_1_323' title='bbox 622 1136 725 1187; x_wconf 90' lang='lat' dir='ltr'>Christi</span> <span class='ocrx_word' id='word_1_324' title='bbox 744 1138 902 1202; x_wconf 87' lang='lat' dir='ltr'>procedebat</span> <span class='ocrx_word' id='word_1_325' title='bbox 916 1153 949 1188; x_wconf 79' lang='lat' dir='ltr'>ex</span> <span class='ocrx_word' id='word_1_326' title='bbox 972 1134 1158 1202; x_wconf 88' lang='lat' dir='ltr'>indignatione</span> 
     </span>
     <span class='ocr_line' id='line_1_64' title="bbox 623 1206 1158 1274; baseline -0.007 -15"><span class='ocrx_word' id='word_1_327' title='bbox 623 1209 679 1273; x_wconf 67' lang='lat' dir='ltr'>eius</span> <span class='ocrx_word' id='word_1_328' title='bbox 704 1219 798 1259; x_wconf 81' lang='lat' dir='ltr'>contra</span> <span class='ocrx_word' id='word_1_329' title='bbox 823 1209 979 1269; x_wconf 88' lang='lat' dir='ltr'>diabolum,</span> <span class='ocrx_word' id='word_1_330' title='bbox 1006 1223 1053 1274; x_wconf 89' lang='lat' dir='ltr'>per</span> <span class='ocrx_word' id='word_1_331' title='bbox 1080 1206 1158 1269; x_wconf 85' lang='lat' dir='ltr'>cujus</span> 
     </span>
     <span class='ocr_line' id='line_1_65' title="bbox 622 1280 1158 1346; baseline -0.006 -16"><span class='ocrx_word' id='word_1_332' title='bbox 622 1280 823 1346; x_wconf 85' lang='lat' dir='ltr'>suggestionem</span> <span class='ocrx_word' id='word_1_333' title='bbox 833 1298 907 1332; x_wconf 87' lang='lat' dir='ltr'>mors</span> <span class='ocrx_word' id='word_1_334' title='bbox 922 1282 1031 1332; x_wconf 83' lang='lat' dir='ltr'>intravit</span> <span class='ocrx_word' id='word_1_335' title='bbox 1043 1280 1072 1330; x_wconf 90' lang='lat' dir='ltr'>in</span> <span class='ocrx_word' id='word_1_336' title='bbox 1081 1294 1158 1328; x_wconf 92' lang='lat' dir='ltr'>mun-</span> 
     </span>
     <span class='ocr_line' id='line_1_66' title="bbox 622 1350 1156 1417; baseline 0 -18"><span class='ocrx_word' id='word_1_337' title='bbox 622 1350 696 1410; x_wconf 87' lang='lat' dir='ltr'>dum,</span> <span class='ocrx_word' id='word_1_338' title='bbox 719 1367 800 1417; x_wconf 90' lang='lat' dir='ltr'>quem</span> <span class='ocrx_word' id='word_1_339' title='bbox 820 1363 876 1404; x_wconf 87' lang='lat' dir='ltr'>erat</span> <span class='ocrx_word' id='word_1_340' title='bbox 897 1353 951 1404; x_wconf 90' lang='lat' dir='ltr'>cito</span> <span class='ocrx_word' id='word_1_341' title='bbox 966 1353 1156 1410; x_wconf 81' lang='lat' dir='ltr'>debellaturus.</span> 
     </span>
     <span class='ocr_line' id='line_1_67' title="bbox 623 1424 1156 1506; baseline 0.002 -33"><span class='ocrx_word' id='word_1_342' title='bbox 623 1424 755 1474; x_wconf 89' lang='lat' dir='ltr'>Turbatio</span> <span class='ocrx_word' id='word_1_343' title='bbox 772 1436 863 1477; x_wconf 89' lang='lat' dir='ltr'>autem</span> <span class='ocrx_word' id='word_1_344' title='bbox 882 1425 928 1477; x_wconf 89' lang='lat' dir='ltr'>illa</span> <span class='ocrx_word' id='word_1_345' title='bbox 942 1425 1109 1506; x_wconf 87' lang='lat' dir='ltr'>procedebat</span> <span class='ocrx_word' id='word_1_346' title='bbox 1123 1439 1156 1474; x_wconf 82' lang='lat' dir='ltr'>ex</span> 
     </span>
     <span class='ocr_line' id='line_1_68' title="bbox 622 1487 1155 1561; baseline 0 -17"><span class='ocrx_word' id='word_1_347' title='bbox 622 1495 808 1560; x_wconf 87' lang='lat' dir='ltr'>compassione</span> <span class='ocrx_word' id='word_1_348' title='bbox 816 1497 907 1547; x_wconf 85' lang='lat' dir='ltr'>Lazari</span> <span class='ocrx_word' id='word_1_349' title='bbox 917 1507 944 1547; x_wconf 88' lang='lat' dir='ltr'>et</span> <span class='ocrx_word' id='word_1_350' title='bbox 953 1512 1077 1547; x_wconf 90' lang='lat' dir='ltr'>sororum</span> <span class='ocrx_word' id='word_1_351' title='bbox 1088 1487 1155 1561; x_wconf 61' lang='lat' dir='ltr'>eius,</span> 
     </span>
     <span class='ocr_line' id='line_1_69' title="bbox 622 1565 1156 1632; baseline 0.004 -18"><span class='ocrx_word' id='word_1_352' title='bbox 622 1565 687 1630; x_wconf 89' lang='lat' dir='ltr'>quia</span> <span class='ocrx_word' id='word_1_353' title='bbox 699 1576 728 1616; x_wconf 92' lang='lat' dir='ltr'>ut</span> <span class='ocrx_word' id='word_1_354' title='bbox 744 1582 822 1617; x_wconf 90' lang='lat' dir='ltr'>verus</span> <span class='ocrx_word' id='word_1_355' title='bbox 839 1567 922 1617; x_wconf 92' lang='lat' dir='ltr'>homo</span> <span class='ocrx_word' id='word_1_356' title='bbox 934 1583 966 1618; x_wconf 85' lang='lat' dir='ltr'>ex</span> <span class='ocrx_word' id='word_1_357' title='bbox 980 1567 1096 1632; x_wconf 90' lang='lat' dir='ltr'>quadam</span> <span class='ocrx_word' id='word_1_358' title='bbox 1112 1581 1156 1616; x_wconf 86' lang='lat' dir='ltr'>na-</span> 
     </span>
     <span class='ocr_line' id='line_1_70' title="bbox 622 1637 1155 1698; baseline 0 -11"><span class='ocrx_word' id='word_1_359' title='bbox 622 1637 701 1688; x_wconf 89' lang='lat' dir='ltr'>turali</span> <span class='ocrx_word' id='word_1_360' title='bbox 711 1638 848 1688; x_wconf 86' lang='lat' dir='ltr'>affectione</span> <span class='ocrx_word' id='word_1_361' title='bbox 857 1639 937 1689; x_wconf 88' lang='lat' dir='ltr'>flebat</span> <span class='ocrx_word' id='word_1_362' title='bbox 945 1655 1007 1689; x_wconf 90' lang='lat' dir='ltr'>cum</span> <span class='ocrx_word' id='word_1_363' title='bbox 1017 1637 1155 1698; x_wconf 88' lang='lat' dir='ltr'>flentibus,</span> 
     </span>
     <span class='ocr_line' id='line_1_71' title="bbox 622 1707 1157 1774; baseline 0 -18"><span class='ocrx_word' id='word_1_364' title='bbox 622 1717 652 1757; x_wconf 92' lang='lat' dir='ltr'>ut</span> <span class='ocrx_word' id='word_1_365' title='bbox 666 1724 715 1758; x_wconf 92' lang='lat' dir='ltr'>nos</span> <span class='ocrx_word' id='word_1_366' title='bbox 730 1708 875 1758; x_wconf 81' lang='lat' dir='ltr'>instrueret</span> <span class='ocrx_word' id='word_1_367' title='bbox 890 1709 962 1774; x_wconf 91' lang='lat' dir='ltr'>quod</span> <span class='ocrx_word' id='word_1_368' title='bbox 977 1709 1092 1757; x_wconf 88' lang='lat' dir='ltr'>aliorum</span> <span class='ocrx_word' id='word_1_369' title='bbox 1105 1707 1157 1756; x_wconf 90' lang='lat' dir='ltr'>mi-</span> 
     </span>
     <span class='ocr_line' id='line_1_72' title="bbox 622 1778 1155 1844; baseline -0.002 -17"><span class='ocrx_word' id='word_1_370' title='bbox 622 1778 700 1828; x_wconf 87' lang='lat' dir='ltr'>seriis</span> <span class='ocrx_word' id='word_1_371' title='bbox 713 1779 829 1844; x_wconf 88' lang='lat' dir='ltr'>compati</span> <span class='ocrx_word' id='word_1_372' title='bbox 842 1779 981 1829; x_wconf 90' lang='lat' dir='ltr'>debemus.</span> <span class='ocrx_word' id='word_1_373' title='bbox 996 1779 1055 1828; x_wconf 82' lang='lat' dir='ltr'>istae</span> <span class='ocrx_word' id='word_1_374' title='bbox 1066 1789 1155 1829; x_wconf 88' lang='lat' dir='ltr'>tamen</span> 
     </span>
     <span class='ocr_line' id='line_1_73' title="bbox 621 1848 1155 1915; baseline -0.004 -17"><span class='ocrx_word' id='word_1_375' title='bbox 621 1848 762 1915; x_wconf 86' lang='lat' dir='ltr'>passiones</span> <span class='ocrx_word' id='word_1_376' title='bbox 780 1859 807 1900; x_wconf 87' lang='lat' dir='ltr'>et</span> <span class='ocrx_word' id='word_1_377' title='bbox 828 1849 983 1900; x_wconf 86' lang='lat' dir='ltr'>consimiles</span> <span class='ocrx_word' id='word_1_378' title='bbox 1007 1856 1155 1898; x_wconf 84' lang='lat' dir='ltr'>nouerant</span> 
     </span>
     <span class='ocr_line' id='line_1_74' title="bbox 622 1920 1155 1988; baseline -0.002 -17"><span class='ocrx_word' id='word_1_379' title='bbox 622 1922 650 1971; x_wconf 93' lang='lat' dir='ltr'>in</span> <span class='ocrx_word' id='word_1_380' title='bbox 664 1921 775 1973; x_wconf 89' lang='lat' dir='ltr'>Christo</span> <span class='ocrx_word' id='word_1_381' title='bbox 793 1922 907 1984; x_wconf 76' lang='lat' dir='ltr'>vitiosa,</span> <span class='ocrx_word' id='word_1_382' title='bbox 929 1923 975 1973; x_wconf 88' lang='lat' dir='ltr'>sed</span> <span class='ocrx_word' id='word_1_383' title='bbox 996 1922 1082 1988; x_wconf 85' lang='lat' dir='ltr'>magis</span> <span class='ocrx_word' id='word_1_384' title='bbox 1096 1920 1155 1971; x_wconf 87' lang='lat' dir='ltr'>vir·-</span> 
     </span>
     <span class='ocr_line' id='line_1_75' title="bbox 623 1991 1155 2059; baseline 0.002 -18"><span class='ocrx_word' id='word_1_385' title='bbox 623 2002 716 2049; x_wconf 83' lang='lat' dir='ltr'>tuosse,</span> <span class='ocrx_word' id='word_1_386' title='bbox 731 1993 796 2059; x_wconf 80' lang='lat' dir='ltr'>quia</span> <span class='ocrx_word' id='word_1_387' title='bbox 807 2010 860 2044; x_wconf 91' lang='lat' dir='ltr'>non</span> <span class='ocrx_word' id='word_1_388' title='bbox 873 2003 948 2044; x_wconf 85' lang='lat' dir='ltr'>erant</span> <span class='ocrx_word' id='word_1_389' title='bbox 960 1991 1155 2059; x_wconf 75' lang='lat' dir='ltr'>pravenientes</span> 
     </span>
     <span class='ocr_line' id='line_1_76' title="bbox 621 2064 1154 2131; baseline -0.002 -17"><span class='ocrx_word' id='word_1_390' title='bbox 621 2064 753 2129; x_wconf 78' lang='lat' dir='ltr'>judicium</span> <span class='ocrx_word' id='word_1_391' title='bbox 776 2065 906 2125; x_wconf 86' lang='lat' dir='ltr'>rationis,</span> <span class='ocrx_word' id='word_1_392' title='bbox 930 2067 975 2116; x_wconf 91' lang='lat' dir='ltr'>sed</span> <span class='ocrx_word' id='word_1_393' title='bbox 1002 2065 1088 2131; x_wconf 88' lang='lat' dir='ltr'>magis</span> <span class='ocrx_word' id='word_1_394' title='bbox 1108 2079 1154 2114; x_wconf 86' lang='lat' dir='ltr'>se-</span> 
     </span>
     <span class='ocr_line' id='line_1_77' title="bbox 622 2136 1155 2203; baseline -0.002 -18"><span class='ocrx_word' id='word_1_395' title='bbox 622 2145 734 2200; x_wconf 88' lang='lat' dir='ltr'>quentes</span> <span class='ocrx_word' id='word_1_396' title='bbox 748 2146 775 2185; x_wconf 90' lang='lat' dir='ltr'>et</span> <span class='ocrx_word' id='word_1_397' title='bbox 796 2152 845 2201; x_wconf 90' lang='lat' dir='ltr'>per</span> <span class='ocrx_word' id='word_1_398' title='bbox 857 2137 947 2203; x_wconf 89' lang='lat' dir='ltr'>ipsum</span> <span class='ocrx_word' id='word_1_399' title='bbox 959 2136 1086 2187; x_wconf 85' lang='lat' dir='ltr'>excitatae.</span> <span class='ocrx_word' id='word_1_400' title='bbox 1103 2136 1155 2185; x_wconf 83' lang='lat' dir='ltr'>Iste</span> 
     </span>
     <span class='ocr_line' id='line_1_78' title="bbox 621 2206 1156 2260; baseline 0.004 -4"><span class='ocrx_word' id='word_1_401' title='bbox 621 2210 685 2257; x_wconf 66' lang='lat' dir='ltr'>hero</span> <span class='ocrx_word' id='word_1_402' title='bbox 696 2206 822 2259; x_wconf 86' lang='lat' dir='ltr'>fremitus</span> <span class='ocrx_word' id='word_1_403' title='bbox 836 2219 863 2259; x_wconf 87' lang='lat' dir='ltr'>et</span> <span class='ocrx_word' id='word_1_404' title='bbox 883 2209 942 2260; x_wconf 81' lang='lat' dir='ltr'>haec</span> <span class='ocrx_word' id='word_1_405' title='bbox 963 2209 1082 2259; x_wconf 88' lang='lat' dir='ltr'>turbatio</span> <span class='ocrx_word' id='word_1_406' title='bbox 1105 2221 1156 2258; x_wconf 89' lang='lat' dir='ltr'>nos</span> 
     </span>
     <span class='ocr_line' id='line_1_79' title="bbox 622 2278 1155 2347; baseline 0.002 -20"><span class='ocrx_word' id='word_1_407' title='bbox 622 2279 708 2338; x_wconf 89' lang='lat' dir='ltr'>docet,</span> <span class='ocrx_word' id='word_1_408' title='bbox 720 2278 787 2344; x_wconf 89' lang='lat' dir='ltr'>quid</span> <span class='ocrx_word' id='word_1_409' title='bbox 805 2295 855 2330; x_wconf 90' lang='lat' dir='ltr'>nos</span> <span class='ocrx_word' id='word_1_410' title='bbox 875 2294 984 2347; x_wconf 91' lang='lat' dir='ltr'>quoque</span> <span class='ocrx_word' id='word_1_411' title='bbox 1004 2279 1032 2328; x_wconf 91' lang='lat' dir='ltr'>in</span> <span class='ocrx_word' id='word_1_412' title='bbox 1055 2278 1101 2328; x_wconf 89' lang='lat' dir='ltr'>tali</span> <span class='ocrx_word' id='word_1_413' title='bbox 1127 2293 1155 2328; x_wconf 87' lang='lat' dir='ltr'>re</span> 
     </span>
     <span class='ocr_line' id='line_1_80' title="bbox 621 2350 1155 2417; baseline 0.002 -19"><span class='ocrx_word' id='word_1_414' title='bbox 621 2363 699 2414; x_wconf 86' lang='lat' dir='ltr'>agere</span> <span class='ocrx_word' id='word_1_415' title='bbox 724 2350 887 2411; x_wconf 84' lang='lat' dir='ltr'>debeamus,</span> <span class='ocrx_word' id='word_1_416' title='bbox 911 2352 1019 2417; x_wconf 88' lang='lat' dir='ltr'>quando</span> <span class='ocrx_word' id='word_1_417' title='bbox 1038 2350 1080 2400; x_wconf 79' lang='lat' dir='ltr'>vel</span> <span class='ocrx_word' id='word_1_418' title='bbox 1106 2364 1155 2414; x_wconf 90' lang='lat' dir='ltr'>pro</span> 
     </span>
     <span class='ocr_line' id='line_1_81' title="bbox 622 2418 1154 2487; baseline 0.002 -19"><span class='ocrx_word' id='word_1_419' title='bbox 622 2420 778 2485; x_wconf 81' lang='lat' dir='ltr'>nobisipsis,</span> <span class='ocrx_word' id='word_1_420' title='bbox 793 2423 835 2472; x_wconf 79' lang='lat' dir='ltr'>vel</span> <span class='ocrx_word' id='word_1_421' title='bbox 850 2437 898 2487; x_wconf 90' lang='lat' dir='ltr'>pro</span> <span class='ocrx_word' id='word_1_422' title='bbox 913 2421 973 2470; x_wconf 90' lang='lat' dir='ltr'>aliis</span> <span class='ocrx_word' id='word_1_423' title='bbox 991 2421 1020 2470; x_wconf 91' lang='lat' dir='ltr'>in</span> <span class='ocrx_word' id='word_1_424' title='bbox 1040 2418 1154 2485; x_wconf 86' lang='lat' dir='ltr'>peccatis</span> 
     </span>
     <span class='ocr_line' id='line_1_82' title="bbox 621 2491 1153 2556; baseline -0.004 -17"><span class='ocrx_word' id='word_1_425' title='bbox 621 2492 736 2556; x_wconf 86' lang='lat' dir='ltr'>turpiter</span> <span class='ocrx_word' id='word_1_426' title='bbox 749 2491 909 2556; x_wconf 86' lang='lat' dir='ltr'>degentibus</span> <span class='ocrx_word' id='word_1_427' title='bbox 929 2491 1016 2539; x_wconf 86' lang='lat' dir='ltr'>Deum</span> <span class='ocrx_word' id='word_1_428' title='bbox 1033 2503 1153 2538; x_wconf 85' lang='lat' dir='ltr'>oramus.</span> 
     </span>
     <span class='ocr_line' id='line_1_83' title="bbox 621 2559 1153 2624; baseline -0.004 -13"><span class='ocrx_word' id='word_1_429' title='bbox 621 2561 671 2611; x_wconf 86' lang='lat' dir='ltr'>Est</span> <span class='ocrx_word' id='word_1_430' title='bbox 694 2570 783 2610; x_wconf 88' lang='lat' dir='ltr'>autern</span> <span class='ocrx_word' id='word_1_431' title='bbox 810 2560 942 2620; x_wconf 87' lang='lat' dir='ltr'>fremitus,</span> <span class='ocrx_word' id='word_1_432' title='bbox 966 2560 1083 2624; x_wconf 84' lang='lat' dir='ltr'>impetus</span> <span class='ocrx_word' id='word_1_433' title='bbox 1104 2559 1153 2609; x_wconf 84' lang='lat' dir='ltr'>irae</span> 
     </span>
     <span class='ocr_line' id='line_1_84' title="bbox 621 2632 1154 2700; baseline -0.004 -16"><span class='ocrx_word' id='word_1_434' title='bbox 621 2644 715 2685; x_wconf 88' lang='lat' dir='ltr'>contra</span> <span class='ocrx_word' id='word_1_435' title='bbox 731 2633 797 2684; x_wconf 90' lang='lat' dir='ltr'>vitia</span> <span class='ocrx_word' id='word_1_436' title='bbox 820 2649 1013 2700; x_wconf 79' lang='lat' dir='ltr'>prorumpens3</span> <span class='ocrx_word' id='word_1_437' title='bbox 1037 2632 1154 2683; x_wconf 87' lang='lat' dir='ltr'>turbatio</span> 
     </span>
     <span class='ocr_line' id='line_1_85' title="bbox 620 2703 1154 2770; baseline 0 -15"><span class='ocrx_word' id='word_1_438' title='bbox 620 2721 693 2765; x_wconf 84' lang='lat' dir='ltr'>vero,</span> <span class='ocrx_word' id='word_1_439' title='bbox 715 2705 838 2770; x_wconf 83' lang='lat' dir='ltr'>quaedam</span> <span class='ocrx_word' id='word_1_440' title='bbox 859 2704 945 2755; x_wconf 88' lang='lat' dir='ltr'>tristis</span> <span class='ocrx_word' id='word_1_441' title='bbox 968 2720 1029 2754; x_wconf 90' lang='lat' dir='ltr'>cum</span> <span class='ocrx_word' id='word_1_442' title='bbox 1052 2703 1154 2770; x_wconf 86' lang='lat' dir='ltr'>gemitu</span> 
     </span>
     <span class='ocr_line' id='line_1_86' title="bbox 621 2773 1155 2841; baseline 0.004 -17"><span class='ocrx_word' id='word_1_443' title='bbox 621 2775 709 2825; x_wconf 90' lang='lat' dir='ltr'>cordis</span> <span class='ocrx_word' id='word_1_444' title='bbox 723 2774 879 2826; x_wconf 76' lang='lat' dir='ltr'>commotio</span> <span class='ocrx_word' id='word_1_445' title='bbox 896 2776 930 2825; x_wconf 91' lang='lat' dir='ltr'>Et</span> <span class='ocrx_word' id='word_1_446' title='bbox 950 2774 1021 2841; x_wconf 54' lang='lat' dir='ltr'>quia.</span> <span class='ocrx_word' id='word_1_447' title='bbox 1035 2773 1102 2825; x_wconf 84' lang='lat' dir='ltr'>fides</span> <span class='ocrx_word' id='word_1_448' title='bbox 1120 2776 1155 2826; x_wconf 86' lang='lat' dir='ltr'>de</span> 
     </span>
     <span class='ocr_line' id='line_1_87' title="bbox 621 2844 1154 2905; baseline 0 -11"><span class='ocrx_word' id='word_1_449' title='bbox 621 2844 739 2905; x_wconf 83' lang='lat' dir='ltr'>Christo,</span> <span class='ocrx_word' id='word_1_450' title='bbox 764 2845 891 2896; x_wconf 88' lang='lat' dir='ltr'>Christus</span> <span class='ocrx_word' id='word_1_451' title='bbox 916 2855 956 2895; x_wconf 91' lang='lat' dir='ltr'>est</span> <span class='ocrx_word' id='word_1_452' title='bbox 979 2861 985 2894; x_wconf 73' lang='grc' dir='ltr'>ε</span> <span class='ocrx_word' id='word_1_453' title='bbox 1013 2845 1041 2894; x_wconf 95' lang='lat' dir='ltr'>in</span> <span class='ocrx_word' id='word_1_454' title='bbox 1074 2845 1154 2895; x_wconf 89' lang='lat' dir='ltr'>corde</span> 
     </span>
     <span class='ocr_line' id='line_1_88' title="bbox 620 2914 1153 2976; baseline 0.004 -12"><span class='ocrx_word' id='word_1_455' title='bbox 620 2914 711 2965; x_wconf 88' lang='lat' dir='ltr'>fremit</span> <span class='ocrx_word' id='word_1_456' title='bbox 722 2915 857 2976; x_wconf 88' lang='lat' dir='ltr'>Christus,</span> <span class='ocrx_word' id='word_1_457' title='bbox 875 2925 902 2966; x_wconf 87' lang='lat' dir='ltr'>et</span> <span class='ocrx_word' id='word_1_458' title='bbox 916 2916 1038 2966; x_wconf 88' lang='lat' dir='ltr'>turbatur</span> <span class='ocrx_word' id='word_1_459' title='bbox 1054 2916 1081 2965; x_wconf 91' lang='lat' dir='ltr'>in</span> <span class='ocrx_word' id='word_1_460' title='bbox 1098 2915 1153 2966; x_wconf 86' lang='lat' dir='ltr'>ho-</span> 
     </span>
     <span class='ocr_line' id='line_1_89' title="bbox 621 2988 1155 3055; baseline 0.006 -18"><span class='ocrx_word' id='word_1_461' title='bbox 621 2988 712 3048; x_wconf 89' lang='lat' dir='ltr'>mine,</span> <span class='ocrx_word' id='word_1_462' title='bbox 736 2989 846 3054; x_wconf 87' lang='lat' dir='ltr'>quando</span> <span class='ocrx_word' id='word_1_463' title='bbox 876 2999 997 3054; x_wconf 84' lang='lat' dir='ltr'>peccator</span> <span class='ocrx_word' id='word_1_464' title='bbox 1015 2998 1155 3055; x_wconf 88' lang='lat' dir='ltr'>computat</span> 
     </span>
     <span class='ocr_line' id='line_1_90' title="bbox 619 3058 1153 3126; baseline 0.006 -19"><span class='ocrx_word' id='word_1_465' title='bbox 619 3073 681 3125; x_wconf 82' lang='lat' dir='ltr'>quae</span> <span class='ocrx_word' id='word_1_466' title='bbox 692 3058 763 3109; x_wconf 91' lang='lat' dir='ltr'>bona</span> <span class='ocrx_word' id='word_1_467' title='bbox 776 3059 885 3126; x_wconf 88' lang='lat' dir='ltr'>accepit,</span> <span class='ocrx_word' id='word_1_468' title='bbox 901 3075 961 3126; x_wconf 82' lang='lat' dir='ltr'>qure</span> <span class='ocrx_word' id='word_1_469' title='bbox 976 3061 1045 3110; x_wconf 87' lang='lat' dir='ltr'>mala</span> <span class='ocrx_word' id='word_1_470' title='bbox 1059 3060 1153 3110; x_wconf 88' lang='lat' dir='ltr'>reddi-</span> 
     </span>
     <span class='ocr_line' id='line_1_91' title="bbox 619 3128 1154 3196; baseline 0.006 -19"><span class='ocrx_word' id='word_1_471' title='bbox 619 3129 668 3191; x_wconf 87' lang='lat' dir='ltr'>dit,</span> <span class='ocrx_word' id='word_1_472' title='bbox 693 3139 719 3178; x_wconf 83' lang='lat' dir='ltr'>et</span> <span class='ocrx_word' id='word_1_473' title='bbox 739 3128 772 3177; x_wconf 89' lang='lat' dir='ltr'>de</span> <span class='ocrx_word' id='word_1_474' title='bbox 790 3129 906 3194; x_wconf 87' lang='lat' dir='ltr'>peccatis</span> <span class='ocrx_word' id='word_1_475' title='bbox 924 3145 953 3180; x_wconf 87' lang='lat' dir='ltr'>se</span> <span class='ocrx_word' id='word_1_476' title='bbox 973 3129 1102 3196; x_wconf 88' lang='lat' dir='ltr'>increpat,</span> <span class='ocrx_word' id='word_1_477' title='bbox 1128 3140 1154 3181; x_wconf 91' lang='lat' dir='ltr'>et</span> 
     </span>
     <span class='ocr_line' id='line_1_92' title="bbox 620 3201 1154 3266; baseline 0 -15"><span class='ocrx_word' id='word_1_478' title='bbox 620 3201 801 3266; x_wconf 83' lang='lat' dir='ltr'>reprehendit.</span> <span class='ocrx_word' id='word_1_479' title='bbox 825 3203 864 3253; x_wconf 84' lang='lat' dir='ltr'>Et</span> <span class='ocrx_word' id='word_1_480' title='bbox 887 3203 961 3253; x_wconf 78' lang='lat' dir='ltr'>dixit</span> <span class='ocrx_word' id='word_1_481' title='bbox 986 3204 1025 3254; x_wconf 87' lang='lat' dir='ltr'>eis</span> <span class='ocrx_word' id='word_1_482' title='bbox 1048 3205 1126 3254; x_wconf 84' lang='lat' dir='ltr'>lesus</span> <span class='ocrx_word' id='word_1_483' title='bbox 1147 3219 1154 3251; x_wconf 79' lang='lat' dir='ltr'><strong><em>z</em></strong></span> 
     </span>
     <span class='ocr_line' id='line_1_93' title="bbox 624 3271 1153 3340; baseline 0.008 -19"><span class='ocrx_word' id='word_1_484' title='bbox 624 3271 676 3322; x_wconf 81' lang='lat' dir='ltr'>Ubi</span> <span class='ocrx_word' id='word_1_485' title='bbox 683 3273 817 3337; x_wconf 81' lang='lat' dir='ltr'>posuistis</span> <span class='ocrx_word' id='word_1_486' title='bbox 836 3273 919 3324; x_wconf 78' lang='lat' dir='ltr'>eum?</span> <span class='ocrx_word' id='word_1_487' title='bbox 935 3275 1092 3340; x_wconf 84' lang='lat' dir='ltr'>Interrogat,</span> <span class='ocrx_word' id='word_1_488' title='bbox 1105 3288 1153 3325; x_wconf 91' lang='lat' dir='ltr'>nec</span> 
     </span>
     <span class='ocr_line' id='line_1_94' title="bbox 620 3344 1154 3412; baseline 0 -17"><span class='ocrx_word' id='word_1_489' title='bbox 620 3344 741 3410; x_wconf 88' lang='lat' dir='ltr'>ignorat;</span> <span class='ocrx_word' id='word_1_490' title='bbox 756 3345 856 3411; x_wconf 90' lang='lat' dir='ltr'>inquo</span> <span class='ocrx_word' id='word_1_491' title='bbox 878 3347 992 3412; x_wconf 89' lang='lat' dir='ltr'>mystice</span> <span class='ocrx_word' id='word_1_492' title='bbox 1013 3347 1102 3396; x_wconf 89' lang='lat' dir='ltr'>innuit</span> <span class='ocrx_word' id='word_1_493' title='bbox 1125 3360 1154 3396; x_wconf 87' lang='lat' dir='ltr'>se</span> 
     </span>
     <span class='ocr_line' id='line_1_95' title="bbox 620 3415 1153 3482; baseline 0.002 -18"><span class='ocrx_word' id='word_1_494' title='bbox 620 3415 775 3479; x_wconf 76' lang='lat' dir='ltr'>hujusmodi</span> <span class='ocrx_word' id='word_1_495' title='bbox 789 3427 952 3482; x_wconf 74' lang='lat' dir='ltr'>peccatorem</span> <span class='ocrx_word' id='word_1_496' title='bbox 971 3418 1082 3476; x_wconf 87' lang='lat' dir='ltr'>nescire,</span> <span class='ocrx_word' id='word_1_497' title='bbox 1103 3431 1153 3466; x_wconf 92' lang='lat' dir='ltr'>cu-</span> 
     </span>
     <span class='ocr_line' id='line_1_96' title="bbox 618 3487 1151 3554; baseline -0.002 -18"><span class='ocrx_word' id='word_1_498' title='bbox 618 3487 735 3551; x_wconf 86' lang='lat' dir='ltr'>jusmodi</span> <span class='ocrx_word' id='word_1_499' title='bbox 756 3503 802 3553; x_wconf 90' lang='lat' dir='ltr'>per</span> <span class='ocrx_word' id='word_1_500' title='bbox 826 3490 955 3539; x_wconf 82' lang='lat' dir='ltr'>Lazarum</span> <span class='ocrx_word' id='word_1_501' title='bbox 975 3488 1151 3554; x_wconf 86' lang='lat' dir='ltr'>significatur.</span> 
     </span>
     <span class='ocr_line' id='line_1_97' title="bbox 622 3556 1152 3618; baseline -0.002 -10"><span class='ocrx_word' id='word_1_502' title='bbox 622 3558 695 3608; x_wconf 88' lang='lat' dir='ltr'>Unde</span> <span class='ocrx_word' id='word_1_503' title='bbox 710 3558 810 3609; x_wconf 85' lang='lat' dir='ltr'>Glossa</span> <span class='ocrx_word' id='word_1_504' title='bbox 828 3576 838 3609; x_wconf 90' lang='lat'>.·</span> <span class='ocrx_word' id='word_1_505' title='bbox 856 3578 869 3606; x_wconf 79' lang='lat' dir='ltr'>a</span> <span class='ocrx_word' id='word_1_506' title='bbox 885 3560 938 3618; x_wconf 89' lang='lat' dir='ltr'>Qui</span> <span class='ocrx_word' id='word_1_507' title='bbox 958 3559 1053 3608; x_wconf 88' lang='lat' dir='ltr'>absens</span> <span class='ocrx_word' id='word_1_508' title='bbox 1075 3556 1152 3607; x_wconf 87' lang='lat' dir='ltr'>scivit</span> 
     </span>
    </p>
   </div>
   <div class='ocr_carea' id='block_1_7' title="bbox 613 3629 1152 3694">
    <p class='ocr_par' dir='ltr' id='par_1_13' title="bbox 613 3629 1152 3694">
     <span class='ocr_line' id='line_1_98' title="bbox 613 3629 1152 3694; baseline 0.004 -16"><span class='ocrx_word' id='word_1_509' title='bbox 613 3640 767 3690; x_wconf 86' lang='lat' dir='ltr'>mortuum,</span> <span class='ocrx_word' id='word_1_510' title='bbox 783 3629 862 3680; x_wconf 87' lang='lat' dir='ltr'>scivit</span> <span class='ocrx_word' id='word_1_511' title='bbox 874 3631 920 3679; x_wconf 91' lang='lat' dir='ltr'>ubi</span> <span class='ocrx_word' id='word_1_512' title='bbox 936 3640 1006 3679; x_wconf 88' lang='lat' dir='ltr'>esset</span> <span class='ocrx_word' id='word_1_513' title='bbox 1021 3629 1152 3694; x_wconf 87' lang='lat' dir='ltr'>sepultus.</span> 
     </span>
    </p>
   </div>
   <div class='ocr_carea' id='block_1_8' title="bbox 619 3702 1152 3983">
    <p class='ocr_par' dir='ltr' id='par_1_14' title="bbox 619 3702 1152 3983">
     <span class='ocr_line' id='line_1_99' title="bbox 620 3702 1151 3767; baseline 0.002 -16"><span class='ocrx_word' id='word_1_514' title='bbox 620 3703 672 3752; x_wconf 86' lang='lat' dir='ltr'>Sed</span> <span class='ocrx_word' id='word_1_515' title='bbox 699 3702 738 3752; x_wconf 88' lang='lat' dir='ltr'>sic</span> <span class='ocrx_word' id='word_1_516' title='bbox 772 3703 877 3766; x_wconf 87' lang='lat' dir='ltr'>dicens,</span> <span class='ocrx_word' id='word_1_517' title='bbox 903 3702 991 3767; x_wconf 87' lang='lat' dir='ltr'>signat</span> <span class='ocrx_word' id='word_1_518' title='bbox 1020 3717 1049 3750; x_wconf 92' lang='lat' dir='ltr'>se</span> <span class='ocrx_word' id='word_1_519' title='bbox 1073 3702 1151 3766; x_wconf 87' lang='lat' dir='ltr'>quasi</span> 
     </span>
     <span class='ocr_line' id='line_1_100' title="bbox 620 3772 1152 3839; baseline 0.004 -17"><span class='ocrx_word' id='word_1_520' title='bbox 620 3773 724 3823; x_wconf 87' lang='lat' dir='ltr'>nescire</span> <span class='ocrx_word' id='word_1_521' title='bbox 737 3772 872 3839; x_wconf 90' lang='lat' dir='ltr'>perditum</span> <span class='ocrx_word' id='word_1_522' title='bbox 890 3772 1039 3822; x_wconf 90' lang='lat' dir='ltr'>hominem.</span> <span class='ocrx_word' id='word_1_523' title='bbox 1051 3792 1064 3819; x_wconf 79' lang='lat' dir='ltr'>n</span> <span class='ocrx_word' id='word_1_524' title='bbox 1076 3773 1152 3824; x_wconf 88' lang='lat' dir='ltr'>Unde</span> 
     </span>
     <span class='ocr_line' id='line_1_101' title="bbox 619 3842 1152 3906; baseline 0.004 -14"><span class='ocrx_word' id='word_1_525' title='bbox 619 3843 738 3893; x_wconf 88' lang='lat' dir='ltr'>dicitur:</span> <span class='ocrx_word' id='word_1_526' title='bbox 756 3845 819 3895; x_wconf 82' lang='lat' dir='ltr'>Non</span> <span class='ocrx_word' id='word_1_527' title='bbox 832 3842 894 3893; x_wconf 77' lang='lat' dir='ltr'>noni</span> <span class='ocrx_word' id='word_1_528' title='bbox 910 3857 975 3904; x_wconf 86' lang='lat' dir='ltr'>vos,·</span> <span class='ocrx_word' id='word_1_529' title='bbox 991 3852 1036 3893; x_wconf 88' lang='lat' dir='ltr'>et:</span> <span class='ocrx_word' id='word_1_530' title='bbox 1052 3842 1152 3906; x_wconf 83' lang='lat' dir='ltr'>Adam,</span> 
     </span>
     <span class='ocr_line' id='line_1_102' title="bbox 620 3912 1152 3983; baseline 0 -19"><span class='ocrx_word' id='word_1_531' title='bbox 620 3914 665 3964; x_wconf 74' lang='lat' dir='ltr'>nii</span> <span class='ocrx_word' id='word_1_532' title='bbox 680 3912 762 3964; x_wconf 72' lang='lat' dir='ltr'>esi...</span> <span class='ocrx_word' id='word_1_533' title='bbox 783 3914 884 3983; x_wconf 83' lang='lat' dir='ltr'>Dicunt</span> <span class='ocrx_word' id='word_1_534' title='bbox 898 3914 924 3964; x_wconf 86' lang='lat' dir='ltr'>ei</span> <span class='ocrx_word' id='word_1_535' title='bbox 934 3931 943 3964; x_wconf 91' lang='grc'>.·</span> <span class='ocrx_word' id='word_1_536' title='bbox 954 3913 1076 3979; x_wconf 84' lang='lat' dir='ltr'>Domine,</span> <span class='ocrx_word' id='word_1_537' title='bbox 1091 3913 1152 3965; x_wconf 79' lang='lat' dir='ltr'>veni</span> 
     </span>
    </p>
   </div>
   <div class='ocr_carea' id='block_1_9' title="bbox 0 0 1322 4320">
    <p class='ocr_par' dir='ltr' id='par_1_15' title="bbox 0 0 1322 4320">
     <span class='ocr_line' id='line_1_103' title="bbox 0 0 1322 4320; baseline 0 0"><span class='ocrx_word' id='word_1_538' title='bbox 0 0 1322 4320; x_wconf 95' lang='lat' dir='ltr'> </span> 
     </span>
    </p>
   </div>
  </div>
 </body>
</html>
