2632 4320
159 361 189 394 ro
469 341 643 395 SECUNDAE
658 340 784 392 PARTIS
801 338 918 392 CAPUT
934 338 966 389 ΙΙ.

153 472 181 511 et
193 461 284 511 nullus
298 473 381 526 prope
396 468 423 510 te
440 468 511 510 stare
523 459 622 526 poterit
641 459 690 509 im-
744 466 771 507 et
795 455 953 523 pestiferum
975 454 1077 505 vulnus
1108 452 1222 518 aceepit,
1250 462 1277 504 et

156 532 320 581 mundorum
336 530 503 589 daemonum,
525 531 620 581 videns
638 545 689 580 en·
743 545 874 596 nrmaper
884 543 946 595 qum
953 527 1203 579 ornnem·rirtutem
1218 525 1277 589 eius

155 619 213 653 sem
242 613 269 654 et
302 601 423 670 gladium
449 602 478 654 in
499 619 556 670 quo
581 604 688 670 pingam
744 602 871 654 Christus
882 601 974 653 solvit.
988 619 1005 647 e

647 800 783 851 ORATIO

187 950 302 1001 Domine
316 951 379 1001 Jesu
393 951 511 1013 Christe,
532 967 613 1020 quem
631 953 724 1003 beatus
737 952 834 1004 Petrus
852 967 946 1003 verum
964 950 1014 1001 Dei
1027 949 1130 1000 Filium
1142 957 1186 998 est
1198 963 1268 997 oon-

153 1023 250 1083 fessus,
264 1035 291 1074 te
303 1040 423 1092 quoque,
444 1040 494 1092 ego
517 1025 656 1092 indignus,
682 1037 739 1078 toto
758 1028 837 1078 eorde
852 1037 880 1078 et
902 1041 948 1076 ore
970 1023 1108 1082 confiteor,
1123 1022 1187 1088 quia
1199 1032 1231 1072 tu
1244 1035 1273 1071 es

154 1094 279 1146 Christus
302 1097 388 1147 Filius
401 1096 448 1146 Dei
463 1097 516 1147 vivi
528 1098 636 1162 aetemi3
651 1108 679 1149 et
690 1113 755 1165 rogo
767 1109 801 1158 te,
815 1098 931 1148 Domine
945 1093 1162 1152 clementissime,
1176 1094 1212 1142 da
1225 1090 1275 1141 mi·

155 1166 184 1216 hi
202 1177 231 1217 ut
247 1184 328 1234 opere
341 1178 367 1218 te
382 1169 518 1233 confitear,
532 1179 559 1220 et
574 1168 652 1221 lactis
666 1186 721 1220 non
735 1171 857 1237 negando
874 1167 963 1219 fidelis
976 1166 1109 1225 inveniar,
1136 1175 1273 1231 quatenus

155 1237 370 1290 benedictionem
393 1250 466 1291 tuam
495 1258 645 1308 consequar
665 1259 726 1293 cum
750 1244 836 1302 Petro,
854 1257 884 1293 sc
908 1241 1005 1291 firmus
1028 1239 1057 1289 in
1079 1237 1133 1287 fide
1151 1247 1178 1287 et
1191 1249 1273 1302 opere

153 1326 326 1375 permaneam
341 1328 404 1363 cum
420 1313 489 1378 ipso.
507 1314 547 1365 Da
564 1314 645 1364 etiam
660 1313 739 1373 mihi,
757 1315 813 1365 Rex
828 1323 946 1364 meuset
966 1313 1038 1362 Deus
1052 1325 1139 1369 meus,
1153 1318 1183 1358 ut
1205 1323 1274 1358 eon·

154 1379 288 1432 formitate
296 1383 445 1434 voluntatis
460 1393 485 1434 te
496 1385 635 1451 sequendo
649 1385 844 1450 beneplacitum
857 1395 936 1435 tuum
945 1383 976 1433 in
988 1383 1117 1433 omnibus
1127 1377 1273 1445 perficiem,

154 1454 312 1506 omnimode
326 1457 361 1506 ab
375 1455 476 1507 offensa
492 1468 538 1509 tua
551 1457 702 1508 abstineam
709 1475 720 1522 ·;
739 1467 766 1509 et
787 1458 925 1524 situsque
939 1457 967 1507 in
981 1455 1074 1518 finem,
1087 1465 1114 1504 te
1134 1451 1273 1517 largiente,

154 1540 330 1589 perseverem.
345 1529 442 1578 Amen.

599 1830 766 1902 CAPUT
794 1831 829 1901 ll

301 2077 354 2144 De
373 2028 616 2149 exhortatione
636 2081 685 2148 ad
702 2083 908 2171 sequendum
929 2078 1124 2156 Christum,

431 2205 465 2264 et
489 2217 562 2264 sure
582 2195 768 2265 Passionis
788 2195 990 2288 exemplum.

554 2447 699 2510 Matthaei
717 2467 784 2530 cap.
804 2449 853 2510 16.

736 2704 762 2746 et
790 2695 859 2745 bene
883 2693 949 2745 dicit
980 2692 1052 2754 vult,
1079 2689 1144 2757 quia
1174 2686 1274 2738 nemi-

736 2780 798 2815 nem
818 2765 897 2831 cogit,
913 2765 959 2814 sed
976 2761 1101 2819 consulit,
1122 2768 1149 2808 et
1166 2773 1274 2808 unum-

184 2707 194 2741 1
216 2693 329 2744 Ικνιτυκ
345 2710 398 2744 ron
418 2709 489 2745 vuer
504 2696 636 2747 nonnos.
651 2725 681 2735 -

153 2764 296 2830 Postquam
314 2764 449 2816 Dominus
463 2766 604 2831 discipulis
621 2784 682 2833 my-

144 2837 261 2887 sterium
275 2853 331 2889 suae
345 2838 481 2891 Passionis
494 2850 595 2891 secreto
610 2855 681 2907 prat-

146 2908 225 2971 dixit,
240 2921 367 2961 convocat
386 2912 492 2971 turbam
510 2928 572 2963 cum
588 2912 640 2976 eis;
656 2922 683 2963 et

148 2989 200 3028 tam
225 2979 299 3045 ipsos
321 2982 468 3048 discipulos
481 2999 563 3050 quam
577 2999 681 3045 omnes,

151 3049 183 3099 ed
198 3050 240 3100 sui
256 3051 436 3105 imitationem
449 3065 476 3105 et
499 3054 632 3121 passionis
645 3065 683 3105 to·

146 3121 287 3174 lerantiam
314 3124 417 3177 invitat.
440 3127 524 3187 Quasi
549 3129 647 3178 diceret
672 3143 680 3176 ε

149 3190 239 3242 Nolite
271 3196 414 3260 prohibere
441 3197 588 3263 passiones,
618 3197 683 3266 quia

148 3273 252 3328 oportet
273 3266 405 3316 sustinere
421 3282 465 3318 eas
479 3283 575 3318 omnes
588 3268 682 3318 salvari

148 3336 283 3400 volentes;
299 3349 325 3388 et
343 3338 402 3393 ideo
419 3338 465 3391 hic
480 3341 513 3390 ad
525 3355 620 3391 omnes
634 3356 683 3406 ge-

149 3408 273 3460 neraliter
294 3410 415 3476 loquitur
442 3423 468 3463 et
496 3428 592 3463 omnes
615 3412 682 3462 hor-

145 3482 225 3540 tatur,
252 3481 316 3548 quia
342 3482 458 3534 imitatio
486 3483 623 3535 Passionis
649 3483 681 3533 ad

147 3560 244 3602 omnes
269 3553 401 3619 pertinet,
432 3556 474 3606 vel
502 3571 548 3621 per
576 3563 682 3620 marty-

149 3618 231 3683 rium,
253 3627 296 3676 vel
322 3640 368 3692 per
388 3626 584 3693 poenitentiam.
606 3625 683 3676 Unde

148 3690 186 3741 ait
205 3707 213 3741 ε
235 3694 269 3745 Si
289 3697 358 3763 quis,
380 3698 454 3764 quod
473 3707 548 3747 notat
566 3696 682 3747 varieta-

146 3769 211 3823 tem,
225 3765 282 3815 vult
295 3774 360 3832 post
377 3782 418 3819 me
437 3767 535 3831 venire,
551 3781 598 3833 per
615 3765 682 3816 affe·

146 3840 220 3883 ctum
246 3834 411 3904 interiorem,
431 3855 479 3906 per
502 3836 680 3888 imitationem

145 3905 313 3970 exteriorem,
328 3911 361 3961 ad
378 3912 484 3963 Patrem
497 3909 664 3977 superiorem
669 3926 679 3974 3

735 2849 870 2901 quemque
886 2850 936 2885 suo
954 2831 1066 2884 arbitrio
1088 2829 1227 2894 relinquit,
1240 2839 1276 2880 ut

735 2907 875 2958 servitium
899 2905 935 2957 sit
959 2904 1060 2973 gratius
1086 2901 1217 2960 Domino,
1247 2910 1275 2953 et

736 2979 880 3046 praemium
901 2977 937 3029 sit
960 2976 1062 3043 gratius
1080 2989 1165 3025 servo.
1193 2973 1273 3024 Unde

738 3051 950 3120 chrysostomus
965 3065 974 3099 .-
989 3048 1086 3099 «Cum
1106 3056 1195 3096 autem
1211 3045 1274 3096 Sal·

736 3133 811 3182 vator
824 3121 858 3171 sit
878 3119 941 3187 pius
961 3129 987 3170 et
1006 3119 1149 3185 benignus,
1165 3116 1274 3165 nullum

737 3195 853 3246 invitum
875 3206 922 3246 aut
946 3204 1067 3246 coactum
1092 3192 1190 3241 habere
1214 3190 1274 3240 vult

736 3267 879 3328 famulum,
892 3265 938 3318 sed
956 3275 1120 3333 spontaneos
1132 3270 1159 3311 et
1172 3261 1274 3326 gratias

736 3348 846 3403 agentes
869 3336 893 3389 ei
915 3353 964 3403 pro
990 3335 1129 3385 famulatu.
1152 3331 1188 3381 Et
1210 3331 1273 3383 ideo

738 3408 876 3459 neminem
901 3407 1030 3474 cogendo,
1054 3415 1100 3456 aut
1125 3403 1273 3453 necessita-

736 3491 791 3531 tem
815 3480 994 3547 imponendo;
1019 3478 1065 3530 sed
1087 3477 1272 3544 persuadendo

736 3562 762 3602 et
782 3551 972 3603 benefaciendo
994 3551 1134 3602 universos
1150 3547 1272 3597 volentes

735 3622 854 3674 attrahit.
871 3643 884 3670 n
897 3624 930 3675 Et
944 3625 1042 3674 iterum
1058 3639 1064 3671 ι
1079 3639 1093 3667 u
1105 3621 1133 3670 Si
1148 3617 1212 3684 quis
1227 3632 1273 3668 au·

735 3711 796 3745 rum
816 3695 898 3755 daret,
914 3705 960 3745 aut
979 3695 1135 3744 thesaurum
1149 3703 1271 3755 expone-

735 3775 785 3824 ret,
803 3781 898 3816 omnes
918 3775 1067 3826 currerent;
1084 3758 1271 3825 multomagis

735 3837 768 3886 ad
789 3853 819 3887 ea
840 3854 900 3904 quse
920 3849 985 3889 sunt
1005 3836 1034 3886 in
1053 3834 1130 3886 coelis
1149 3848 1156 3881 :
1177 3850 1192 3878 n
1211 3832 1271 3884 litet

736 3908 955 3977 chrysostomus.
967 3908 999 3960 Et
1011 3907 1104 3959 subdit
1114 3907 1250 3959 Dominus
1262 3925 1269 3959 :
