2632 4320
176 261 224 312 DE
238 261 403 313 SESSIONE
420 261 549 312 DOMINI
565 260 679 312 SUPER
693 263 836 316 PULLUM
857 264 902 316 ET
918 265 1063 320 ASINAM.
1132 272 1183 323 205

66 378 140 430 milis
151 393 233 443 super
248 377 361 438 humile,
377 383 404 428 et
423 377 497 428 mitis
517 391 598 442 super

65 451 132 502 mite
146 451 246 502 animal
261 451 345 515 sedit;
357 450 421 516 quia
434 466 489 500 non
505 450 532 499 in
548 466 598 501 su-

63 522 157 589 perbis
173 531 201 572 et
214 521 326 587 asperis,
344 521 432 572 sedin
447 521 598 571 humilibus

64 602 92 644 et
111 591 211 658 quietis
233 600 338 641 tantum
363 591 518 658 requiescit,
543 607 598 641 non

63 679 144 714 curru
157 663 199 713 vel
216 662 294 729 equis
307 672 395 725 utens,
409 678 465 712 non
486 661 597 712 scutife-

62 752 109 787 ros
136 735 363 798 circumducens,
397 735 443 784 sed
473 749 597 800 magnam

63 807 210 858 utilitatem
234 816 260 856 et
280 805 516 856 mansuetudinem
534 805 597 855 hinc

62 878 219 928 ostendens.
236 877 308 944 Ergo
331 876 411 927 etiam
434 877 462 927 in
478 877 596 928 exterio-

63 949 141 1000 ribus
156 965 263 1000 necesse
276 960 317 1000 est
329 959 361 999 ut
375 949 519 1000 utilitatem
533 965 598 1015 prae·

64 1021 168 1084 tendas,
185 1019 207 1070 si
223 1020 362 1070 Christum
374 1020 451 1087 sequi
462 1020 596 1071 desideras

64 1093 94 1142 in
107 1092 269 1158 equitatura,
287 1092 315 1141 in
329 1102 410 1152 veste,
433 1092 460 1141 in
478 1091 547 1152 cibo,
567 1092 595 1141 in

63 1163 215 1223 domicilio,
228 1174 253 1213 et
268 1163 297 1214 in
307 1163 381 1213 omni
395 1173 531 1230 apparatu.
543 1163 595 1214 Ubi

63 1234 277 1302 chrysostomus
297 1252 305 1284 :
325 1253 338 1280 «
361 1235 431 1294 Quia
453 1235 596 1300 continge-

63 1309 109 1358 bat
122 1308 255 1374 quosdam
274 1306 436 1358 infirmiores
454 1307 596 1358 existentes

62 1378 196 1444 subjugali
212 1393 281 1443 opus
300 1378 406 1442 habere,
422 1378 467 1428 hic
482 1393 596 1428 mensu-

61 1464 121 1499 ram
142 1448 223 1499 nobis
243 1448 380 1514 sapientiae
398 1448 498 1514 posuit,
513 1465 596 1498 mon·

61 1531 152 1572 strans
168 1522 241 1588 quod
253 1537 334 1587 super
348 1537 433 1588 equos
448 1532 475 1572 et
495 1524 595 1584 mulos,

62 1603 108 1644 aut
129 1593 181 1642 hos
204 1592 308 1656 junctos
332 1591 395 1642 ferri
416 1607 522 1643 necesse
539 1609 595 1643 non

63 1674 117 1730 est;
139 1664 187 1715 sed
208 1664 306 1715 sufficit
333 1665 408 1715 asino
429 1664 478 1724 uti,
499 1675 524 1715 et
550 1667 595 1717 ul—

62 1745 103 1785 tra
126 1751 182 1785 non
207 1734 357 1800 procedere,
387 1744 413 1785 et
431 1735 534 1801 ubique
563 1752 594 1786 eo

61 1806 133 1872 quod
164 1804 330 1855 necessitatis
358 1815 398 1855 est
432 1816 592 1856 contentum

62 1891 128 1928 esse.
143 1877 280 1940 Interroga
294 1886 383 1926 autem
399 1876 516 1932 Judaeos,
533 1877 594 1943 quis

62 1962 108 1998 rex
130 1962 212 2012 super
239 1946 341 1996 asinam
362 1948 466 1997 delatus
486 1947 594 1998 intravit

60 2017 285 2084 lerosolymam?
320 2018 372 2068 Sed
405 2035 461 2069 non
496 2019 593 2085 utique

60 2091 144 2142 alium
170 2091 270 2141 habent
295 2090 381 2140 dicere
406 2107 488 2157 quam
520 2094 593 2142 hunc

61 2162 149 2213 solum
164 2178 195 2212 :r
211 2161 266 2211 haec
282 2161 502 2227 chrysostomus.
518 2162 595 2214 Unde

61 2233 196 2284 Dominus
222 2249 277 2283 non
300 2233 397 2298 legitur
419 2234 483 2285 alibi
514 2235 594 2302 equi—

60 2316 140 2367 tasse,
166 2306 209 2357 vel
231 2305 337 2355 mulum
361 2307 525 2371 ascendisse3
548 2307 594 2358 sed

61 2377 144 2427 modo
168 2384 274 2425 tantum
298 2374 426 2437 asinasse,
451 2387 478 2427 et
504 2387 592 2427 tamen

61 2447 153 2497 eadem
190 2445 357 2496 hebdomada
385 2445 482 2510 legitur
509 2459 596 2498 morte

60 2516 220 2582 turpissima
261 2515 455 2566 condemnatus
494 2516 589 2568 fuisse.

61 2586 134 2646 Quid
160 2585 207 2636 fiet
230 2587 262 2636 de
284 2585 378 2636 multis
398 2586 525 2651 praelatis,
547 2587 593 2652 qui

59 2673 123 2709 cum
132 2674 269 2726 equorum
276 2657 451 2709 multitudine
462 2659 593 2725 equitant,

60 2729 153 2780 ethoc
172 2729 205 2779 de
230 2728 391 2795 patrimonio
417 2729 546 2779 Crucifixi
569 2740 595 2780 et

60 2798 139 2850 bonis
164 2798 366 2850 ecclesiasticis?
392 2799 449 2849 Hoc
467 2799 538 2850 enim
554 2811 594 2850 est

60 2878 154 2920 contra
179 2869 281 2921 Christi
304 2870 456 2935 exemplum
483 2869 527 2920 hic
555 2870 594 2943 eis

59 2951 218 3006 ostensum3
246 2943 321 3002 item,
344 2953 385 2993 est
409 2953 502 2994 contra
526 2943 593 2994 illud

58 3013 264 3066 Deuteronomii
288 3031 295 3064 ε
322 3015 390 3065 Cum
420 3015 512 3081 fuerit
541 3029 595 3065 rex

59 3087 231 3149 constitutus,
257 3101 308 3138 non
331 3087 519 3153 multiplicabit
543 3087 595 3136 sibi

59 3173 151 3226 equos.
178 3159 206 3209 Si
234 3175 289 3209 non
314 3159 374 3210 licet
401 3159 467 3225 regi,
494 3169 594 3225 quanto

60 3230 155 3280 minus
190 3229 331 3280 Pontifici?
363 3231 392 3280 Si
421 3247 476 3280 non
507 3229 593 3290 laico,

59 3310 163 3368 quanto
186 3301 280 3352 minus
300 3301 413 3351 clerico?
438 3301 466 3350 Si
487 3317 542 3351 non
563 3301 596 3351 de

61 3371 214 3422 redditibus
224 3371 325 3437 proprii
338 3371 504 3437 patrimonii,
514 3387 598 3438 quan·

61 3454 89 3494 to
104 3444 199 3494 minus
217 3445 251 3494 de
265 3444 427 3508 patrimonio
442 3445 569 3495 Crucifixi
584 3446 594 3496 i

60 3513 115 3564 Sed
134 3529 190 3563 non
213 3514 369 3579 superbiant
391 3515 438 3580 qui
460 3514 537 3581 equis
554 3516 595 3566 vel

61 3586 191 3638 curribus
206 3586 350 3648 vehuntur,
363 3588 427 3652 quia
438 3597 463 3638 et
477 3589 558 3654 ligna,
571 3599 597 3639 et

59 3656 176 3723 lapides,
191 3667 218 3708 et
227 3657 287 3707 aliae
302 3671 344 3707 res
356 3657 422 3707 viles
436 3657 597 3724 plerumque

58 3727 100 3779 sic
116 3727 264 3779 ducuntur.
278 3727 355 3778 Unde
375 3727 445 3778 idem
462 3729 598 3796 Chrysor-

58 3803 150 3848 tomus
173 3815 182 3848 r
206 3815 220 3844 κ
245 3797 317 3858 Quid
346 3797 395 3848 tibi
416 3813 545 3864 arrogas,
571 3809 598 3849 et

58 3884 161 3936 magna
174 3869 258 3936 sapis,
272 3885 288 3920 o
302 3869 395 3932 homo,
412 3870 542 3937 quoniam
555 3885 597 3921 ex·

650 378 738 428 celsus
753 394 833 445 super
850 396 951 447 equum
966 383 1083 445 veheris,
1097 396 1142 437 aut
1159 397 1184 438 te

651 449 760 499 trahunt
791 452 928 502 mularum
961 455 1118 521 quadriga?
1147 457 1183 508 Et

650 521 728 586 quale
749 522 821 571 istud
844 523 903 573 est?
926 524 995 574 Nam
1013 536 1039 574 et
1059 542 1121 577 saxa
1146 528 1182 578 ita

650 592 810 658 plerumque
825 602 850 643 et
866 593 937 660 ligna
951 607 1097 660 gestantur.
1112 599 1181 665 Spe·

649 663 721 714 ciosa
736 675 808 715 veste
824 665 1006 728 circumdaris,
1022 670 1068 719 sed
1081 671 1180 737 respice

650 751 698 800 pro
715 736 788 794 cultu
802 736 928 796 vestium,
940 737 1073 789 virtutum
1085 742 1180 793 decore

649 805 812 872 fulgentem
840 816 865 856 et
892 806 997 858 videbis
1021 819 1047 859 te
1070 811 1180 876 quidem

650 877 796 942 putrefacto
823 878 876 942 jam
900 877 963 928 seno
991 878 1179 944 simillimum,

650 949 727 999 illum
743 965 804 1000 vero
824 949 913 999 arbori
935 950 1106 1002 admirabiles
1120 953 1180 1005 fru-

649 1029 708 1069 ctus
718 1018 825 1083 ferenti,
837 1019 1037 1086 maximamque
1052 1024 1180 1086 praebenti

649 1093 820 1143 cernentibus
852 1093 1017 1159 voluptatem
1044 1111 1050 1143 ε
1080 1113 1093 1141 n
1124 1095 1180 1147 haec

650 1163 871 1230 Chrysostomus.
886 1164 1022 1230 Conspice
1041 1181 1112 1215 nunc
1131 1167 1180 1218 be·

650 1250 693 1293 ne,
706 1245 731 1284 et
741 1235 879 1285 considera
893 1236 1031 1301 quomodo
1046 1236 1180 1289 Dominus

650 1306 743 1356 mundi
768 1306 916 1358 incedebat.
943 1308 1074 1368 Quamvis
1105 1310 1178 1360 enim

648 1377 828 1443 justissimum
854 1378 922 1429 foret
943 1394 1005 1429 eum
1031 1378 1178 1439 honorari,

649 1450 762 1500 honoris
772 1460 859 1500 tamen
873 1459 994 1515 tempore
1008 1449 1107 1501 talibus
1119 1452 1180 1502 dex·

648 1520 738 1571 trariis
763 1529 790 1570 et
813 1520 930 1585 phaleris
949 1536 1015 1571 usus
1035 1532 1084 1581 est,
1106 1521 1178 1572 etin

649 1590 702 1641 hoc
713 1607 762 1642 suo
775 1590 878 1641 honore
899 1591 1087 1641 honorabilem
1100 1608 1179 1658 pom-

649 1678 710 1728 pam
731 1662 826 1712 mundi
847 1679 902 1712 non
919 1664 1056 1713 modicum
1073 1664 1179 1730 vitupe-

647 1735 723 1786 ravit.
748 1735 809 1785 Non
835 1734 944 1785 fuerunt
972 1735 1028 1785 haec
1051 1736 1179 1787 animalia

647 1816 741 1856 ornata
758 1805 841 1854 frenis
862 1815 888 1855 et
902 1805 976 1855 sellis
992 1806 1134 1865 deauratis,
1153 1817 1179 1857 et

647 1875 765 1942 phaleris
792 1874 930 1936 sericatis,
956 1891 1032 1926 more
1058 1877 1178 1928 stultitiae

647 1949 792 2000 mundialis
802 1964 810 2013 3
832 1949 879 1999 sed
894 1949 1058 2015 quibusdam
1078 1949 1178 2001 vilibus

647 2023 745 2088 pannis
770 2031 796 2073 et
820 2021 966 2082 funiculis,
997 2038 1058 2072 cum
1086 2032 1176 2073 tamen

647 2103 716 2144 esset
737 2094 794 2143 Rex
813 2108 916 2158 regum,
937 2103 964 2143 et
978 2093 1111 2143 Dominus
1126 2094 1178 2144 do-

647 2165 820 2216 minantium.
846 2167 877 2215 In
896 2167 948 2215 hoc
961 2181 1024 2231 ergo
1038 2165 1107 2216 facto
1121 2166 1178 2217 uti·

646 2237 671 2287 le
687 2235 849 2286 humilitatis
870 2238 1023 2302 exemplum
1043 2235 1178 2286 Dominus

647 2306 705 2356 suis
733 2306 858 2371 reliquit;
890 2307 935 2356 sed
964 2305 1012 2355 filii
1034 2305 1177 2372 superbiae,

647 2374 823 2442 prohdolor!
849 2391 944 2441 parum
959 2375 1010 2425 hoc
1026 2377 1176 2426 attendunt.

648 2449 725 2500 Unde
743 2447 849 2514 legitur,
873 2448 1021 2513 quodcum
1038 2447 1177 2514 Heraclius

647 2518 896 2570 christianissimus
913 2519 1068 2583 Imperator,
1086 2532 1177 2567 rever-

647 2600 706 2639 tens
725 2604 741 2638 a
763 2589 832 2637 caede
845 2586 979 2637 Chosroes
998 2586 1068 2652 regis
1084 2587 1178 2637 Persa-

648 2676 718 2719 rum,
733 2673 780 2725 per
789 2666 893 2723 portam
905 2673 952 2723 per
962 2672 1042 2723 quam
1054 2655 1179 2707 Christus

648 2730 734 2782 indie
759 2730 910 2780 Palmarum
931 2728 1050 2791 intravit,
1066 2727 1094 2778 in
1108 2743 1178 2794 equo

647 2802 721 2870 regio
745 2812 771 2852 et
800 2801 965 2852 ornamentis
991 2799 1178 2865 imperialibus

647 2875 788 2925 decoratus
811 2872 916 2939 ingredi
944 2871 1042 2930 vellet,
1070 2879 1178 2936 repente

646 2947 748 3012 lapides
762 2955 845 3012 portae
865 2944 1068 3003 descenderunt,
1093 2953 1119 2993 et
1134 2943 1179 2992 in-

646 3019 744 3081 vicem,
761 3017 839 3084 quasi
856 3032 928 3067 unus
952 3015 1039 3082 paries
1062 3031 1090 3066 se
1104 3016 1198 3067 clau--

648 3100 755 3153 serunt3
772 3104 853 3155 super
866 3105 921 3155 quo
938 3088 1042 3139 cunctis
1053 3088 1183 3154 stupenti-

647 3163 707 3221 bus,
717 3161 839 3226 Angelus
850 3159 959 3210 Domini
972 3159 1081 3225 signum
1094 3158 1180 3208 crucis

647 3232 675 3282 in
702 3229 829 3281 manibus
853 3240 949 3281 tenens
974 3245 1054 3296 super
1075 3238 1179 3294 portam

648 3301 781 3368 apparuit,
796 3301 888 3352 dicens
912 3317 919 3351 :
940 3301 1010 3352 Cum
1027 3301 1082 3349 Rex
1096 3297 1180 3348 coelo·

648 3390 709 3424 rum
726 3372 853 3424 Christus
874 3388 921 3438 per
938 3371 1007 3422 hanc
1027 3379 1131 3436 portam
1147 3368 1177 3418 ad

649 3445 804 3495 Passionem
828 3443 948 3505 intraret,
970 3457 1025 3491 non
1047 3439 1121 3489 cultu
1137 3451 1181 3488 re-

649 3515 702 3581 gio,
723 3516 770 3565 sed
793 3513 891 3564 humili
910 3513 992 3563 asello
1016 3507 1180 3576 ingrediens,

649 3586 813 3637 humilitatis
828 3585 980 3649 exemplum
998 3581 1055 3632 suis
1066 3578 1182 3630 cultori-

649 3659 700 3709 bus
714 3655 864 3722 dereliquit.
881 3655 931 3703 His
946 3667 1008 3702 vero
1022 3649 1111 3709 dictis,
1128 3650 1182 3700 An·

649 3729 725 3794 gelus
737 3724 847 3777 Domini
861 3722 1005 3784 abscessit;
1021 3730 1086 3771 tunc
1102 3720 1182 3771 Hera·

649 3799 718 3849 clius
739 3798 886 3862 Imperator
906 3791 1032 3858 lacrymis
1046 3789 1180 3857 perfusus,

649 3869 821 3920 discalceatus
841 3875 867 3917 et
886 3879 973 3932 usque
990 3863 1024 3914 ad
1041 3862 1180 3915 camisiam
