2632 4320
335 252 382 303 us
396 251 550 304 anenno
566 251 616 302 ur
633 250 713 301 urus
729 236 911 302 convivio.

59 383 155 435 gnum,
185 377 212 418 et
238 383 270 417 ex
286 376 381 416 natura
403 365 484 426 mori,
506 365 615 432 quoa'dt

53 441 131 492 ¹folia.
160 442 307 508 Sycomora
335 455 444 506 quoque
469 426 615 509 dicuntur!

59 512 184 578 quaedam
206 527 287 576 poma
308 510 366 560 ficis
392 509 508 574 similia;
536 508 548 557 f
580 514 615 577 -J

59 594 117 634 ctus
138 592 230 634 autem
246 581 316 632 mori
332 582 466 647 liquorem
481 579 594 646 sangui·
611 596 614 611 ¹

60 670 123 704 nem
140 651 260 704 similem
284 653 375 712 habet,
400 653 473 702 unde
495 651 614 717 dicinng

59 726 132 793 qtmd
157 724 336 775 ostendebant
358 721 512 788 elephantis
530 726 614 771 san-'

60 797 169 864 guinem
187 809 245 844 uvae
259 804 285 844 et
298 794 379 852 mori,
397 793 430 842 ad
444 793 595 843 acuendum

60 881 104 916 eos
121 865 154 916 in
168 864 273 930 praelio,
292 864 395 914 scilicet
407 863 547 929 corporali.
562 864 596 914 Et

59 936 119 986 ideo
148 950 243 984 morus
267 950 373 984 crucem
397 934 492 1000 signat,
519 934 613 999 cujus'

60 1007 163 1056 fruetus
177 1006 238 1071 ipse
262 1005 388 1055 Christus
411 1005 510 1054 dicitur
523 1003 595 1054 inea

61 1093 109 1129 suo
123 1076 257 1142 sanguine
278 1075 440 1139 rubricatum
465 1076 513 1142 qui
528 1090 595 1125 san·

60 1147 120 1215 guis
132 1145 215 1196 nobis
227 1145 496 1211 petrecordationem
509 1155 596 1197 osten-

60 1236 106 1272 sus
126 1220 199 1270 acuit
218 1234 274 1268 nos
296 1217 326 1268 in
341 1219 437 1285 praelio
450 1219 594 1285 spirituali.

58 1291 202 1344 Dominica
221 1290 295 1340 enim
310 1306 374 1341 crux
389 1291 525 1341 credentes
537 1290 595 1350 alit,

60 1376 91 1417 ut
101 1365 186 1430 licus3
207 1364 240 1414 ab
255 1364 403 1414 incredulis
415 1363 550 1422 irridetur,
565 1372 596 1412 ut

57 1437 141 1496 fatua,
167 1433 232 1501 quia
250 1434 349 1484 Judaeis
372 1443 411 1484 est
429 1434 594 1496 scandalum,

60 1509 197 1561 Gentibus
210 1523 273 1558 vero
288 1507 411 1565 stultitia,
424 1509 471 1558 sed
483 1507 595 1557 creden-

59 1583 135 1634 tibus
148 1581 236 1632 virtus
253 1581 302 1631 Dei
324 1591 372 1631 est.
396 1582 461 1631 llaec
474 1597 537 1647 ergo
551 1597 595 1632 ar-

59 1656 112 1706 bor
124 1655 155 1704 in
169 1669 253 1720 quam
279 1653 394 1718 pusillus
418 1662 519 1703 statura
542 1653 596 1703 Za-

59 1726 157 1776 chaus
177 1733 208 1773 ut
227 1724 335 1774 exaltari
356 1733 448 1789 posset
466 1724 595 1783 ascendit,

47 1795 142 1846 'arbor
159 1793 221 1844 fidei
242 1806 268 1844 et
282 1794 367 1843 crucis
395 1803 444 1853 est,
466 1795 498 1844 ad
513 1809 595 1860 quam

59 1865 142 1917 multi
152 1865 291 1916 venientes
300 1875 326 1916 et
340 1865 434 1915 ineam
450 1866 596 1925 ascenden-

57 1950 110 2000 tes,
118 1937 244 2005 quamvis
255 1947 355 1988 statura
362 1938 465 2003 parvuli
474 1937 595 1998 fuissent,

57 2020 87 2061 et
100 2008 226 2058 nondum
245 2007 274 2057 in
290 2007 399 2057 scientia
413 2018 439 2057 et
454 2007 596 2072 perfectio-

58 2096 96 2131 ne
110 2080 229 2130 multum
250 2079 404 2138 crevissent,
421 2078 485 2128 inde
504 2089 595 2129 tamen

57 2153 153 2203 Jesum
165 2149 256 2201 videre
270 2159 296 2200 et
314 2164 472 2214 cognoscere
486 2164 596 2200 merue-

58 2232 134 2275 runt.
160 2216 248 2287 Hujus
272 2221 376 2271 arboris
402 2220 505 2272 fructus
531 2237 596 2272 san-

57 2296 179 2365 guineus
191 2304 239 2355 est,
255 2309 302 2360 per
318 2310 400 2360 quem
416 2295 545 2362 Martyres
554 2295 596 2345 si·

58 2367 233 2437 gnificantur,
252 2366 299 2433 qui
324 2378 380 2417 tam
401 2367 514 2417 firmiter
532 2367 596 2418 huic

58 2438 152 2490 arbori
164 2437 307 2496 inhaerent‚
323 2446 356 2498 ut
366 2438 457 2503 potius
471 2437 555 2487 occidi
568 2446 597 2487 et

59 2508 174 2577 proprio
186 2507 320 2575 sanguine
331 2507 472 2567 cruentari,
488 2523 570 2573 quam
582 2523 597 2557 a

58 2596 112 2632 sua
131 2580 237 2641 arbore,
252 2579 280 2628 id
299 2589 341 2629 est
354 2595 370 2629 a
384 2578 486 2629 Christi
504 2577 557 2629 fide
571 2588 597 2629 et

59 2667 139 2704 cruce
156 2652 264 2702 valeant
280 2649 409 2716 superari.
430 2650 507 2699 Hanc
522 2650 598 2700 debe-

60 2740 125 2775 mus
140 2723 283 2775 ascendere
296 2738 346 2789 per
367 2721 448 2772 fidem
463 2732 489 2773 et
506 2723 597 2772 medi-

60 2796 201 2857 tationem,
223 2796 300 2847 aliter
323 2797 415 2846 Jesum
435 2794 526 2846 videre
542 2811 597 2845 non

63 2883 220 2933 possumus,
234 2867 300 2932 quia
317 2867 387 2916 sicut
400 2865 527 2916 Zachaeus
539 2877 596 2917 sta-

62 2948 123 2989 tura
135 2936 230 3005 pusilli
248 2952 358 3002 sumus;
376 2952 431 2986 non
450 2936 522 2986 enim
537 2936 597 2987 sui-

63 3010 157 3061 ficiunt
184 3020 275 3062 nostra
301 3010 396 3060 merita
419 3010 476 3060 sine
500 3010 597 3060 merito

62 3081 203 3133 Passionis
218 3081 306 3132 crucis
324 3080 437 3132 Christi.
452 3081 527 3131 Hanc
543 3097 597 3147 pu-

64 3150 151 3213 sillus,
169 3162 201 3203 ut
223 3151 332 3202 exaltari
354 3151 448 3218 possit,
469 3151 597 3212 ascendit,

65 3222 129 3273 dum
148 3221 266 3290 quilibet
288 3222 413 3281 humilis,
438 3232 464 3272 et
483 3222 599 3288 proprioe

67 3292 231 3345 infirmitatis
246 3293 380 3355 conscius,
393 3304 497 3344 terrena
513 3295 599 3345 relin-

67 3368 173 3433 quendo
193 3377 221 3418 et
233 3382 331 3433 pravos
346 3376 421 3417 actus
442 3366 597 3426 deserendo,

66 3436 212 3505 altioraque
223 3447 318 3504 petens
329 3437 395 3487 etin
406 3437 525 3488 Domino
535 3453 600 3487 con-

67 3507 203 3571 fidebam
229 3509 327 3561 virtute
350 3509 437 3561 crucis
456 3510 597 3577 gloriatur,

67 3579 184 3633 clamans
199 3597 263 3633 curn
284 3581 525 3648 Apos10102ns1nt
546 3597 599 3633 arc-

67 3658 116 3705 teu
130 3654 205 3705 aiut
228 3653 362 3720 gloriari,
391 3655 445 3705 nisi
468 3654 495 3704 in
522 3667 600 3706 cruce

67 3722 173 3776 Domini
189 3725 277 3776 nostri
290 3725 357 3775 Jesu
372 3724 475 3776 Christi
480 3741 491 3787 ;
502 3725 546 3776 cui
562 3725 599 3776 li-

67 3810 149 3860 gnum
165 3797 252 3848 crucis
267 3805 307 3847 est
324 3796 418 3862 gloria,
441 3798 522 3857 salus,
534 3797 598 3858 vita,

67 3876 92 3918 ct
104 3884 151 3935 per
164 3867 233 3919 hanc
253 3862 415 3919 laudabilem
439 3867 600 3932 fatuitatem,

143 3985 214 4037 Vtra
234 3984 298 4037 Jesu
317 3985 437 4046 Cunrsrr,
455 4000 542 4036 rouus
557 3985 601 4036 lll.

1127 268 1181 319 ΤΠ

649 363 798 413 Dominum
828 380 936 414 cernere
966 375 1093 416 meretur.
1119 367 1183 419 'Nos

648 433 732 493 enirn,
757 433 847 499 iuquit
868 437 1024 499 Apostolus,
1042 437 1183 503 proedica-

648 519 708 554 ntus
722 503 860 555 Christum
880 506 1041 572 crucifixum
1049 525 1059 569 ,·
1078 508 1184 559 Judaeia

647 578 753 644 quidem
766 579 934 643 scandulum,
947 580 1076 632 Gentibus
1094 588 1183 632 arnon

648 652 801 703 stultitiam.
813 653 879 702 Ecce
889 669 1062 719 sycomorum
1072 669 1080 718 ;
1095 670 1185 705 ascen·

648 723 680 772 de
695 731 721 772 et
735 732 767 772 tu
781 721 886 789 lignum
902 723 948 772 ubi
971 740 1018 789 pro
1039 736 1064 774 te
1079 739 1183 790 pepen-

611 790 614 795 '
648 793 688 842 dit
707 793 796 853 iesus,
814 803 840 843 et
854 793 959 844 videbis
982 795 1084 846 Jesum.
1104 796 1183 846 unae

647 868 819 933 Augustinus
842 883 851 915 :
876 886 889 914 u
914 868 1102 934 Apprehendit
1128 870 1183 921 Za-

646 939 736 990 chaeus
759 955 945 1006 sycomorum;
977 942 1102 992 ascendat
1123 943 1180 993 hu-

648 1008 720 1059 milis
734 1025 849 1069 crucem,
873 1026 967 1076 parum
991 1022 1039 1071 est,
1058 1013 1184 1063 ascendat

648 1095 682 1130 ne
698 1080 731 1129 de
744 1096 822 1130 cruce
834 1083 979 1142 erubescat,
994 1082 1021 1131 in
1045 1081 1182 1132 frontell-

647 1155 701 1204 lam
726 1152 799 1220 figat,
813 1155 861 1204 ubi
892 1158 968 1205 sedes
1000 1155 1111 1220 pudoris
1131 1165 1181 1206 est.

642 1224 697 1284 lbi,
722 1224 834 1274 omnino
855 1225 903 1284 ibi,
925 1226 952 1275 in
982 1241 1036 1293 quo
1059 1225 1182 1276 membro

647 1294 823 1354 erubescitur,
850 1294 889 1344 ibi
909 1295 1006 1362 figatur
1028 1297 1100 1346 unde
1126 1311 1183 1346 non

648 1367 828 1417 erubescatur.
846 1367 918 1416 Puto
944 1367 1008 1434 quia
1027 1367 1122 1417 irrides
1136 1383 1183 1434 sy-

648 1455 801 1502 comorum3
818 1447 845 1488 et
862 1438 921 1504 ipsa
936 1456 979 1489 me
992 1439 1078 1490 effecit
1092 1440 1183 1490 videre

647 1513 756 1572 Jesum,
778 1521 827 1561 etc.
851 1528 859 1561 ι
887 1531 901 1557 n
926 1512 982 1561 haec
1002 1512 1182 1578 Augustinus.

648 1585 812 1650 Quicunque
836 1584 918 1633 etiam
944 1584 1182 1651 humiliaturpro-

648 1665 706 1720 pter
726 1655 828 1713 Jesum,
859 1654 903 1703 hic
936 1654 1082 1705 infatuatur
1111 1657 1185 1721 juxta

648 1728 792 1788 mundum,
807 1727 854 1793 qui
870 1728 944 1776 solus
963 1736 1053 1777 tamen
1077 1730 1184 1795 sapiens

648 1809 697 1859 est,
707 1799 772 1866 quia
790 1799 863 1864 quod
879 1799 992 1848 stultum
1007 1810 1047 1849 est
1058 1799 1184 1850 homini-

648 1870 709 1929 bus,
729 1868 861 1935 sapientia
886 1879 926 1918 est
945 1869 1007 1932 Dei3
1024 1879 1050 1919 et
1067 1869 1183 1920 lricDo-

649 1940 753 1989 minum
767 1938 858 1989 ridere
874 1949 1000 1990 meretur.
1016 1941 1091 1990 Unde
1112 1939 1183 1990 Gra-

647 2010 745 2077 gorr'us
763 2027 774 2060 ·.·
800 2027 813 2055 ι(
840 2009 870 2059 Si
891 2009 1023 2071 ,veraciter
1049 2009 1183 2075 sapientes

647 2097 714 2142 esse,
731 2091 813 2146 atque
833 2079 918 2146 ipsam
941 2080 1100 2146 sapientiam
1113 2095 1183 2130 con-

648 2150 772 2217 templari
802 2151 975 2216 appetimus,
1007 2152 1105 2200 stultos
1131 2165 1182 2201 nos

647 2224 789 2274 humiliter
815 2238 1002 2289 agnoscamus.
1031 2223 1183 2289 Relinqua-

648 2301 710 2346 mus'
724 2294 834 2345 noxiam
856 2294 1026 2359 sapientiam,
1047 2294 1182 2344 discamus

646 2365 810 2417 laudabilem
825 2363 984 2414 fatuitatem.
1000 2364 1069 2413 Hinc
1088 2365 1182 2415 Eran-

648 2438 737 2504 gelicae
750 2435 871 2486 historiae
880 2437 960 2486 verba
969 2445 1108 2495 testantur,
1119 2436 1183 2503 quia

648 2511 774 2561 Zachaeus
790 2524 852 2558 cum
860 2509 948 2558 videre
960 2524 1014 2574 prae
1026 2508 1184 2558 turbamini!

648 2591 747 2648 posset,
760 2579 892 2645 sycomori
907 2579 1030 2628 arborem
1052 2578 1183 2638 ascendit,

648 2665 679 2704 ut
689 2661 870 2703 transeuntem
890 2651 1039 2701 Dominum
1054 2660 1182 2701 cerneret.

649 2729 811 2793 Sycomorus
825 2724 926 2792 quippe
943 2723 1010 2774 ficus
1030 2724 1102 2774 fatua
1112 2723 1182 2774 dici-

649 2807 701 2847 tur.
717 2795 835 2847 Pusillus
852 2794 944 2861 itaque
958 2795 1086 2844 Zachaeus
1101 2811 1183 2860 syco-

649 2884 757 2919 morum
778 2865 870 2926 subiit,
885 2878 911 2916 et
933 2866 1083 2916 Dominum
1102 2866 1183 2926 vidit,

649 2940 712 3008 quia
726 2939 773 3007 qui
795 2938 891 2989 mundi
916 2938 1057 2988 stultitiam
1086 2938 1182 2989 humi-

643 3013 710 3062 liter
743 3011 856 3076 eligunt,
874 3009 926 3074 ipsi
950 3009 998 3059 Dei
1021 3010 1183 3076 sapientiam

650 3082 803 3134 sublimiter
822 3083 1043 3146 contemplantur.
1074 3082 1183 3133 Pusilla-

650 3153 802 3204 nimitatem
816 3167 933 3218 namque
954 3162 1073 3202 nostram
1091 3153 1123 3202 ad
1138 3151 1183 3201 vi-

650 3224 767 3274 dendum
800 3223 888 3273 Deum
926 3223 1006 3272 turba
1037 3221 1182 3287 praepedit,

651 3295 715 3364 quia
735 3294 919 3345 infirmitatem
936 3294 1061 3343 humanae
1075 3292 1183 3350 mentis,

651 3385 685 3421 ne
702 3368 756 3419 luci
771 3368 891 3420 veritatis
911 3368 1041 3425 intendat,
1058 3380 1183 3415 curarum

651 3441 813 3494 secularium
843 3441 975 3491 tumultus
1002 3438 1109 3504 premit.
1132 3437 1185 3489 Sed

650 3516 797 3582 prudenter
817 3529 989 3581 sycomorum
1004 3510 1186 3574 ascendimus,

652 3585 676 3637 si
691 3585 801 3651 provide
824 3599 883 3634 eam
895 3598 955 3648 quoe
969 3581 1100 3631 divinitus
1114 3596 1186 3647 prae-

651 3657 751 3725 cipitur
775 3655 915 3707 stultitiam
952 3665 1084 3704 tenemus.
1113 3652 1186 3714 Quid

653 3727 769 3779 enimin
784 3727 835 3776 hoc
850 3725 953 3775 mundo
967 3723 1086 3786 stultius,
1102 3739 1185 3792 quam

652 3799 751 3849 amissa
771 3812 826 3847 non
848 3810 976 3862 quaerere,
992 3810 1113 3859 possessa
1141 3811 1187 3846 ra-

654 3869 790 3935 pientibus
813 3867 939 3927 relaxare,
953 3866 1055 3916 nullam
1076 3882 1125 3932 pro
1141 3881 1187 3916 ac-

1046 3997 1082 4032 tt.
