2632 4320
173 281 221 333 DE
238 279 452 341 QUAESTlONE
467 277 582 330 SUPER
598 276 756 328 TRlBUTO
773 276 974 341 SOLVENDO,
989 277 1067 332 ETC.
1126 279 1179 350 269

62 371 140 449 Felix
160 396 209 463 qui
230 394 329 462 poterit
347 393 435 444 dicere
455 410 462 444 ε
483 391 596 444 Consci-

62 468 129 519 disti
151 481 259 519 saccum
282 480 375 528 meum,
399 470 426 515 et
445 463 596 515 circumde-

60 538 128 589 aisti
139 551 181 587 me
190 552 252 587 curn
263 536 376 587 latitia!
388 535 440 584 Sed
455 532 596 599 injudicio

61 609 238 675 interrogatio
258 608 304 659 fiet
326 617 352 658 et
368 609 401 658 de
428 604 594 672 imagine.O

58 698 143 749 quam
170 682 302 731 horrenda
329 678 511 746 interrogatio,
539 677 595 728 imo

62 750 234 817 increpatio,
264 750 411 801 malorum!
449 749 533 815 Cujus
554 753 596 799 est

61 825 159 890 imago
173 823 239 887 hoec,
254 828 280 873 et
293 819 510 889 superscriptio?
525 819 595 880 Qui-

61 897 128 947 libet
153 905 241 962 portat
267 896 414 962 imaginem
440 896 497 961 ejus
519 895 594 960 cujus

60 967 143 1017 habet
166 981 255 1032 opera,
281 966 382 1017 scilicet
406 966 448 1017 vel
469 964 527 1025 Dei,
551 965 593 1015 vel

62 1038 246 1104 Imperatoris,
262 1038 357 1088 mundi
373 1048 399 1088 et
415 1037 525 1088 diaboli.
542 1036 593 1086 Sed

60 1109 189 1160 diffinitio
203 1108 249 1160 fiet
261 1108 289 1159 in
300 1109 476 1160 retributione
493 1125 500 1159 :
516 1109 593 1160 Red-

61 1180 117 1231 dite
132 1194 202 1245 ergo
215 1193 275 1244 quae
285 1186 348 1230 sunt
359 1179 480 1230 Caesaris
495 1179 593 1229 Caesa-

58 1248 95 1312 ri,
106 1254 135 1299 et
146 1262 207 1315 quae
219 1255 280 1298 sunt
293 1249 346 1299 Dei
360 1250 427 1312 Deo,
444 1248 508 1314 quia
519 1248 594 1298 ibunt

58 1320 87 1371 iti
108 1321 137 1371 in
159 1321 326 1387 supplicium,
347 1320 387 1371 illi
408 1320 435 1370 in
454 1319 591 1386 gaudium.

58 1391 107 1454 Et,
127 1391 176 1456 qui
191 1390 268 1441 missi
286 1391 421 1441 fueranta
442 1389 592 1450 Pharisaeis,

58 1462 198 1513 audientes
224 1462 450 1528 sapientissimam
477 1477 592 1526 respon-

58 1530 164 1582 sionem
187 1531 307 1591 Domini,
329 1532 422 1583 mirati
440 1538 509 1594 suni,
529 1531 592 1597 quia

57 1600 202 1651 calliditate
213 1611 239 1651 et
253 1601 360 1652 insidiis
378 1602 519 1668 praevalere
536 1617 591 1651 non

57 1681 213 1738 potuerunt,
229 1683 255 1722 et
272 1672 365 1723 relicto
386 1687 426 1737 eo,
439 1673 509 1724 sicut
523 1687 591 1723 con-

58 1742 122 1804 fusi,
135 1743 269 1794 abierunt.
285 1744 363 1794 Unde
382 1745 591 1811 Hieronymus:

58 1833 72 1863 a
85 1814 139 1876 Qui
151 1816 184 1865 ad
196 1824 299 1865 tantam
313 1816 419 1868 credere
429 1816 589 1883 sapientiam

57 1887 216 1946 debuerant,
232 1886 323 1936 mirati
343 1894 405 1938 sunt
425 1889 498 1954 quod
513 1887 591 1938 calli-

57 1958 128 2009 ditas
147 1973 242 2008 eorum
268 1957 413 2009 insidiandi
431 1960 521 2009 locum
536 1975 590 2009 non

57 2027 216 2088 invenisset,
240 2034 266 2079 et
286 2029 379 2080 relicto
401 2044 432 2081 eo
457 2030 589 2093 abierunt,

57 2101 245 2153 infidelitatem
268 2102 367 2168 pariter
385 2118 447 2154 cum
461 2104 591 2154 miraculo

57 2181 235 2238 reportantes.
251 2190 265 2220 n

89 2244 104 2294 5
121 2243 196 2294 Taras
209 2259 295 2294 sacrae
305 2245 502 2296 lunisonem-
512 2245 591 2297 Dein·

56 2315 166 2366 decom
185 2314 316 2365 abiissent
336 2315 476 2377 Pharisaei,
496 2331 591 2369 acces-

57 2390 151 2435 serunt
169 2385 207 2434 ad
228 2399 285 2435 eum
308 2385 464 2448 Sadducaei,
484 2395 514 2436 ut
528 2387 591 2454 quia

56 2453 161 2505 ratione
175 2469 237 2504 eum
251 2470 375 2522 superare
390 2472 445 2506 non
459 2467 590 2522 poterant,

56 2526 152 2576 saltem
170 2541 217 2592 per
234 2526 318 2592 ipsam
333 2528 511 2595 frequentiam
526 2546 590 2581 sen-

57 2611 119 2646 sum
132 2597 190 2663 ejus
202 2598 392 2661 subverterent,
403 2610 429 2650 et
439 2601 517 2650 taedio
528 2616 590 2651 eum

56 2678 224 2734 superarent.
245 2669 312 2719 Tres
330 2681 406 2721 erant
422 2681 501 2722 sectae
521 2672 591 2725 inter

55 2740 165 2790 Judaeos
179 2741 214 2790 ab
226 2741 285 2791 aliis
297 2742 459 2805 differentes,
470 2745 589 2796 scilicet:

57 2808 200 2871 Pharisaei,
217 2811 265 2876 qui
286 2823 360 2863 erant
381 2813 414 2863 ab
432 2814 493 2864 aliis
511 2815 589 2865 divisi

56 2889 192 2946 quantum
206 2882 238 2930 ad
250 2881 371 2933 habitum
386 2893 412 2934 et
425 2884 589 2946 traditiones,

55 2950 104 3017 qui
117 2951 309 3003 traditionibus
322 2955 423 3021 Moysis
435 2955 590 3008 traditiones

57 3036 121 3073 suas
131 3022 316 3089 praeferebant,
331 3034 357 3076 et
375 3028 520 3077 secundum
536 3028 590 3079 Le-

55 3109 118 3161 gem
142 3095 307 3146 vocabantur
335 3097 469 3159 Pharisaei,
496 3100 522 3149 id
550 3111 590 3150 est

56 3166 150 3230 diuisi,
166 3167 301 3229 anares,
314 3168 342 3220 id
356 3180 396 3220 est
412 3171 520 3222 divisio.
535 3172 589 3223 Alii

55 3244 132 3287 erant
153 3236 301 3300 Sadducaei,
323 3239 370 3304 qui
386 3239 419 3290 ab
435 3240 495 3291 aliis
511 3241 590 3292 diffe-

54 3306 152 3359 rebant
165 3318 299 3374 quantum
312 3311 344 3361 ad
356 3312 515 3374 doctrinam,
537 3330 591 3381 qua

54 3378 109 3445 ipsi
135 3379 189 3431 sibi
218 3382 358 3446 justitiam,
387 3393 413 3434 et
436 3386 510 3451 quod
535 3403 590 3438 non

55 3459 133 3501 erant
159 3451 348 3515 vindicabant,
378 3455 449 3505 unde
477 3465 503 3506 et
526 3457 590 3522 justi

55 3528 168 3585 propter
183 3521 343 3572 exteriorem
362 3524 528 3576 sanctitatem
549 3543 591 3593 ap·

54 3589 148 3654 pellati
161 3599 225 3641 sunt
233 3606 242 3654 ;
256 3591 308 3658 ipsi
323 3593 396 3643 enim
414 3597 590 3647 resurrectio-

55 3672 120 3710 nem
142 3661 285 3727 negabant,
310 3662 428 3714 animam
450 3668 590 3717 mortalem

54 3743 123 3790 esse,
136 3739 165 3781 et
178 3736 244 3782 cuni
258 3746 368 3799 corpore
384 3733 494 3786 interire
515 3736 590 3788 dice-

54 3798 131 3860 bant,
155 3815 185 3851 ac
218 3816 306 3867 neque
333 3803 478 3870 Angelum,
503 3822 590 3873 neque

54 3869 185 3937 spiritum
196 3886 255 3925 esse
268 3875 428 3942 credebant;
444 3877 491 3929 sed
505 3877 589 3931 libros
621 3888 623 3893 ’

649 390 750 457 Moysis
762 390 936 457 recipiebant.
950 391 1003 442 Alii
1015 402 1090 444 erant
1099 394 1180 446 Esse-

648 460 687 525 ni,
703 461 749 528 qui
768 463 802 512 ab
823 461 884 512 aliis
902 462 1061 515 differebant
1080 464 1109 515 in
1125 467 1180 518 vita

647 543 674 584 et
692 535 772 584 modo
786 534 904 598 vivendi,
921 535 985 601 quia
1008 536 1062 588 fere
1081 554 1179 590 mona·

647 604 740 655 sticam
764 605 846 655 vitam
872 605 1022 670 ducebant,
1056 609 1180 676 conjugia

646 674 775 735 vitabant,
787 675 879 726 omnia
893 676 920 725 in
937 679 1074 728 communi
1093 680 1179 731 habe-

647 747 718 797 bant.
739 746 778 797 De
797 747 901 797 duabus
918 757 1008 798 autem
1024 750 1121 816 primis
1134 767 1178 803 se·
1261 799 1264 804 .

647 818 698 869 ctis
710 818 755 868 hic
768 819 875 870 dicitur.

678 887 839 948 6Qunsr10
857 892 1059 942 Sauuucnoaun
1077 910 1110 944 na
1124 911 1178 946 uu-

646 975 724 1008 nraaa
750 975 851 1010 sarran
875 977 952 1011 vrnos
976 977 1115 1024 nasama,
1143 981 1178 1016 nr

646 1029 758 1080 Cunrsrr
792 1046 942 1082 aasrorvsro.
971 1060 1001 1069 —
1038 1034 1177 1086 Sadducaei

645 1117 708 1169 ergo
720 1104 874 1154 accedentes
887 1103 920 1153 ad
931 1104 1023 1155 iesum
1032 1107 1177 1171 quamdam

645 1173 762 1224 fabulam
789 1173 881 1225 fictam
904 1177 937 1226 de
962 1176 1094 1238 muliere,
1116 1196 1177 1246 quae

645 1255 748 1312 septem
763 1247 834 1298 viros
849 1249 989 1311 habuerat,
1002 1249 1026 1300 ei
1041 1266 1177 1317 propone-

646 1317 718 1377 bant,
731 1328 880 1384 quaerentes
894 1321 928 1370 ab
938 1336 969 1371 eo
982 1321 1056 1386 cujus
1068 1332 1137 1373 esset
1147 1324 1177 1375 in

645 1389 847 1449 resurrectione,
869 1405 1018 1457 perquam
1038 1394 1178 1446 ostendere

644 1459 770 1510 volebant
793 1461 1013 1512 resurrectionem
1036 1479 1090 1513 non
1110 1479 1176 1519 esse.

646 1532 777 1583 Putabant
792 1533 864 1584 enim
880 1535 952 1601 quod
967 1535 989 1584 si
1004 1536 1099 1598 futura¹
1108 1549 1178 1590 esset

644 1603 814 1664 resurrectio,
832 1614 895 1654 tunc
910 1606 1076 1656 celebrandae
1086 1620 1177 1660 essent

644 1673 745 1736 nuptiae
756 1672 825 1723 sicut
837 1676 917 1724 modo
925 1690 933 1737 ;
952 1686 979 1724 et
993 1676 1057 1742 quia
1077 1677 1176 1728 incon-

643 1742 753 1793 veniens
766 1744 907 1795 videbatur
928 1747 1001 1810 quod
1015 1747 1094 1796 detur
1112 1764 1175 1798 om-

644 1812 724 1862 nibus
742 1823 844 1879 septem
856 1814 947 1875 simul,
965 1814 1027 1880 quia
1045 1817 1093 1866 uni
1112 1832 1175 1867 mu-

643 1882 701 1933 lieri
725 1899 862 1950 nunquam
889 1884 965 1934 licuit
987 1886 1078 1951 plures
1101 1887 1175 1938 viros

643 1955 749 2015 habere,
765 1957 811 2005 sed
833 1957 900 2007 bene
918 1973 933 2007 e
952 1973 1089 2023 converso,
1108 1975 1174 2025 pro-

642 2034 700 2088 pter
722 2025 921 2087 fecunditatem,
942 2028 983 2077 vel
1002 2028 1074 2094 quod
1097 2030 1175 2080 detur

643 2097 723 2148 alicui
735 2113 829 2149 eorum
844 2099 1028 2160 determinate,
1043 2101 1106 2167 quia
1120 2118 1175 2168 qua

643 2169 745 2220 ratione
763 2181 832 2222 esset
847 2172 938 2234 unius,
960 2173 1051 2224 eadem
1070 2175 1174 2227 ratione

643 2249 713 2290 esset
727 2251 752 2291 et
769 2241 895 2305 alterius;
918 2243 1092 2295 intendebant
1106 2260 1174 2295 con-

642 2311 749 2361 cludere
759 2312 981 2362 resurrectionem
993 2314 1095 2365 nullam
1107 2331 1173 2368 esse.

643 2383 730 2442 Quam
738 2385 914 2450 quaesrionem
925 2385 964 2435 eis
973 2387 1109 2451 solvend0‚
1118 2404 1175 2440 eva-

642 2463 701 2503 cuat
714 2454 846 2504 Dominus
858 2468 952 2504 eorum
965 2456 1132 2520 opinionem,
1148 2468 1175 2509 et

642 2524 761 2575 ostendit
776 2540 903 2586 errorem,
921 2525 1035 2577 dicens-t
1049 2528 1172 2592 Erratis,

642 2596 670 2645 in
684 2597 744 2657 hoc,
756 2597 855 2647 scilicet
869 2598 940 2664 quod
953 2600 1173 2650 resurrectionem

642 2666 754 2734 negatis,
770 2670 915 2720 nescientes
929 2671 1096 2736 Scripturas,
1112 2687 1173 2738 quae

642 2739 861 2790 resurrectionem
873 2752 1004 2801 asserunt,
1016 2757 1045 2792 ac
1059 2745 1173 2795 modurn

641 2810 844 2861 resurrectionis
869 2814 1016 2874 instruunt,
1031 2823 1057 2863 et
1080 2825 1174 2865 osten-

641 2883 718 2934 dunt:
741 2884 819 2934 Unde
841 2884 922 2934 etiam
949 2885 1081 2952 sequitur,
1100 2889 1173 2954 quod
1205 2934 1206 2938 ,

642 2955 762 3005 nesciant
782 2955 906 3006 virtutem
921 2957 981 3018 Dei,
1002 2974 1062 3024 quae
1077 2961 1175 3026 poterit

642 3038 752 3091 corpora
769 3025 905 3087 suscitare,
926 3037 952 3077 et
975 3039 1036 3092 post
1058 3039 1173 3081 mortem

640 3098 789 3159 vivificare,
815 3099 880 3166 quia
904 3101 993 3166 potuit
1018 3103 1109 3153 omnia
1140 3103 1174 3153 de

642 3169 729 3219 nihilo
748 3169 843 3222 facere.
867 3171 997 3222 Errabant
1015 3188 1088 3238 ergo,
1110 3172 1174 3238 quia

642 3250 667 3290 et
686 3240 831 3306 Scripturis
842 3243 1068 3303 contradicebant,
1084 3253 1110 3293 et
1121 3243 1174 3293 vir·

641 3314 692 3364 tuti
707 3313 754 3364 Dei
769 3314 942 3381 derogabant.
953 3315 1077 3379 Erratis,
1090 3315 1172 3365 etiarn

643 3394 766 3451 putantes
786 3384 824 3434 ibi
852 3385 1020 3436 celebrandas
1040 3401 1097 3436 esse
1120 3401 1173 3435 nu-

642 3455 766 3520 ptias.1n
788 3456 983 3506 resurrectione
1004 3456 1072 3505 enim
1088 3470 1172 3520 gene-

642 3524 700 3585 rali,
715 3538 796 3590 neque
819 3527 923 3589 nubent,
946 3525 1045 3576 scilicet
1059 3524 1120 3585 viri,
1145 3525 1174 3575 id

642 3604 682 3645 est
695 3611 751 3645 non
767 3596 898 3663 accipient
911 3611 1024 3660 uxores3
1037 3610 1118 3662 neque
1130 3611 1175 3646 nu·

643 3667 744 3730 bantur,
758 3667 860 3718 scilicet
875 3668 1009 3730 mulieres,
1023 3669 1050 3718 id
1066 3679 1106 3719 est
1118 3685 1172 3720 non

642 3739 806 3805 accipientur
817 3754 832 3789 a
843 3739 917 3790 viris.
929 3739 1024 3791 Latina
1035 3750 1175 3792 consuetu-

642 3810 686 3871 do,
703 3820 733 3861 ut
744 3810 810 3861 dicit
822 3811 1017 3878 Hieronymus,
1036 3811 1173 3864 hic'Grae-

642 3896 673 3932 co
688 3881 810 3934 idiomati
829 3896 882 3932 non
899 3883 1052 3949 respondet.
1067 3884 1174 3935 Nubere
