2632 4320
94 308 148 376 430

94 425 123 474 id
147 433 187 474 est
214 422 242 471 in
269 431 365 471 aeterna
389 420 571 481 beatitudine,
598 419 627 467 in

95 507 148 562 qua
162 493 240 544 etiam
257 493 310 557 iarn
327 501 384 541 erat
397 490 522 540 Citristus
536 499 629 539 actua-

94 566 163 622 liter,
191 572 323 628 quantum
348 562 383 611 ad
411 561 539 621 animam,
568 575 630 626 quae

96 646 136 686 est
147 650 206 700 pars
216 633 391 698 principalior
400 632 541 682 horn-inisti
555 639 584 681 ut
593 631 628 681 ai·

92 707 177 757 deant
185 704 338 754 claritatem
345 715 429 752 meam
439 717 520 767 quam
530 702 629 753 dedisti

95 778 167 838 milti,
183 777 210 824 id
231 784 271 825 est
291 775 458 825 divinitatem
475 788 572 832 meam,
587 774 630 823 vel

96 849 242 899 claritatem
265 847 387 912 corporis
406 847 459 897 mei
476 846 630 912 glorifican-

97 921 135 981 di,
158 930 301 986 utramque
325 920 399 969 enim
423 920 578 993 claritatem,
603 928 630 967 et
658 918 660 925 ⁴

96 992 244 1042 secundum
271 990 450 1051 divini-tatem,
477 1000 503 1040 et
530 1005 631 1040 secun-

97 1063 163 1111 dunt
180 1061 378 1109 humanitatem
394 1061 481 1110 Sancti
504 1060 630 1125 ingloria

95 1131 240 1192 uidebunt3
257 1131 324 1195 quia
335 1130 461 1180 dilexisti
472 1145 521 1192 me,
537 1145 630 1180 essen-

94 1200 156 1250 tiali·
169 1201 320 1258 dilectione,
337 1206 399 1250 ante
413 1200 505 1250 mundi
526 1200 627 1250 cousti-

95 1273 230 1333 tutionem,
251 1281 277 1322 et
299 1272 333 1321 ab
353 1282 453 1322 aeterno
469 1287 478 1320 :·
490 1272 541 1321 lroc
559 1281 632 1336 patet

95 1354 231 1410 quantum·
248 1345 280 1392 ad
306 1343 408 1392 Christi
430 1343 564 1402 deitatem,
591 1342 631 1391 si-

97 1416 199 1466 mili-ter
222 1424 353 1480 quantum
374 1415 406 1464 ad
426 1415 630 1472 humanitatem,

97 1488 125 1537 in
140 1496 274 1552 quantum
291 1485 362 1535 Deus
379 1486 457 1536 Pater
473 1487 633 1537 aeternaliter

97 1557 295 1624 praedestinavit
317 1558 404 1622 ipsam
426 1559 460 1608 ad
482 1559 552 1608 hanc
572 1559 632 1624 glo

96 1631 163 1680 riam
181 1640 207 1679 et
219 1629 416 1679 exaltationem.
433 1631 463 1679 ln
477 1629 537 1695 ipso
551 1630 632 1678 etiam

97 1701 192 1751 dilexit
206 1717 260 1750 nos·
272 1711 334 1750 ante
348 1701 443 1750 mundi
459 1701 634 1751 constitutio-

99 1789 162 1824 nem
177 1773 421 1840 praedestinatione,
435 1775 499 1841 quia
511 1775 633 1824 membra

99 1847 157 1910 ejus
181 1860 293 1910 sumus3
319 1855 344 1895 et
368 1846 514 1911 diligimur
533 1846 562 1894 in
586 1844 634 1894 illo

99 1917 148 1983 qui
165 1923 239 1966 totus
252 1916 384 1981 diligitur,
409 1916 437 1966 id
457 1927 497 1966 est
515 1927 637 1982 caputet

99 2002 205 2053 corpus.
222 1989 268 2037 Est
280 1988 354 2036 enim
368 1987 395 2036 in
411 1988 490 2037 nobis
504 1997 632 2053 tanquam

99 2059 128 2109 in
153 2059 254 2123 templo
278 2073 337 2118 sus,
354 2068 505 2108 nosautem
531 2059 559 2108 in
587 2059 635 2108 illo

100 2129 249 2178 secundum
264 2129 337 2194 quod
351 2139 431 2194 caput
447 2138 572 2178 nostrum·
584 2140 633 2179 est.

99 2200 152 2250 Ubi
181 2201 353 2264 Augustinus
377 2218 385 2249 :
411 2216 424 2245 a
450 2200 478 2248 in
509 2212 636 2265 magnam

102 2284 178 2334 spem
201 2270 336 2319 Dominus
357 2271 434 2319 iesus
459 2285 522 2319 suos
547 2270 634 2334 erigit,

103 2340 150 2406 qui
166 2340 250 2403 major
271 2355 330 2388 esse
350 2356 404 2389 non
425 2341 524 2405 possit;
545 2340 637 2390 audite

102 2420 130 2460 et
142 2419 226 2460 estote
239 2409 268 2459 in
283 2424 331 2474 spe
352 2411 510 2475 gaudentes,
529 2420 559 2460 ut
577 2424 640 2460 esse

103 2481 217 2547 possitis·
242 2481 269 2530 in
296 2482 469 2532 tribulatione
495 2483 635 2548 patientes,

101 2553 200 2612 audite,
217 2552 336 2618 inquam,
354 2562 381 2602 et
395 2553 424 2602 in
438 2567 493 2618 quo
508 2568 570 2618 spes
583 2567 636 2602 no-

101 2634 155 2675 stra
174 2626 284 2685 leretur,
299 2625 437 2674 attendite.
453 2624 578 2674 Citristtrs
590 2625 635 2674 Je-

104 2710 152 2746 sus
173 2696 253 2758 dicit3
278 2696 377 2754 audite,
401 2696 509 2754 credite,
525 2705 636 2760 sperate,

46 2768 51 2783 ¹
103 2767 269 2816 considerate
288 2767 361 2832 quod
376 2766 442 2815 dicit
459 2784 469 2816 z·
482 2766 576 2827 Pater,
592 2766 637 2815 in-

100 2840 168 2906 quit,
185 2855 251 2906 qnos
273 2840 374 2891 dedisti·
390 2840 462 2901 milti,
478 2841 542 2891 volo
553 2847 581 2890 ut
593 2840 639 2906 ubas

103 2925 161 2976 ego
179 2925 246 2974 sam
269 2921 294 2961 et
315 2912 358 2961 illi
374 2912 430 2962 sint
451 2926 558 2963 mecum.
583 2912 636 2972 Qui

104 2988 169 3032 sant
193 2981 238 3029 isti
264 2996 333 3047 quos
359 2982 400 3032 air
421 2997 436 3031 a
460 2982 537 3032 Patre
561 2983 640 3032 datos

104 3051 178 3114 sibi?
209 3053 304 3102 Nonne
332 3053 371 3101 illi
399 3054 435 3103 de·
457 3054 563 3119 quibus
584 3054 642 3104 alio

103 3124 166 3172 loco
175 3121 241 3170 dicit
255 3138 262 3170 ι
278 3123 369 3172 Nemo
386 3133 475 3188 potest
492 3124 585 3174 venire
605 3126 637 3173 ad

104 3208 151 3243 me
163 3193 217 3243 εἰεί
232 3193 328 3256 Pater,
342 3195 387 3258 qui
399 3195 472 3244 misit
484 3209 535 3257 me,
546 3201 638 3246 tme-

102 3264 233 3316 ritaeum?
246 3282 260 3314 >r
270 3267 302 3316 Et
317 3267 414 3316 iterum
426 3283 435 3316 ι
446 3286 460 3313 a
470 3267 638 3334 Quapropter

106 3339 241 3389 omnibus
263 3338 394 3389 membris
418 3340 477 3389 suis
504 3341 640 3404 promittit

105 3409 162 3459 hac
182 3410 335 3475 praemium,
352 3419 383 3460 ut
405 3409 455 3460 ubi
478 3421 518 3460 est
535 3411 594 3475 ipse
613 3420 640 3460 et

107 3494 159 3531 nos
183 3494 247 3530 cum
269 3481 316 3531 illo
345 3482 441 3532 simus.
467 3481 527 3531 Nee
543 3482 644 3546 poterit

104 3567 158 3602 non
182 3551 249 3613 lieri,
273 3553 346 3618 qnod
368 3551 545 3619 ornnipotenti
566 3552 642 3602 Patri

104 3638 137 3674 se
147 3625 216 3674 velle
230 3624 298 3673 dinit
311 3625 486 3691 omnipotens
502 3622 611 3675 Filius:
625 3642 643 3671 a

104 3696 166 3746 haec
188 3698 367 3762 diopistim
390 3699 468 3749 Unde
490 3709 517 3749 et
543 3696 641 3748 dussi-

105 3780 164 3817 mus
181 3786 190 3818 .·
210 3787 224 3815 a
241 3769 313 3819 Inter
333 3770 389 3819 haec
409 3785 470 3819 cum
494 3768 644 3834 discipulos

104 3839 288 3889 sacratissima
309 3839 355 3890 iila
366 3840 487 3889 oratione
501 3853 642 3890 commen·

105 3909 179 3961 dans
192 3927 202 3959 ι
215 3911 309 3975 Pater,
327 3910 434 3971 dixerit,
449 3910 544 3973 Pata,
562 3922 646 3960 sesne¹

370 302 543 355 SECUNDAE
561 298 684 351 Patris
699 299 816 354 CAPUT
833 302 911 355 Lvt-l.

681 433 727 469 ees
746 420 772 469 in
798 421 902 470 normae
923 427 982 482 tuo,
1012 419 1112 470 inclina
1137 429 1214 485 capta

681 503 768 554 tuum,
784 503 815 543 ut
829 496 956 545 merearis
970 494 1086 544 audire:
1111 494 1176 544 Volo
1188 500 1216 543 ut

683 563 726 612 adi
751 576 806 629 ego
827 579 887 614 sum
907 571 933 615 et
953 565 996 614 illi
1021 564 1077 614 sint
1099 576 1216 624 mecm

656 662 659 699 t
681 635 784 682 bonurn
801 634 902 684 esttibi
917 635 961 684 bic
975 651 1041 694 esse,
1055 635 1102 684 sed
1116 647 1215 684 exeun·-

657 722 659 727 ·
681 709 746 757 dum
762 719 801 757 est
817 725 824 758 τ
838 724 856 755 u
867 709 925 759 linc
939 708 1090 760 Atrectinae.

718 778 749 828 18
767 779 859 828 Huius
873 793 1013 830 ontrronrs
1029 781 1135 830 Doumr
1150 792 1216 828 nur-

681 864 748 898 cnno
763 863 797 898 nr
812 864 955 901 striclam.
971 877 1002 887 -
1017 852 1138 916 (dquam
1155 849 1216 898 dul-

682 921 793 970 cissima
808 922 940 973 orationis
952 923 1041 981 rerba,
1063 922 1217 972 antidotum

683 1003 709 1042 er
723 993 873 1043 remedium
887 995 921 1044 ad
937 1008 1046 1044 omnem
1067 993 1217 1044 adversita·

682 1074 738 1113 tem
752 1073 779 1112 er
794 1074 947 1128 peccatum,
964 1066 1039 1129 cujus
1053 1064 1218 1114 dulcissima

683 1135 814 1185 orationis
846 1136 1014 1201 principium
1043 1145 1069 1184 et
1101 1133 1167 1184 finis
1192 1131 1218 1182 in

684 1220 747 1271 pace
777 1215 803 1256 et
834 1206 984 1256 dilectione
1011 1203 1155 1263 consistit,
1187 1203 1218 1253 ad

684 1292 766 1341 quarn
797 1277 943 1342 praecipue,
970 1287 999 1327 ut
1030 1277 1135 1326 dictum
1164 1284 1217 1333 est,

685 1347 772 1396 tendit
782 1346 792 1396 l
806 1346 840 1397 Et·
853 1348 939 1397 multa
952 1348 1006 1398 alia
1026 1345 1164 1396 Dominus
1177 1345 1218 1395 Je-

684 1436 732 1470 sus
757 1420 896 1486 discipulis
926 1420 1043 1482 dicebat,
1072 1432 1134 1484 quae
1160 1430 1219 1468 rere

685 1494 765 1542 corda
779 1494 876 1542 deveta-
886 1491 1052 1542 scindebant.
1070 1490 1101 1539 Si·
1114 1502 1178 1555 ergo
1192 1488 1219 1537 in

685 1578 809 1612 sermone
834 1576 895 1628 quae
922 1562 991 1611 dicta
1026 1570 1091 1610 sunt
1122 1568 1219 1609 attente

685 1632 852 1691 discusseris,
867 1641 894 1682 et
909 1631 1052 1697 diligenter
1063 1629 1219 1679 meditando

685 1703 881 1762 ruminaveris,
905 1703 930 1752 in
957 1714 1050 1750 eorum
1081 1698 1220 1750 dulcedine

686 1773 874 1840 requiescens,
887 1773 987 1822 merito
999 1772 1169 1820 inardescere
1180 1784 1221 1834 po

686 1845 751 1894 teris
774 1845 807 1894 ad
831 1854 935 1893 tantam·
957 1841 1153 1907 dignationem,
1174 1840 1222 1890 be·

687 1916 855 1982 nignitatem,
882 1914 1088 1980 providentiam,
1105 1912 1222 1976 diligen·

686 1990 761 2048 tiam,
777 1997 803 2036 ct
817 1985 963 2045 caritatem,
983 1994 1009 2033 et
1022 1983 1093 2033 circa
1111 1982 1165 2031 alia
1178 1994 1221 2046 per

687 2058 835 2108 Dominum
858 2056 908 2106 hoc
931 2070 990 2105 sero
1005 2064 1088 2120 gesta.
1107 2054 1147 2103 En
1161 2052 1222 2118 qui«

688 2131 738 2178 bus
773 2129 872 2193 poteria
908 2126 1032 2191 colligere
1065 2125 1221 2174 fasciculum

687 2210 781 2250 contra
801 2213 912 2248 omnent
931 2195 1108 2246 tentationem
1133 2205 1161 2244 et
1176 2193 1220 2242 ad-

687 2270 848 2328 versitatem,
864 2269 971 2318 salubre
982 2265 1221 2317 consolationem

689 2341 818 2390 medium.

723 2427 757 2478 19
789 2411 904 2461 Uarrus
929 2423 1012 2459 cous
1036 2420 1221 2457 martanam.

689 2512 719 2523 -—
741 2487 812 2534 inter
843 2483 937 2533 omnia
965 2481 1037 2531 enirn
1058 2478 1224 2530 memorialia

689 2555 801 2615 Christi,
821 2553 958 2620 praecipua·
968 2551 1153 2602 recordatione
1167 2562 1224 2598 con

689 2636 743 2677 stat
764 2640 825 2675 eme
838 2622 1032 2690 dignissimum
1055 2621 1138 2671 finale
1161 2618 1225 2668 illud

689 2696 879 2748 sacratissimos·
902 2709 986 2745 coenae
1007 2692 1175 2754 convivium,
1198 2689 1223 2738 in

689 2784 746 2834 quo
773 2782 829 2816 non
859 2766 949 2815 solum
980 2778 1073 2830 agnus-
1094 2760 1226 2828 paschalis

690 2838 854 2905 proponitur
879 2837 914 2886 ad
939 2835 1073 2885 edendum
1088 2850 1101 2897 3-
1133 2844 1244 2884 verum·

690 2912 772 2962 edam
792 2912 892 2975 Agnus
911 2908 1078 2966 immolatus,
1093 2907 1141 2971 qui
1159 2903 1228 2956 adit

689 2987 803 3047 peccata
825 2979 927 3042 mandi,
953 2978 1005 3028 sub
1034 2977 1129 3042 specie
1151 2973 1227 3040 panis

691 3054 827 3120 praebetur
842 3052 872 3101 in
884 3052 985 3101 cibum.
1001 3052 1031 3100 ln
1046 3064 1104 3116 quo
1117 3049 1227 3114 quidem

691 3125 821 3176 convivio
844 3124 913 3173 mira
951 3122 1070 3172 dulcedo
1099 3118 1228 3170 bonitatis

692 3195 794 3247 Christi
819 3193 933 3253 refulsit,
949 3193 1059 3258 quando
1080 3204 1146 3240 curn·
1160 3203 1227 3256 psov

692 3265 810 3332 perculis
834 3263 889 3313 idlis
914 3261 1077 3328 discipulis,
1107 3271 1137 3311 et
1163 3261 1228 3310 iuria

692 3340 838 3407 proditore,
854 3339 948 3388 eadem
964 3351 1057 3386 mensa
1079 3346 1109 3385 et
1121 3333 1229 3385 scutella

691 3411 815 3462 meavit.
838 3409 938 3459 lltimrn
957 3407 1052 3458 claruit
1065 3403 1231 3456 humilitatis

692 3483 859 3547 exemplum,
877 3481 942 3529 dum
963 3478 1045 3544 podes
1066 3476 1230 3542 piscatorias

693 3564 722 3604 et
737 3551 887 3619 proditoris
905 3550 958 3610 sui,
977 3550 1036 3598 Rex
1048 3548 1144 3614 gloriae
1159 3559 1231 3613 prte-

693 3625 801 3674 einetus
827 3623 914 3671 linteo
936 3618 1136 3670 studiosissime
1157 3617 1232 3668 lenit.

694 3695 766 3744 Mira
785 3693 872 3760 patuit
894 3689 1088 3741 munificentiae
1112 3688 1232 3754 largitas,

694 3769 759 3817 dum
784 3764 968 3816 sacerdotibus
993 3761 1047 3812 illis
1071 3761 1187 3826 primis,
1206 3769 1234 3810 et

695 3852 744 3903 per
756 3849 922 3902 consequens
932 3833 982 3883 toti
997 3831 1123 3882 Ecclesiae
1133 3841 1160 3882 et
1172 3829 1233 3881 arbi

694 3917 828 3958 terrarum
848 3905 961 3971 Corpus·
976 3916 1057 3954 strum
1078 3900 1235 3953 surana*-
