2632 4320
163 244 210 296 DE
223 244 441 296 cnRI‘rnrwA
457 241 714 297 CORRECTIONE
736 240 964 302 PRODITORIS,
980 240 1058 293 ETC.
1120 254 1171 305 4or

53 361 239 413 sustinuissem
254 362 350 428 utique,
368 361 432 427 quia
454 376 515 412 ecce
535 360 587 412 ito-

52 447 96 483 mo
122 431 264 494 unanimis,
286 431 333 498 qui
361 432 421 482 dux
448 430 587 482 videbatur

52 511 79 555 et
96 510 183 567 notus,
204 503 251 570 qui
269 519 350 570 panes
366 504 468 554 Christi
484 503 586 564 edebat,

53 584 81 626 et
100 575 129 624 in
151 590 223 625 sacra
243 574 289 624 illa
303 591 377 626 coena
392 575 483 625 dulces
497 574 586 640 capie-

52 647 100 696 bat
122 643 206 705 cibos,
223 644 410 711 magnificabat
428 659 587 710 supereum

53 717 312 784 supplantationem,
338 728 364 767 et
387 717 482 768 levavit
503 717 588 768 calca-

54 803 138 838 neum
152 803 233 837 suum
258 797 353 838 contra
380 803 452 849 eum,
467 787 530 855 quia
541 802 588 837 co-

54 858 170 909 nabatur
203 860 373 925 suppeditare
408 860 508 926 ipsum.
545 857 588 909 Sic

54 929 139 981 hodie
152 928 231 979 multi
252 929 363 995 praelati,
379 929 468 980 clerici
482 939 509 980 et
522 927 588 979 reli-

54 999 124 1067 giosi
139 1000 187 1067 qui
208 1001 280 1052 laute
294 1001 389 1053 vivunt
406 1003 439 1052 de
456 1001 588 1068 patrimo-

54 1074 101 1124 nio
129 1074 277 1136 crucifixi,
309 1075 398 1128 levant
434 1078 587 1128 calcaneum

55 1154 148 1195 contra
167 1145 308 1196 Christum
324 1147 352 1196 in
369 1147 499 1198 membris
522 1148 587 1208 suis,

54 1215 259 1280 supplantantes
279 1232 318 1276 ea,
341 1226 366 1268 et
381 1218 530 1284 affligentes
542 1233 588 1269 ca-

54 1285 178 1350 lumniis,
194 1297 219 1337 et
233 1287 417 1338 exactionibus
429 1289 544 1354 injustis.

88 1354 102 1405 3
118 1357 319 1408 Drscrnuconun
329 1375 469 1420 uOEsrrrrn,
478 1360 589 1410 Cunrsrr

54 1443 197 1478 rnrrnnrrn
206 1445 240 1478 rr
252 1445 409 1480 nnomronrs
422 1446 544 1481 nunncrn.
558 1459 589 1467 -

54 1501 125 1554 Cum
141 1511 230 1552 autem
249 1503 326 1554 lesus
347 1504 416 1554 dixit
430 1504 469 1554 eis
488 1521 495 1555 ι
515 1504 590 1555 Unus

55 1587 93 1624 ex
117 1575 194 1626 uobis
220 1589 261 1626 me
287 1577 384 1640 tradet,
410 1575 466 1627 haec
487 1576 588 1627 vorin

56 1645 137 1695 corda
162 1644 284 1710 ipsorum
309 1655 340 1696 ut
365 1646 468 1712 gladius
495 1656 590 1697 acutus

54 1715 186 1777 intravit,
230 1717 371 1783 luctusque
414 1717 591 1782 intolerabilis

55 1789 172 1839 chorum
196 1788 275 1840 illum
305 1799 428 1840 sanctum
452 1800 518 1841 tunc
545 1805 589 1840 as-

55 1861 189 1926 sumpsit;
214 1871 240 1912 et
256 1861 353 1912 tristati
376 1862 514 1912 comedere
530 1876 589 1911 ces-

56 1942 199 1994 saverunt,
227 1942 252 1982 et
279 1931 457 1998 inspiciebant
487 1932 590 1998 seipsos

56 2004 184 2065 invicem,
206 2004 284 2071 quasi
307 2021 377 2056 novo
401 2015 510 2071 stupore
528 2019 589 2070 per-

55 2079 138 2142 cussi,
166 2078 320 2129 hesitantes
346 2081 379 2129 de
403 2095 458 2145 quo
481 2079 589 2129 diceret.

57 2151 118 2202 Non
134 2152 224 2202 solum
246 2161 354 2218 propter
370 2161 485 2202 mortem
502 2151 590 2218 Magi-

58 2221 106 2271 stri
127 2221 170 2271 sui
195 2221 315 2272 futuram
335 2232 399 2273 sunt
422 2221 587 2285 contristati;

57 2294 102 2345 sed
116 2293 185 2360 quia
202 2294 318 2360 quilibet
330 2295 443 2346 timebat
456 2296 490 2346 de
504 2311 541 2358 se,
556 2310 590 2344 ne

57 2373 127 2414 esset
140 2363 186 2414 ille
200 2364 247 2429 qui
263 2364 376 2415 debebat
396 2380 458 2415 eum
479 2365 590 2415 tradere.

57 2434 143 2485 Erant
163 2450 227 2500 ergo
250 2435 383 2496 admirati,
398 2435 463 2501 quia
477 2435 591 2503 quilibet

58 2521 153 2557 eorum
173 2517 272 2572 praeter
288 2507 385 2557 tudam
414 2507 546 2558 sentiebat
563 2522 591 2556 se

57 2581 175 2632 totaliter
206 2580 343 2631 firmatum
372 2580 400 2630 in
426 2583 591 2632 contrarium

56 2651 120 2703 dicti
149 2651 235 2718 ipsius
268 2652 389 2712 Christi,
412 2663 439 2704 et
466 2653 592 2704 similiter

57 2725 89 2775 de
109 2723 168 2775 suis
189 2724 278 2789 sociis,
306 2725 375 2776 sicut
401 2727 434 2776 de
461 2741 490 2777 se
515 2727 592 2792 cogi-

58 2797 146 2861 tabat}
165 2807 351 2848 verumtamen
374 2809 483 2864 propter
504 2798 592 2849 firmi-

57 2877 140 2918 tatem
180 2869 325 2918 verborum
366 2869 468 2920 Christi
507 2871 593 2936 magis

59 2937 116 3002 ejus
145 2937 232 3000 dicto,
259 2938 343 3005 quam
367 2940 424 2990 suis
451 2940 594 2991 conscien-

43 3007 104 3072 ,tiis
128 3008 278 3071 credebant,
305 3020 330 3061 et
356 3026 411 3060 non
432 3011 595 3063 haesitabant

60 3078 93 3128 de
120 3087 218 3129 eventu
244 3078 301 3139 rei,
338 3081 386 3130 sed
417 3080 450 3130 de
476 3079 523 3131 illo
547 3096 595 3147 per

60 3163 142 3214 quem
156 3147 209 3198 hoc
225 3148 351 3200 eveniret.
376 3148 539 3200 contristati
557 3164 596 3201 er·

60 3235 98 3286 go
124 3219 205 3271 ualde
228 3228 362 3287 coeperunt
388 3221 491 3288 singuli
522 3222 596 3273 dice-

62 3305 100 3352 re,
116 3291 310 3358 unusquisque
327 3307 377 3358 pro
392 3307 421 3341 se
436 3308 443 3341 :
458 3292 599 3358 Numquid

61 3375 113 3427 ego
129 3375 197 3424 sum,
219 3363 343 3425 Domine,
359 3362 462 3414 scilicet
477 3362 524 3429 qui
540 3373 596 3414 tra·

61 3430 106 3481 det
118 3429 160 3482 te?
183 3431 216 3482 Et
235 3443 305 3483 certe
331 3441 460 3483 noverant
471 3432 597 3483 undecim

60 3501 201 3568 Apostoli,
229 3502 303 3570 quod
330 3502 401 3552 nihil
426 3502 478 3554 tale
506 3514 598 3554 contra

60 3571 211 3623 Dominum
240 3573 435 3639 cogitaverant;
467 3573 514 3624 sed
539 3575 599 3640 plus

61 3642 192 3710 Magistro
212 3661 294 3712 quam
313 3645 370 3714 “sibi
393 3646 544 3706 credebant,
575 3655 601 3697 et

61 3715 190 3768 timentes
203 3717 379 3785 fragilitatem
399 3733 486 3780 suam,
510 3719 602 3770 tristes

63 3799 192 3854 quaerunt
219 3790 252 3841 de
267 3801 374 3856 peccato
390 3791 466 3856 cujus
480 3807 535 3842 non
550 3791 600 3842 ha-

63 3859 129 3912 bent
150 3858 362 3924 conscientiam,
389 3871 419 3912 ut
446 3861 545 3913 dicitur
572 3861 600 3913 in

127 3976 198 4029 Vrrn
214 3978 279 4031 iesu
295 3978 416 4042 Cnmsrr,
433 3994 521 4031 rouus
537 3979 580 4030 ΙΙΙ.

645 358 754 409 Psalmo
778 357 912 408 :Delicta
936 355 997 423 quis
1026 355 1177 422 intelligit?

640 429 762 491 Quilibet
776 429 857 481 etiam
869 430 948 481 debet
964 427 1017 479 sibi
1032 428 1126 479 timere
1141 429 1175 480 de

639 502 740 562 futuro,
753 512 998 568 quantumcunque
1012 500 1047 551 sit
1057 508 1174 553 sanctus.

649 575 688 624 Et
710 574 889 639 respondens,
910 574 971 624 ait:
989 573 1043 634 Qui
1063 573 1176 638 intingit

640 661 739 698 mecum
753 660 858 696 manum
869 645 895 696 in
906 644 1065 712 paropside,
1073 659 1119 695 seu
1132 659 1175 696 ca·
1261 674 1266 684 ·

641 718 704 778 tino,
721 717 764 768 hic
778 731 819 767 me
832 716 930 766 tradet.
952 717 1018 767 Ecce
1032 715 1174 768 humilitas

641 785 743 838 Christi
770 796 796 836 et
822 785 960 852 patientia,
982 802 1036 854 qua
1057 786 1174 853 prodito·

640 877 697 911 rem
720 859 753 910 ad
782 874 904 910 mensam
918 869 944 909 et
963 859 1103 910 scutellam
1123 860 1172 910 ad-

640 935 732 987 mittit.
748 936 789 997 Et,
804 935 954 985 secundum
963 934 1172 1002 Hieronymum,

640 1006 669 1056 in
695 1006 746 1056 hoc
772 1005 840 1056 mira
863 1014 972 1072 apparet
997 1005 1108 1055 Domini
1124 1021 1173 1073 pa-

640 1077 733 1129 rientia
760 1095 767 1128 ι
791 1078 855 1145 quia
891 1078 1010 1144 primum
1033 1078 1136 1128 dixerat
1165 1095 1173 1130 :

646 1150 721 1200 Unus
736 1163 774 1200 ex
787 1149 863 1200 uobis
878 1164 918 1201 me
933 1150 1030 1212 tradet,
1047 1165 1173 1216 perseve-

641 1232 734 1289 ratque
761 1222 883 1289 proditor
915 1222 955 1272 in*
972 1223 1052 1287 malo,
1082 1224 1175 1275 mani-

641 1291 735 1343 festius
764 1292 868 1359 arguit,
895 1301 922 1342 et
948 1300 1037 1342 tamen
1065 1294 1176 1345 nomine

642 1361 752 1428 proprio
785 1378 841 1412 non
867 1361 998 1428 designat.
1026 1363 1102 1414 Unde
1129 1378 1177 1429 per

642 1434 694 1485 hoc
709 1435 822 1485 verbum
837 1434 939 1485 Christi
958 1452 1014 1486 non
1034 1446 1178 1502 potuerant

642 1507 818 1559 determinate
834 1509 999 1574 perpendere
1013 1511 1075 1577 quis
1090 1520 1176 1576 esset,

642 1578 707 1644 quia
733 1593 828 1628 omnes
859 1578 1001 1629 duodecim
1025 1581 1058 1632 de
1082 1583 1177 1637 eodem

641 1667 703 1703 vase
729 1651 757 1701 in
776 1651 890 1702 circuitu
904 1667 967 1702 cum
980 1653 1097 1704 Domino
1114 1656 1177 1706 ede·

643 1723 718 1785 bant;
762 1721 882 1772 minores
918 1731 1007 1772 autem
1051 1724 1176 1790 discipuli

643 1807 765 1843 seorsum
781 1791 810 1841 in
824 1791 876 1842 alia
888 1807 979 1842 mensa
991 1795 1175 1847 comedebant.

643 1862 726 1922 Quasi
754 1861 853 1912 diceret
867 1862 964 1913 :Unus
979 1879 1011 1913 ex
1030 1864 1175 1916 duodecim

643 1948 687 1983 me
701 1933 795 1983 tradet.
811 1933 845 1983 Et
865 1947 897 1982 ex
915 1933 967 1983 hoc
982 1934 1046 1984 satis
1065 1946 1176 2002 apparet

642 2003 715 2069 quod
730 2002 776 2054 alii
792 2002 920 2067 discipuli
932 2015 1076 2069 praesentes
1089 2015 1174 2059 erant.

643 2074 722 2134 Quod
734 2083 824 2139 autem
839 2073 981 2124 Matthaeus
988 2077 1174 2142 paropsidem,

643 2149 748 2197 Marcus
770 2147 887 2198 catinum
909 2146 974 2196 dicit
995 2164 1001 2197 :
1020 2164 1090 2199 unus
1113 2164 1176 2216 qua-

642 2220 778 2270 draturam
807 2219 892 2282 vasis,
918 2220 984 2270 alter
1011 2223 1084 2287 quod
1107 2232 1177 2275 esset

643 2289 723 2341 fictile
758 2305 826 2356 opus
858 2289 990 2356 designat.
1029 2292 1076 2342 Est
1105 2293 1177 2344 enim

640 2360 770 2427 paropsis
799 2376 845 2412 vas
871 2361 1050 2427 quadratum,
1076 2363 1180 2416 habens

644 2446 720 2497 pares
739 2431 854 2497 apsides,
870 2431 897 2479 id
910 2441 950 2480 est
964 2431 1045 2481 latera
1059 2443 1085 2482 et
1099 2443 1182 2486 extre-

644 2501 768 2565 mitates;
791 2501 897 2551 catinus
927 2515 990 2550 vero
1020 2517 1063 2552 vas
1085 2503 1182 2565 fictile,

645 2587 692 2623 seu
721 2571 835 2631 luteum,
860 2571 893 2619 ad
917 2568 1122 2621 immittendum
1147 2572 1182 2622 li-

644 2659 758 2710 quorem
786 2652 813 2693 et
839 2643 872 2694 ad
899 2643 976 2708 plura
1000 2643 1051 2694 alia
1077 2653 1180 2709 aptum.

645 2715 741 2781 Aspice
769 2730 842 2765 nunc
867 2714 936 2764 bene
964 2714 1124 2780 discipulos,
1154 2726 1180 2768 et

645 2797 797 2854 compatere
817 2798 872 2838 tam
896 2788 1014 2838 Domino
1031 2804 1113 2854 quam
1129 2788 1178 2851 eis,

645 2862 710 2928 quia
725 2861 753 2911 in
776 2876 875 2927 magno
893 2860 985 2911 dolore
1010 2870 1072 2911 sunt
1086 2861 1178 2927 positi.

646 2934 694 2987 Ille
721 2942 809 2985 autem
829 2933 950 3000 proditor
965 2949 997 2984 ne
1019 2935 1178 2988 verba·haec

646 3009 761 3060 adeum
782 3006 913 3073 pertinere
946 3006 1110 3070 viderentur,
1130 3024 1179 3060 co-

646 3078 753 3129 medere
769 3093 823 3128 non
840 3077 961 3129 cessavit.
982 3079 1085 3130 Ceteris
1105 3080 1179 3130 enim

646 3148 809 3199 contristatis
842 3163 872 3198 ac
900 3147 1098 3200 retrahentibus
1126 3164 1181 3200 ma·
1205 3168 1208 3174 ·

648 3234 709 3280 nus,
732 3229 759 3269 et
783 3218 1010 3271 interdicentibus
1044 3221 1118 3270 cibos
1138 3219 1179 3269 ori

648 3305 708 3351 suo,
720 3289 801 3339 ludas
826 3290 973 3355 temeritate
994 3300 1020 3340 et
1036 3291 1181 3354 impuden-

649 3360 695 3424 tia,
710 3374 764 3426 qua
774 3360 931 3426 proditurus
943 3370 997 3410 erat
1012 3360 1181 3425 Magistrum,
1271 3388 1273 3393 ν

651 3445 763 3480 manum
780 3446 842 3481 cum
860 3446 892 3481 eo
908 3430 992 3480 mittit
1015 3430 1042 3480 in
1061 3430 1183 3496 paropsi-

651 3503 722 3565 dem,
738 3512 768 3552 ut
794 3500 904 3551 audacia
921 3501 1020 3550 bonam
1044 3500 1185 3550 conscien-

652 3573 718 3623 tiam
748 3572 908 3622 mentiretur
930 3586 937 3620 ι
960 3570 996 3621 Et
1017 3571 1097 3621 debes
1118 3571 1186 3622 scire

653 3644 726 3710 quod
751 3642 809 3708 ipsa
839 3656 932 3691 mensa
965 3650 1021 3691 erat
1047 3641 1075 3690 in
1095 3651 1184 3702 terra,

653 3724 679 3765 et
707 3728 784 3764 more
816 3711 927 3777 antiquo
951 3711 979 3761 in
1009 3720 1079 3762 terra
1107 3713 1187 3763 sede-

654 3796 718 3839 runt
736 3787 768 3837 ad
787 3799 891 3836 coenam
912 3784 941 3834 in
962 3784 1097 3835 coenaculo
1121 3794 1189 3836 stra·

654 3871 702 3924 to,
734 3857 810 3926 quasi
849 3857 959 3924 iacendo
988 3859 1185 3913 recumbentes.

1059 3975 1092 4026 26
