2632 4320
265 230 313 280 DE
329 228 512 281 DUODECIM
529 228 697 281 CONSILIIS
714 229 956 283 EVANGELICIS.
1142 246 1178 300 97

51 345 589 414 tentationis3necobfuscaturlunamun·

53 423 129 472 danae
148 417 329 487 gloriationis,
349 433 398 469 nee
413 417 511 469 umbra
529 432 588 467 car-

53 492 124 544 nalis
134 488 332 542 delectationis.
342 488 417 549 Item,
431 488 588 554 smaragdus

54 573 146 615 motus
175 560 291 611 lascivos
317 558 471 625 compescit,
497 557 589 609 visum

52 634 193 698 refocillat,
212 642 319 700 gratum
335 631 477 682 hominem
491 631 520 681 in
534 645 592 681 ver·

53 708 95 760 bis
110 707 213 769 reddit;
230 715 257 757 et
272 705 329 755 haec
350 705 401 755 tria
422 704 454 755 ad
469 704 589 754 litteram

52 778 134 830 efficit
150 776 267 835 castitas,
282 785 313 825 ut
326 784 406 840 patet.
423 775 501 839 Item,
514 789 590 825 sma-

53 850 152 916 ragdus
167 855 338 913 tempestates
349 845 453 910 avertit,
468 856 495 896 et
506 844 591 896 cadu-

54 939 117 974 cum
140 921 270 972 morbum
295 934 387 970 curare
412 919 528 982 dicitur·,
552 916 591 968 sic

52 994 160 1046 castitas
174 1000 360 1058 tempestatem
371 990 485 1043 carnalis
498 989 592 1054 impu·

52 1066 192 1135 gnationis
201 1065 333 1132 reprimit,
345 1073 371 1115 et
385 1065 512 1115 morbum
523 1063 590 1128 ejus,

52 1139 124 1190 unde
138 1139 225 1188 homo
238 1135 316 1202 quasi
327 1135 442 1186 caducus
454 1144 480 1184 et
495 1148 592 1184 amens

53 1208 178 1270 efficitur,
190 1206 347 1273 compescit.

83 1277 100 1330 6
118 1279 305 1331 Couaannrun
323 1290 497 1326 cansuncuuo
515 1290 592 1324 cnar-

54 1364 111 1411 ras,
120 1363 279 1399 mararsro
292 1362 468 1398 unusuaruno
480 1361 513 1395 ar
525 1360 593 1395 our-

52 1435 131 1471 cumo
166 1433 362 1470 urssmconnrn.
388 1445 419 1456 -
452 1416 591 1476 Quartum

54 1489 209 1549 consilium,
236 1489 309 1555 quod
331 1497 371 1539 est
390 1487 494 1546 caritas,
513 1494 594 1552 prout

54 1559 209 1611 extenditur
223 1559 256 1609 ad
272 1558 445 1610 dilectionem
461 1556 592 1607 inimico-

55 1647 125 1695 rum,
154 1629 280 1696 signatur
315 1644 363 1694 per
389 1628 591 1679 carbunculum.

56 1701 244 1752 Carbunculus
259 1699 373 1749 enimse
387 1697 469 1749 habet
481 1697 513 1748 ad
526 1697 593 1748 alios

57 1771 160 1837 lapides
175 1770 245 1821 sicut
260 1785 357 1820 aumm
376 1769 409 1819 ad
428 1778 514 1820 cetera
531 1783 593 1818 me-

57 1845 126 1905 talla,
157 1853 185 1893 et
208 1841 309 1892 dicitur
330 1840 445 1891 aliomm
472 1840 592 1906 lapidum

59 1913 187 1965 virtutem
198 1912 313 1975 habere;
324 1911 362 1961 sic
377 1911 472 1961 caritas
488 1909 594 1960 excellit

59 2000 153 2035 omnes
173 1983 297 2042 virtutes,
318 1990 345 2031 et
363 1979 550 2046 complectitur
565 1979 593 2029 in

61 2072 88 2107 se
106 2057 224 2107 virtutes
238 2054 387 2105 universas.
408 2052 595 2103 Carbunculus

10 2186 13 2197 ,
60 2129 136 2179 etiam
149 2137 192 2179 est
206 2126 295 2176 calore
309 2126 416 2192 igneus,
430 2125 501 2176 sicut
514 2126 594 2176 carbo

60 2198 132 2250 rivus
151 2207 232 2249 nocte
253 2197 340 2263 magis
354 2197 425 2247 lucet
442 2211 525 2263 quam
540 2196 594 2258 die,

61 2281 84 2321 et
102 2271 175 2322 circa
196 2286 226 2321 se
251 2279 357 2320 noctem
378 2269 455 2335 quasi
471 2268 501 2318 in
523 2268 597 2319 diem

64 2353 162 2406 mutat;
176 2341 216 2393 sic
235 2342 332 2392 caritas
347 2341 419 2407 ignis
433 2350 483 2402 est,
499 2349 525 2391 et
537 2357 598 2391 ma-

66 2417 100 2481 gis
109 2417 184 2468 lucet
195 2416 225 2467 in
238 2426 316 2466 nocte
327 2415 504 2476 adversitatis,
516 2430 598 2481 quam

65 2492 92 2542 in
106 2488 148 2539 die
158 2486 365 2555 prosperitatis,
385 2485 441 2536 imo
453 2485 534 2536 etiam
550 2501 599 2535 no·

67 2568 129 2609 ctem
153 2558 327 2609 adversitatis
355 2566 380 2607 et
404 2555 599 2617 tribulationis,

67 2629 139 2680 vertit
155 2629 185 2680 in
201 2628 277 2679 diem
296 2624 502 2678 consolationis.
522 2626 600 2687 Item,

70 2701 239 2753 carbunculus
254 2700 329 2766 fugat
342 2714 477 2750 venenum
492 2713 600 2749 aereum

73 2781 277 2838 etraporosum;
294 2770 333 2821 sic
346 2771 442 2821 caritas
457 2785 506 2820 sua
520 2768 600 2820 beni-

75 2841 163 2903 gnitate
191 2858 304 2894 omnem
330 2841 462 2892 malitiam
492 2840 601 2893 infecti-

75 2928 125 2965 ram
155 2915 250 2967 vincit.
282 2914 415 2974 Quintum
445 2913 599 2975 consilium,

77 2990 134 3053 quod
146 3000 188 3040 est
209 2989 400 3049 mansuetudo,
417 2989 539 3055 signatur
554 3004 601 3055 per

77 3062 256 3128 amethystum.
272 3059 450 3126 Amethystus
468 3059 542 3110 enim
561 3069 602 3109 est

79 3128 159 3181 wloris
177 3129 299 3190 violacei,
323 3138 348 3180 et
370 3130 449 3180 habet
472 3129 600 3179 virtutem

10 3256 13 3267 Ι
80 3196 238 3266 aligerandi
259 3209 285 3250 et
299 3199 429 3259 leniendi,
444 3200 517 3249 unde
534 3214 601 3265 ope-

10 3316 17 3327 ,
81 3277 138 3319 atur
150 3280 244 3321 contra
261 3269 435 3333 ebrietatem
461 3269 499 3320 sic
521 3286 601 3320 man-

10 3364 20 3412 3
84 3341 181 3391 suetudo
200 3339 340 3406 refrigerat
351 3340 468 3389 calorem
491 3339 602 3390 iracun-

84 3405 130 3471 die,
150 3422 177 3462 et
195 3411 263 3462 lenit
287 3411 434 3476 appetitum
460 3412 599 3476 vindictae,

85 3483 177 3535 undeet
189 3482 348 3534 ebrietatem
363 3484 469 3544 mentis,
486 3500 540 3550 qua
552 3485 602 3535 ali-

55 3552 58 3557 ’
84 3550 120 3615 qui
134 3553 277 3620 rapiuntur
293 3563 366 3604 extra
380 3554 553 3605 moderamen
565 3571 604 3607 ra·

10 3668 30 3695 ,Ι
85 3618 161 3686 tionis,
175 3639 208 3674 ex
236 3623 345 3688 crapula
364 3622 458 3684 animi,
482 3625 556 3675 sedat
577 3633 604 3675 et

10 3692 30 3752 ”.
84 3686 210 3749 hominem
224 3693 402 3758 tranquillum
416 3693 512 3744 reddit.
526 3695 601 3755 Item,

10 3758 31 3827 ζ
84 3767 241 3836 annhystus
264 3765 387 3831 reprimit
403 3766 486 3816 malas
502 3766 604 3833 cogita-

10 3832 32 3915 ’ψ
85 3832 168 3901 maes,
182 3846 210 3889 et
223 3834 329 3888 confert
341 3834 510 3888 inscibilibus
525 3836 605 3890 intel-

146 3952 219 4005 Vtra
241 3951 305 4003 Iesu
325 3951 445 4016 Cuarsrr,
463 3968 552 4007 rouus
567 3953 611 4006 lll.

591 4044 600 4065 δ

643 346 750 410 lectum,
766 345 805 399 sic
816 358 843 399 et
856 347 1035 401 mansuetudo
1046 365 1053 399 ι
1064 349 1138 415 quia,
1147 360 1181 402 ut

643 417 708 467 dicit
723 418 893 483 Ambrosius,
916 431 1075 472 mansuetus
1095 423 1179 474 homo

643 490 731 540 cordis
746 501 786 540 est
806 492 929 544 medicus
944 508 951 556 ;
970 503 996 542 et
1019 494 1179 547 Psalmista:

644 560 757 611 Docebr't
785 561 862 612 mites
885 564 946 615 vias
967 578 1041 616 suas.
1069 566 1180 616 Sextum

644 630 800 695 consilium,
825 633 898 700 quod
924 644 964 685 est
986 635 1180 700 misericordia,

645 701 767 767 signatur
784 718 830 768 per
855 705 1037 770 onychinum.
1057 707 1181 774 Onychi-

646 788 698 823 nus
710 773 739 822 in
751 774 839 825 colore
853 784 880 825 et
893 777 1082 841 magnitudine
1095 789 1136 829 est
1147 779 1181 831 ad

646 844 855 895 similitudinem
869 847 970 912 unguis
989 849 1113 911 humani,
1132 865 1181 916 per

645 929 749 980 ungues
764 925 854 966 autem
870 917 900 966 in
915 917 1053 983 Scriptura
1068 920 1182 972 ultima-

646 998 679 1038 tae
689 988 859 1054 operationes
869 990 1059 1057 designantur;
1075 1002 1100 1043 et
1110 1003 1181 1044 certe

646 1059 790 1110 consilium
805 1060 996 1112 misericordiae
1015 1063 1134 1113 extendit
1149 1079 1180 1114 se

646 1131 726 1181 etiam
742 1146 828 1198 usque
850 1131 884 1182 ad
898 1132 1026 1183 ultimum
1039 1133 1181 1199 possibili-

646 1201 708 1252 tatis
716 1213 828 1267 nostrae3
839 1203 895 1253 imo
904 1202 1018 1269 perfecta
1029 1203 1182 1254 misericor·

646 1275 691 1324 dia
711 1291 765 1325 non
787 1274 869 1326 habet
898 1276 1035 1337 ultimum,
1060 1287 1086 1327 et
1114 1293 1182 1327 nun-

647 1362 730 1412 quam
748 1346 885 1414 impletur,
906 1348 971 1414 quia
985 1348 1007 1398 si
1026 1347 1179 1400 miserearis

646 1430 780 1484 quantum
802 1429 887 1485 potes,
917 1420 979 1485 plus
1001 1431 1090 1471 tamen
1113 1421 1181 1472 velle

647 1489 736 1540 debes.
752 1518 782 1527 -
794 1489 869 1550 Item,
889 1490 1043 1556 onychinus
1068 1491 1182 1558 apposi-

646 1569 690 1609 tus
703 1558 812 1610 infirmo
822 1560 910 1620 ocula,
923 1570 1019 1627 sponte
1031 1577 1088 1625 sua,
1103 1561 1180 1628 quasi

647 1648 689 1683 res
708 1642 822 1694 sensata,
842 1633 925 1684 intrat
946 1634 1006 1684 sine
1028 1635 1140 1686 laesione
1153 1643 1180 1686 et

647 1703 742 1753 circuit
756 1704 876 1763 oculum,
890 1712 916 1753 et
929 1714 1050 1768 penetrat
1067 1704 1182 1756 interius

647 1787 742 1823 omnes
761 1781 856 1838 partes,
876 1787 1018 1838 quousque
1033 1773 1090 1837 ejus
1113 1789 1184 1824 con-

647 1843 743 1893 trarios
755 1842 884 1892 humores
898 1857 1007 1907 prorsus
1018 1842 1182 1908 excusserit;

648 1914 686 1964 sic
701 1911 886 1963 misericordia
907 1912 1064 1963 naturaliter
1084 1927 1116 1963 ex
1136 1927 1182 1963 se-

648 1987 707 2052 ipsa
738 1984 846 2035 oculum
872 1984 961 2034 cordis
987 1983 1131 2045 subintrat,
1156 1993 1182 2035 et

648 2073 710 2108 cum
727 2056 803 2122 pium
821 2070 867 2105 cor
883 2055 1030 2118 intraverit,
1055 2056 1183 2106 emundat

627 2154 632 2162 ·
649 2129 739 2194 ipsum
753 2127 787 2178 ab
804 2126 966 2178 humoribus
977 2127 1089 2178 vitiosis.
1105 2127 1184 2178 Unde

650 2202 803 2253 Dominus:
818 2202 899 2265 Date,
913 2201 1010 2268 inquit,
1032 2201 1184 2270 eleemosy-

651 2288 731 2336 nam;
746 2280 772 2324 et
783 2287 841 2324 ecee
853 2272 941 2324 omnia
954 2271 1054 2322 munda
1066 2277 1128 2322 sunt
1142 2286 1185 2322 vo·

653 2342 701 2393 bis.
723 2342 885 2408 Onychinus
899 2341 980 2392 etiam
1001 2342 1068 2392 valet
1092 2351 1186 2392 contra

653 2413 781 2472 scabiem,
800 2421 826 2462 et
835 2412 941 2462 dealbat
953 2410 1061 2470 faciem3
1078 2412 1116 2462 sic
1131 2412 1186 2461 mi·

653 2485 797 2536 sericordia
810 2484 925 2534 scabiem
938 2493 1107 2549 peccatorum
1120 2484 1187 2533 abs-

653 2558 742 2624 tergit,
774 2567 800 2608 et
824 2556 919 2607 faciem
947 2555 1045 2607 animae
1071 2557 1186 2618 dealbat,

654 2630 718 2694 quia
740 2626 811 2678 sicut
832 2642 902 2693 aqua
919 2626 1065 2692 exstinguit
1084 2625 1186 2692 ignem,

654 2703 690 2752 ita
701 2702 869 2766 eleemosyna
880 2699 1027 2766 exstinguit
1041 2709 1187 2766 peccatum.

654 2772 697 2832 Et,
710 2781 741 2822 ut
755 2771 821 2822 dicit
836 2771 1047 2840 chrysostomus
1062 2789 1070 2822 .·
1089 2789 1103 2819 a
1116 2772 1188 2821 Elee-

654 2857 768 2908 mosyna
791 2843 907 2892 illustrat
929 2841 1048 2891 animam
1074 2851 1101 2892 et
1128 2857 1188 2893 eam

655 2916 753 2965 bonam
766 2913 847 2964 efficit
859 2922 885 2963 et
900 2913 1033 2964 decoram.
1048 2932 1061 2961 n

686 3004 702 3053 7
728 2987 912 3037 Conanaarua
934 3003 1037 3038 insama
1061 3002 1188 3038 sannorum

654 3074 824 3118 smmrcrras,
842 3074 1024 3109 cuarsomruo
1041 3075 1189 3111 occasrouts

655 3144 780 3180 ascerum
794 3145 902 3180 vrrnrro
917 3145 950 3179 nr
965 3147 1078 3181 sannio
1092 3146 1188 3181 mrsu-

654 3215 741 3249 rrorus
755 3215 911 3251 asemona.
923 3229 953 3238 -
962 3203 1114 3267 Septimum
1129 3216 1189 3250 con·

655 3269 758 3329 silium,
778 3271 851 3336 quod
865 3281 904 3321 est
919 3271 1078 3337 simplicitas
1094 3271 1191 3320 verbo-

655 3356 725 3400 rum,
763 3339 929 3406 significatur
973 3357 1020 3407 per
1051 3341 1190 3406 jaspidem.

654 3411 742 3476 Iaspis
750 3411 822 3460 enim
834 3411 921 3461 bonus
933 3422 981 3472 est,
994 3412 1096 3470 viridis,
1111 3421 1195 3458 trans.

658 3485 760 3547 lucens,
788 3484 814 3534 et
848 3484 944 3535 rubeas
963 3485 1066 3534 habens
1094 3495 1193 3544 venas3

657 3554 695 3604 sic
712 3569 803 3604 sermo
824 3563 914 3604 noster
926 3555 1004 3604 debet
1019 3568 1079 3604 esse
1090 3549 1194 3612 viridis,

656 3636 688 3677 ut
712 3641 820 3692 semper
842 3625 945 3692 aliquid
966 3625 1030 3675 boni
1054 3623 1196 3690 germinet,

662 3698 737 3763 quod
756 3708 796 3747 est
815 3705 907 3747 contra
925 3697 1103 3761 vaniloquos,
1120 3695 1198 3744 debet

661 3783 721 3818 esse
737 3776 919 3832 transparens,
932 3775 962 3816 ut
977 3764 1006 3814 in
1018 3765 1107 3816 verbis
1120 3779 1199 3831 appa·

659 3847 718 3890 reat
741 3836 856 3921 intentio
877 3835 975 3897 cordis,
990 3837 1063 3902 quod
1082 3853 1111 3889 es
1135 3850 1200 3886 con-

1098 3969 1115 4020 'l
