2632 4320
69 283 72 289 -
154 249 190 315 64
438 251 612 302 SECUNDAE
630 251 754 302 PARTIS
772 253 888 304 CAPUT
909 256 977 305 VIII.

569 630 736 702 CAPUT
759 634 850 702 VIII

219 910 270 976 De
294 909 395 980 modo
419 905 654 999 correptionis
673 907 859 996 fraterne,
881 912 978 979 etde
1000 911 1212 984 dimittendo

460 1023 581 1112 fratri
602 1024 800 1115 septuagies
821 1026 958 1117 septies.
999 1092 1002 1101 .

544 1300 687 1361 Matthaei
717 1322 783 1384 cap.
811 1305 858 1365 18.

182 1581 191 1614 1
220 1566 386 1616 Pnecerruu
414 1581 603 1616 cosnerrtoms
619 1583 682 1617 rnn-

146 1651 249 1688 rrnure.
264 1665 294 1675 -
309 1637 341 1687 Et
354 1637 419 1704 quia
432 1638 504 1687 Deus
528 1639 625 1704 gaudet
649 1639 682 1689 de

146 1719 280 1773 peccatore
289 1724 427 1768 converso,
435 1718 628 1775 consequenter
636 1711 682 1761 dat

147 1783 259 1832 modum
287 1782 430 1833 reducendi
459 1792 622 1849 peccatorem
647 1786 680 1835 ad

146 1852 216 1903 ovile
230 1852 415 1915 Dominlcum3
432 1863 458 1902 et
472 1854 610 1918 quomodo
623 1869 682 1919 per·

145 1923 220 1973 eunti
247 1938 295 1987 per
317 1925 424 1989 culpam
444 1928 619 1974 succurratur'
633 1940 681 1990 per

145 1996 340 2061 correptionem
353 1995 506 2046 fraternam.
521 1996 597 2047 Circe
611 1997 680 2048 hanc

145 2083 207 2118 vero
242 2066 437 2132 correptionem
468 2066 612 2117 fraternam
640 2079 681 2118 est

145 2139 295 2198 sciendum,
317 2139 389 2204 quod
412 2139 545 2204 corripere
566 2155 679 2205 peccan-

145 2220 200 2260 tem
224 2219 387 2274 praeceptum
413 2219 453 2259 est
478 2209 678 2272 affirmativum,

144 2288 170 2329 et
184 2288 224 2330 est
236 2279 360 2329 omnlum
376 2280 403 2329 in
421 2295 527 2342 omnes3
544 2281 617 2346 quia,
634 2297 678 2332 se-

143 2350 263 2399 cundum
287 2350 422 2412 Glossam,
453 2349 489 2399 ita
516 2362 605 2414 peccat
630 2353 677 2418 qui

142 2418 250 2470 fratrem
263 2435 343 2470 suum
357 2435 464 2486 peccare
474 2418 547 2470 videt
560 2431 587 2471 et
600 2431 676 2484 tacet,

141 2492 210 2542 sIcut
242 2492 288 2558 qui
320 2492 438 2558 peccanti
461 2508 516 2542 non
547 2493 676 2561 Indulget.

142 2564 194 2613 Ista
220 2564 293 2614 enim
318 2564 451 2631 correptio
480 2564 618 2617 ordinatur
643 2569 676 2618 ad

142 2635 357 2684 emendationem
381 2635 469 2685 fratris
491 2638 634 2702 peccantis;
651 2645 684 2689 et'

142 2704 202 2753 ideo
223 2714 263 2754 est
282 2714 357 2754 actus
377 2705 503 2768 caritatis,
520 2716 546 2756 et
561 2709 677 2773 pertinet

142 2773 174 2822 ad
189 2772 375 2838 omnesquia,
384 2783 415 2824 ut
427 2775 526 2825 dicitur
538 2776 566 2826 in
580 2778 676 2828 Eccle-

141 2841 248 2893 siastico
263 2860 269 2892 :
289 2843 436 2910 Unicuique
450 2846 588 2896 mandauit
602 2850 676 2900 Deus

142 2915 174 2965 de
192 2915 332 2981 proximo,
354 2926 380 2966 et
402 2915 462 2967 ideo
478 2917 547 2968 sicut
560 2919 676 2985 quilibet

140 2996 246 3038 tenetur
260 2989 414 3053 proximum
435 3006 468 3041 ex
483 2991 590 3043 caritate
611 2993 675 3043 dili-

140 3076 209 3127 gere,
226 3060 260 3110 ita
276 3071 382 3113 tenetur
397 3063 516 3116 defectus
532 3067 590 3132 ejus
604 3069 675 3119 cari-

139 3132 220 3182 tative
238 3133 271 3182 ad
286 3134 501 3186 emendationem
517 3138 574 3202 ejus
588 3141 674 3190 corri-

139 3218 209 3268 gere.
237 3203 299 3253 Plus
320 3215 410 3254 tamen
433 3207 534 3257 adhoc
556 3209 674 3275 ligantur

139 3272 241 3338 praelatl
263 3290 345 3339 quam
364 3276 424 3339 alii3
441 3277 505 3343 quia
526 3281 626 3344 praelati
640 3297 673 3332 ex

138 3347 195 3396 zelo
210 3346 336 3412 caritatis,
350 3358 376 3399 et
390 3366 422 3400 ex
435 3350 524 3402 officio
538 3353 673 3417 praelatio-

140 3415 193 3477 nis,
207 3416 253 3467 sed
267 3417 328 3468 aliis
342 3429 447 3471 tantum
463 3437 494 3472 ex
507 3423 564 3472 zelo
576 3424 673 3475 carita-

139 3485 184 3536 tis.
208 3487 284 3550 Item,
305 3490 406 3555 praelati
427 3491 526 3542 habent
539 3494 672 3560 corripere

139 3555 221 3605 verbo
236 3568 262 3608 et
275 3556 388 3624 flagello,
403 3561 448 3610 alii
462 3570 567 3612 tantum
581 3564 670 3616 verbo.

138 3622 173 3672 Et
183 3640 246 3675 cum
256 3626 290 3678 sit
299 3641 462 3696 praeceptum
472 3631 670 3695 affirmatIvum,

139 3689 205 3757 ligat
227 3710 343 3762 semper,
367 3701 412 3751 sed
435 3716 488 3751 nou
509 3702 543 3752 ad
567 3717 674 3770 semper

139 3769 348 3831 exsequendum,
365 3773 411 3822 sed
431 3788 479 3839 pro
494 3774 552 3824 loco
566 3783 592 3824 et
610 3784 675 3826 tem-

140 3848 215 3899 pore,
239 3842 349 3903 quando
372 3842 434 3894 licet
457 3854 483 3894 et
506 3845 622 3911 expedit,
648 3857 674 3898 et

737 1566 820 1617 homo
830 1568 916 1618 credit
928 1569 1001 1634 quod
1018 1568 1151 1635 correptio
1166 1570 1201 1620 sit
1215 1570 1269 1621 uti·

736 1638 770 1687 lis
786 1639 857 1703 apud
872 1638 949 1689 illum
971 1656 1052 1706 quem
1070 1640 1204 1706 corrigere
1215 1641 1268 1692 'in-

736 1709 830 1759 tendit.
854 1711 923 1761 Sunt
938 1721 1028 1761 autem
1051 1711 1268 1777 quinquennem

739 1779 767 1828 in
787 1779 889 1845 quibus
908 1781 1057 1833 absolvitur
1071 1783 1155 1833 homo
1172 1784 1207 1833 ab
1218 1784 1268 1835 isto

737 1861 880 1917 praecepto.
905 1851 1021 1911 Primus,
1036 1869 1098 1903 cum
1119 1868 1176 1903 non
1196 1855 1269 1906 adest

735 1921 826 1988 aliqua
857 1939 918 1989 spes
949 1924 1169 1989 emendationis;
1198 1927 1269 1977 unde

735 1994 922 2060 Hieronymus
936 2012 945 2045 .·
960 2014 974 2041 s
988 1996 1098 2048 Frustra
1110 1997 1170 2058 niti,
1183 2007 1210 2048 et
1225 1998 1269 2049 ni-

735 2063 775 2113 hil
795 2079 877 2129 quam
891 2064 985 2115 odium
1000 2080 1128 2132 quaerere,
1143 2077 1268 2119 extreme

734 2133 873 2183 dementiae
885 2144 934 2184 est.
949 2153 963 2182 n
978 2136 1127 2195 Secundus,
1148 2153 1213 2189 cum
1231 2138 1266 2189 ti-

734 2214 823 2253 metur
843 2203 962 2255 defectus
985 2205 1153 2271 probationis
1173 2218 1199 2259 et
1214 2207 1266 2259 cri-

734 2275 870 2325 minaliter
887 2275 983 2341 agitur,
1006 2275 1053 2326 ubi
1072 2278 1181 2329 scilicet
1194 2289 1266 2331 actor

732 2347 765 2396 ad
781 2346 917 2407 talionem,
937 2347 960 2397 si
983 2348 1012 2397 in
1027 2348 1188 2414 probatione
1200 2350 1265 2402 defi·

732 2419 792 2479 citt,
809 2419 952 2485 obligatur.
974 2421 1092 2481 Tertius,
1111 2436 1175 2474 cum
1197 2438 1264 2489 prte-

732 2488 785 2538 Iato
805 2498 932 2554 tanquam
957 2490 1040 2555 judici
1056 2501 1152 2542 notum
1171 2492 1264 2545 estfe-

731 2571 817 2628 ctum,
838 2562 902 2628 quia
927 2563 972 2613 ille
996 2565 1119 2615 notorius
1146 2576 1202 2631 est,
1225 2567 1263 2618 vel

731 2635 878 2685 convictus.
907 2633 1042 2695 Quartus,
1070 2652 1133 2686 cum
1161 2637 1263 2689 meliori

732 2704 817 2770 operi,
833 2705 873 2754 vel
885 2705 917 2753 ad
933 2705 1023 2755 minus
1038 2720 1116 2772 aeque
1134 2708 1209 2758 bono
1221 2722 1264 2759 vu-

731 2770 781 2837 cat,
807 2775 878 2826 sicut
899 2777 1024 2828 monachi
1045 2777 1133 2829 facere
1158 2779 1263 2831 debent.

731 2845 864 2906 Quintus,
888 2861 949 2897 cum
977 2849 1123 2899 multitudo
1149 2851 1192 2902 vel
1216 2865 1263 2917 po-

730 2925 811 2976 testas
834 2925 873 2966 est
899 2917 927 2966 in
950 2919 1037 2984 culpa,
1064 2919 1111 2969 ubi
1133 2919 1262 2987 correptio

729 2989 790 3054 plus
814 2998 920 3040 noceret
942 2990 1074 3052 Ecclesiae,
1098 3007 1181 3058 quam
1199 3007 1261 3058 pro·

729 3063 832 3126 desset;
847 3063 921 3113 unde
934 3073 976 3114 est
989 3079 1083 3116 versus
1099 3082 1105 3116 :
1164 3122 1167 3127 .

727 3206 790 3257 Nou
804 3219 874 3272 spes,
891 3221 942 3257 unu
957 3206 1042 3270 testis,
1054 3209 1142 3274 plebe,
1159 3212 1262 3278 proerul

953 3280 1020 3343 lecit,
1037 3281 1183 3333 monachus
1194 3298 1260 3336 sum.

759 3438 774 3470 2
808 3421 897 3471 Hurus
924 3436 1013 3472 uouus
1040 3439 1074 3472 nr
1102 3439 1203 3476 sonus.
1231 3454 1258 3464 -

727 3491 853 3545 Ostendit
869 3507 932 3557 ergo
947 3492 992 3543 hic
1011 3493 1134 3545 debitum
1149 3498 1259 3548 modum

727 3565 905 3632 correptionis
926 3565 1016 3631 huius,
1032 3577 1059 3617 et
1077 3569 1142 3634 quis
1155 3571 1222 3621 ordo
1233 3570 1260 3620 in

727 3651 854 3705 processu
871 3637 930 3702 ejus
946 3637 981 3687 sit
996 3639 1150 3691 servandus.
1167 3641 1262 3693 Pecca-

728 3718 786 3759 tum
810 3705 883 3757 enim
905 3705 995 3757 fratris
1017 3719 1064 3758 aut
1077 3719 1117 3760 est
1138 3710 1189 3762 tibi
1211 3709 1261 3763 soli

728 3778 876 3846 cognitum,
893 3789 940 3830 aut
963 3789 1003 3830 est
1018 3781 1168 3846 publicum.
1190 3783 1262 3835 Situ

728 3851 804 3901 solus
818 3849 880 3913 scis,
896 3864 951 3901 non
965 3860 996 3901 ut
1009 3850 1082 3902 Deus
1091 3868 1140 3919 per
1154 3853 1261 3906 confes·
