2632 4320
391 205 438 256 DE
458 204 599 256 VlLLlCO
619 204 846 264 lNlQUlTATlS.
1127 206 1175 258 123

61 320 135 371 limus
164 321 191 370 in
216 320 285 372 hunc
310 322 443 386 mundum,
467 332 493 372 et
517 322 588 372 nihil

60 392 119 442 hinc
138 392 300 451 auferimus,
321 403 488 459 possuntque
508 392 590 443 nobis

58 462 154 513 auferri
178 464 261 513 etiam
282 465 455 529 nolentibus;
476 464 590 530 dispen-

57 533 188 584 sationem
207 535 340 583 bonorum
359 535 452 603 gratiae
467 544 493 585 et
515 535 589 585 divi-

56 606 153 657 tiarum
166 607 360 674 spiritualium,
371 624 432 674 quae
443 623 512 660 verae
522 608 592 659 divi-

58 679 99 730 tiae
116 690 193 739 sunt,
219 690 245 730 et
271 690 371 742 nostra,
394 681 458 747 quia
482 680 590 748 proprie

58 752 165 803 homini
189 752 325 818 deputata,
343 754 375 804 ad
390 770 420 804 ea
443 755 516 804 enim
540 755 591 804 ha-

58 824 143 873 benda
161 823 219 873 nati
231 839 336 886 sumus,
352 841 400 874 nec
413 836 524 890 possunt
539 842 591 876 no-

58 893 97 943 bis
127 892 229 944 auferri
262 894 424 958 nolentibus,
449 897 541 947 nullus
566 896 591 946 ei

57 964 163 1015 credere
176 964 221 1014 vel
239 964 302 1015 dare
319 966 406 1026 debet,
421 967 486 1033 quia
506 967 533 1017 in
554 968 594 1018 eis

56 1037 135 1088 etiarn
151 1036 275 1086 infidelis
290 1049 368 1089 esset.
388 1039 465 1090 Unde
477 1042 589 1091 Ambro-

57 1109 112 1158 sius
137 1127 147 1158 .-
170 1126 184 1153 <r
215 1109 318 1160 Alienae
343 1126 358 1160 a
380 1111 460 1161 nobis
486 1111 590 1163 divitiae

56 1191 126 1242 sunt,
151 1181 218 1247 quia
245 1192 341 1247 praeter
369 1194 492 1234 naturam
517 1197 591 1236 sunt.

57 1252 151 1318 Neque
166 1252 312 1302 nobiscum
329 1265 485 1316 nascuntur,
500 1272 586 1322 neque

58 1323 201 1373 nobiscum
225 1333 371 1375 transeunt.
394 1326 487 1392 Neque
515 1327 589 1377 enim

58 1406 146 1446 nostra
159 1404 227 1446 sunt
242 1411 303 1462 quae
314 1412 369 1446 non
380 1413 524 1462 possumus
542 1415 592 1449 au-

58 1465 121 1517 lerre
137 1468 296 1518 nobiscum.
308 1469 370 1519 Sola
385 1469 470 1519 virtus
484 1481 524 1520 est
543 1487 592 1520 co-

59 1553 110 1589 mes
124 1538 325 1599 defunctorum,
338 1541 395 1589 sola
404 1556 453 1590 nos
469 1541 592 1607 sequitur

60 1611 253 1661 misericordia.
264 1631 278 1658 n
289 1612 333 1673 Et,
343 1622 373 1662 ut
384 1612 449 1662 dicit
459 1614 594 1678 Augusti-

10 1706 17 1715 ·
60 1694 105 1731 nus
119 1698 128 1732 r
141 1700 156 1728 α
165 1682 259 1731 Potest
266 1680 349 1732 homo
359 1681 460 1734 invitus
472 1684 594 1734 amittere

63 1751 127 1803 bona
141 1753 318 1817 temporalia;
335 1769 475 1820 nunquam
489 1765 593 1811 autem,

63 1823 109 1875 uisi
121 1826 228 1885 volens,
244 1825 332 1891 perdit
345 1836 453 1878 aeterna.
467 1846 481 1874 n
497 1827 595 1877 Secun-

64 1896 123 1951 dum
138 1899 255 1961 Eadem,
273 1900 300 1949 in
319 1900 427 1951 minimo
442 1906 483 1950 est
494 1900 592 1966 fidelis

10 2026 13 2035 ¹
66 1968 106 2034 qui
120 1970 204 2021 habet
219 1971 322 2022 viscera
336 1972 453 2037 pietatis,
472 1982 497 2022 et
510 1988 594 2039 opera

10 2076 13 2117 ι
67 2041 261 2104 misericordiae‚
282 2044 370 2094 dando
395 2045 589 2112 eleemosynas,

10 2124 14 2133 ·
69 2120 90 2161 et
110 2112 248 2181 diligendo
267 2113 420 2179 proxim0s;
448 2115 476 2166 iu
493 2115 595 2181 'majori

71 2189 103 2233 est
118 2184 223 2250 fidelis,
249 2185 299 2253 qui
328 2186 443 2237 omnino
474 2188 595 2238 adhaeret

72 2250 188 2316 Creatori,
208 2266 236 2306 et
256 2272 328 2307 unus
351 2256 462 2323 spiritus
480 2274 542 2309 cum
563 2273 595 2308 eo

74 2324 193 2379 desiderat
204 2328 274 2380 fieri.
287 2330 338 2380 Sed
351 2331 397 2395 qui
404 2330 527 2398 fratrem
543 2345 595 2381 non

76 2393 154 2463 diligit
166 2414 243 2464 quem
261 2398 341 2461 videt,
358 2415 407 2450 nec
417 2400 494 2466 egeni
510 2400 595 2450 mise-

78 2477 144 2529 retur,
158 2471 291 2537 quomodo
304 2471 403 2536 diliget
415 2473 500 2522 Deum
518 2486 594 2538 quem

81 2542 194 2595 mandet
200 2562 211 2608 ,·
221 2554 249 2594 et
260 2544 398 2611 quomodo
411 2544 531 2611 seipsum
539 2545 595 2595 Deo

647 321 764 371 tribuet?
777 321 861 371 Valde
875 337 938 387 ergo
950 321 1175 372 considerandum

647 404 695 453 est,
709 393 737 443 in
751 393 878 443 electione
893 394 1065 459 praelatorum
1076 404 1101 444 et
1111 410 1176 459 prae-

647 465 796 531 positorum
821 466 913 531 quales
937 466 964 513 in
988 465 1095 514 modico
1118 464 1177 515 fue-

647 546 719 600 runt,
735 535 839 602 etquid
862 535 968 600 pietatis
987 536 1176 586 misericordiae

646 609 805 673 habuerint;
828 609 958 676 quoniam
974 610 1020 675 qui
1039 610 1065 659 in
1084 610 1174 660 modi-

646 694 677 728 co
691 678 782 729 fideles
796 695 850 729 non
865 688 937 741 sunt,
953 678 981 727 in
993 680 1097 744 magnis
1113 695 1178 745 quo·

646 766 699 816 quc
714 749 804 801 fideles
821 767 875 800 non
900 760 987 800 erunt.
1005 751 1082 801 Unde
1107 767 1177 816 prae-

647 822 717 888 cepit
734 823 881 887 Apostolus
895 821 1042 871 Timotheo
1061 832 1086 872 et
1100 822 1174 879 Tito,

647 906 677 945 ut
701 895 729 944 in
752 895 876 961 eligendo
902 895 1039 960 Episcopo
1070 909 1178 960 semper

647 966 874 1031 praeoensiderent
894 966 917 1016 si
934 965 1023 1015 fidelis
1039 962 1129 1028 fuerit,
1151 974 1177 1014 et

647 1054 702 1087 non
731 1053 826 1088 avarus
853 1037 882 1087 in
913 1036 1114 1102 dispensatione
1137 1036 1175 1085 rei

647 1108 804 1171 familiaris;
829 1123 900 1174 saepe
924 1107 997 1158 enim
1030 1121 1124 1155 avarus
1147 1105 1175 1154 in

645 1179 799 1246 erogatione
814 1179 934 1246 pecuniae
951 1178 1104 1244 corporalis,
1119 1192 1180 1227 ava·

648 1269 694 1303 rus
708 1263 749 1302 est
765 1252 793 1302 in
809 1253 963 1319 erogatione
978 1251 1071 1301 talenti
1093 1249 1177 1316 spiri-

646 1327 736 1386 tualis,
757 1336 787 1375 ut
800 1326 838 1375 nil
852 1341 912 1376 vere
936 1324 1026 1384 faciat,
1049 1323 1101 1373 nisi
1126 1338 1175 1388 pro

647 1396 768 1462 pecunia,
784 1397 825 1447 vel
842 1412 890 1462 pro
905 1396 1037 1460 personis,
1058 1405 1084 1445 et
1106 1395 1178 1458 juxta

646 1467 826 1533 acceptionem
848 1482 1034 1532 personarum.
1056 1465 1178 1517 Comita-

647 1552 691 1591 tur
705 1540 778 1590 enim
797 1555 860 1590 eum
876 1555 947 1604 saepe
966 1538 1075 1590 avaritia
1089 1547 1116 1587 et
1128 1553 1178 1587 cu-

647 1612 746 1678 piditas
756 1626 842 1677 usque
854 1611 887 1671 ad
899 1609 1058 1675 spiritualia,
1068 1609 1104 1658 Et
1116 1608 1176 1657 ideo

647 1684 713 1734 tales
734 1682 756 1732 si
779 1690 973 1748 promoventur
996 1680 1023 1729 in
1046 1678 1172 1740 Ecclesia,

648 1772 705 1806 non
718 1770 750 1805 ex
764 1754 814 1804 Dei
835 1751 1015 1810 ordinatione,
1032 1751 1078 1800 sed
1091 1747 1179 1813 magis

648 1843 681 1877 ex
694 1822 872 1892 permissione
885 1823 1002 1890 quadam
1013 1820 1113 1871 divina.
1124 1820 1179 1869 De-

648 1914 711 1948 mus
728 1897 811 1963 igitur
824 1895 923 1955 aliena,
945 1904 975 1944 ut
999 1891 1179 1958 suscipiamus

648 1981 755 2032 nostra,
777 1968 943 2035 praebeamus
960 1980 1049 2032 parva,
1065 1975 1095 2015 ut
1109 1963 1179 2014 reci-

649 2043 756 2108 piamus
777 2055 875 2106 magna
881 2055 889 2103 ;
906 2038 1074 2089 seminemus
1088 2035 1117 2086 in
1132 2035 1180 2085 be-

649 2112 810 2172 nedictione,
825 2122 855 2161 ut
869 2119 1002 2162 metamus
1019 2107 1179 2159 benedictio·

649 2202 732 2251 nem;
747 2185 794 2236 sed
809 2183 856 2250 qui
862 2199 948 2251 parce
963 2183 1086 2244 seminat,
1095 2193 1179 2246 parce

648 2264 674 2308 et
688 2264 776 2308 metet.
787 2257 815 2307 Si
830 2257 898 2306 bene
907 2256 1096 2321 dispensamus
1107 2253 1177 2302 bona

650 2330 764 2391 minora,
779 2328 882 2379 scilicet
897 2327 1011 2377 fortunae
1022 2336 1047 2376 et
1060 2335 1179 2385 naturae;

650 2400 816 2453 merebimur
828 2399 979 2465 promoveri
995 2399 1028 2448 ad
1039 2398 1111 2447 bona
1124 2410 1180 2443 ma-

650 2474 715 2538 jora,
727 2470 828 2521 scilicet
842 2470 933 2537 gratiae
947 2479 974 2519 et
985 2466 1087 2534 gloriae.

555 2767 695 2818 ORATIO

108 2928 214 2985 &mine
236 2936 301 2986 lesu
321 2935 438 2994 Christe,
457 2935 576 2986 animam
603 2951 691 2986 meam
705 2933 749 2985 fac
758 2933 890 2984 virtutum
904 2930 1006 2989 villam,
1020 2944 1053 2979 ne
1076 2927 1189 2979 villicus.

87 3008 143 3065 mlta,
156 3008 225 3059 ratio
238 3024 307 3072 mea,
323 3008 436 3075 dissipet
446 3010 515 3058 bona
529 3018 576 3058 tua
594 3008 661 3058 mihi
675 3008 794 3072 credita3
810 3007 874 3073 quia
887 3014 949 3071 post
963 3015 1078 3053 mortem
1093 2999 1184 3052 nescio

87 3075 136 3137 quid
157 3079 289 3130 meritorii
303 3078 407 3132 faciam.
433 3080 550 3130 Remitte
571 3079 638 3129 mihi
655 3090 764 3129 centum
779 3079 859 3128 cados
873 3076 926 3126 olei
948 3091 1018 3142 quos
1035 3074 1085 3124 tibi
1100 3072 1184 3121 debeo

88 3151 396 3222 &contemplationem
411 3161 437 3202 et
450 3162 558 3202 centum
571 3167 648 3201 coros
668 3149 759 3210 tritici,
779 3164 851 3215 quos
863 3147 912 3198 tibi
926 3147 1011 3197 debeo
1026 3161 1072 3210 per
1087 3155 1183 3207 opera·

87 3222 186 3285 mnem3
199 3232 226 3271 et
239 3221 320 3272 amici
335 3223 374 3272 tui
386 3237 525 3288 pauperes,
541 3223 588 3290 qui
604 3233 629 3273 te
643 3222 770 3288 diligunt,
790 3229 816 3270 et
830 3219 880 3270 tibi
892 3217 1105 3271 conformantur,
1120 3211 1183 3291 fiant

88 3288 127 3338 M
137 3293 207 3357 apud
219 3305 247 3344 te
260 3295 460 3354 intercessores,
477 3296 607 3356 advocati,
624 3305 650 3345 et
667 3293 784 3360 patroni.
805 3302 836 3343 ut
850 3307 912 3341 cum
927 3289 1047 3340 defecero
1067 3296 1184 3351 proprus

87 3360 185 3428 nates,
197 3376 225 3415 et
238 3367 272 3415 ab
286 3367 336 3416 hac
351 3366 416 3425 vita,
427 3366 541 3431 recipiar
555 3367 661 3417 meritis
670 3381 766 3416 eorum
780 3373 806 3414 et
816 3361 952 3428 suffragiis
965 3360 994 3411 in
1003 3360 1100 3408 domos
1111 3367 1184 3410 suas,

87 3429 173 3485 teucer
187 3436 215 3486 in
229 3448 330 3488 aeterna
345 3446 372 3487 et
385 3437 481 3487 dilecta
498 3438 677 3490 tabernacula.
692 3439 788 3488 Amen.
