2632 4320
314 279 360 329 DE
375 275 626 328 PERFECTIONE
644 274 898 326 PAUPERTATIS.
1137 291 1169 343 91
1254 295 1257 299 ν
1279 326 1284 339 .
1306 304 1309 311 ,

641 391 713 441 enim
735 389 847 456 diligere
870 399 958 457 potest
975 405 1056 456 quem
1072 389 1174 440 nescit?

52 393 229 443 contristatus
254 402 294 443 est
315 392 344 442 in
368 392 457 442 verbis
486 389 587 442 Christi

52 463 173 514 rorantis
182 480 245 514 eum
255 465 288 514 ad
300 463 499 530 perfectionem.
511 463 587 512 Ado-

52 537 152 585 lescens
165 535 269 600 quippe
287 546 342 586 erat
362 535 511 586 secundum
524 534 587 583 ani-

52 621 133 666 mam,
150 615 178 655 et
193 616 333 671 propterea
342 604 499 671 relinquens
511 603 588 654 Chri-

51 687 124 727 stum
137 676 206 728 abiit
220 694 228 726 τ
242 697 256 725 n
271 677 327 727 haec
340 676 519 743 Augustinus.
534 675 587 725 Sed

51 751 103 801 tale
109 757 169 801 rete
180 750 297 815 frustra
302 750 409 816 jacitur
422 756 485 800 aute
494 748 585 799 oculos

46 828 249 888 perstaturum
273 822 374 872 scilicet
398 822 586 886 contemplan-

50 893 119 942 tium
134 890 327 958 perfectorum,
345 891 392 958 qui
408 891 586 942 tantominus

50 963 244 1014 contristantur
259 963 332 1029 quod
347 964 445 1013 desunt
455 972 588 1028 tempora-

50 1033 94 1092 lia,
111 1042 216 1099 quanto
237 1033 325 1098 magis
338 1042 467 1100 appetunt
480 1043 586 1083 aeterna.

52 1103 128 1163 Nam,
144 1113 179 1154 ut
193 1104 232 1153 ait
244 1104 405 1170 Gregorius,
420 1113 494 1153 tanto
509 1101 587 1169 quis-

50 1189 100 1240 que
114 1174 210 1224 minus
218 1175 297 1225 dolet
322 1176 393 1240 quod
409 1175 508 1224 adsunt
523 1183 588 1223 tem·

52 1245 161 1309 putatia,
187 1254 214 1294 et
240 1245 287 1312 qui
310 1245 402 1294 minus
424 1245 496 1295 dolet
514 1243 587 1310 quod

51 1318 147 1368 desunt
166 1318 335 1383 temporalia,
346 1318 444 1369 certius
457 1326 588 1381 exspectat

52 1398 80 1437 ut
92 1389 187 1438 adsint
201 1399 309 1438 [eterna.
317 1390 350 1439 Et
357 1389 427 1453 ideo,
439 1387 587 1438 secundum

52 1459 232 1521 Gemradium,
259 1460 362 1510 bonum
387 1469 428 1510 est
451 1458 588 1510 facultates

53 1548 112 1582 cum
130 1532 338 1597 dispensatione
350 1533 514 1599 pauperibus
526 1549 588 1583 ero-

53 1618 128 1667 gare;
140 1604 190 1654 sed
205 1604 305 1654 melius
314 1615 364 1664 est,
376 1621 425 1670 pro
440 1605 588 1656 intentione

54 1675 184 1740 sequendi
199 1675 350 1737 Christum,
362 1676 455 1726 omnia
464 1687 489 1726 et
501 1686 586 1727 totum

51 1746 133 1797 simul
145 1748 257 1809 donare,
272 1757 297 1798 et
320 1748 475 1798 absolutum
488 1763 504 1798 a
517 1749 589 1799 solli·

53 1818 173 1869 titudine
201 1835 266 1869 cum
295 1820 407 1871 Christo
433 1836 519 1886 egere.
552 1821 588 1872 Ut

53 1890 123 1939 enim
138 1890 205 1940 dicit
224 1890 436 1958 chrysostomus
459 1909 467 1942 :
490 1910 503 1938 a
527 1892 587 1942 Non

53 1959 179 2011 similiter
193 1961 351 2010 detinentur
365 1961 412 2026 qui
434 1977 516 2027 pauca
536 1962 587 2011 ha-

55 2031 125 2097 bent,
140 2032 234 2099 etqui
248 2033 343 2082 multis
356 2033 508 2097 abundant;
524 2049 588 2101 quo·

57 2102 131 2166 niam,
150 2103 267 2167 abiectio
289 2102 445 2154 divitiarum
460 2105 587 2169 majorem

56 2174 174 2224 accendit
188 2173 336 2235 flammam,
356 2184 381 2225 et
402 2175 545 2226 violentior
558 2175 589 2226 fit

57 2247 159 2312 mpido.
176 2248 239 2297 Non
257 2248 348 2297 solum
368 2257 458 2298 autern
478 2249 588 2300 divitia-

58 2331 113 2367 rum
139 2319 287 2384 possessio,
317 2321 362 2370 sed
386 2321 467 2370 etiam
496 2336 587 2372 rerum

58 2386 166 2438 aliarum
186 2388 328 2438 diversitas
344 2390 486 2442 homiuem
507 2407 523 2442 a
538 2391 586 2441 Dei

59 2450 279 2525 contemplatione
302 2471 328 2510 et
350 2460 466 2528 perfecto
496 2478 588 2513 amore

60 2526 166 2594 impedit
178 2540 205 2580 et
217 2531 322 2582 avertit.
337 2551 351 2580 n
366 2533 445 2583 Unde
458 2534 587 2598 Augusti·

62 2611 120 2650 uus:
136 2618 150 2646 u
163 2601 367 2667 Temporalium
379 2619 470 2653 rerum
491 2603 587 2653 multi-

64 2665 177 2722 formitas
203 2672 238 2722 ab
254 2673 354 2725 unitate
374 2673 423 2723 Dei
446 2674 587 2725 hominem

10 2780 14 2801 ,
66 2751 103 2800 per
121 2743 240 2791 carnales
264 2758 360 2809 sensus
380 2744 537 2805 diverberat,
562 2756 588 2796 et

67 2811 177 2861 mutabili
186 2812 313 2862 varietate
325 2815 380 2878 ejus
390 2814 513 2864 affectum
521 2818 589 2866 mul·

68 2879 165 2944 tiplicat.
177 2884 267 2946 Quem
279 2885 460 2950 ergodelectat
468 2887 588 2949 libertas,

69 2951 94 2999 ab
105 2968 193 3006 amore
208 2957 382 3008 mutabilium
394 2959 462 3009 liber
477 2976 535 3010 esse
545 2977 589 3026 ap·

71 3035 142 3088 petar,
155 3038 181 3077 et
195 3044 276 3094 quem
288 3045 397 3095 regnare
410 3030 530 3090 delectat,
541 3031 589 3081 uni

72 3096 182 3146 omnium
215 3099 349 3164 regnatori
376 3099 434 3150 Deo
463 3101 590 3150 subditus

72 3162 164 3220 hatest.
187 3188 201 3217 n
229 3170 262 3219 Et
282 3169 403 3220 iterum:
423 3189 437 3216 a
452 3171 512 3240 Duo
528 3180 591 3220 sunt

73 3247 171 3302 amores,
195 3240 292 3290 mundi
317 3250 344 3290 et
366 3241 426 3292 Dei.
436 3241 470 3290 si
494 3242 588 3291 mundi

74 3319 134 3360 tuor
154 3312 266 3372 habitat,
282 3329 338 3362 non
360 3324 399 3363 est
425 3331 479 3380 quo
506 3315 591 3365 intret

75 3391 138 3431 {mor
165 3384 226 3434 Dei.
261 3385 330 3435 Cum
359 3385 515 3436 exhauseris
544 3402 590 3437 cor

75 3460 137 3505 tuum
156 3457 190 3507 ab
216 3473 309 3508 amore
331 3467 454 3519 terreno,
482 3459 592 3510 hauries

75 3535 177 3576 umorem
195 3527 330 3578 divinum.
342 3547 356 3575 n
372 3528 450 3579 Unde
472 3539 498 3580 et
519 3530 591 3580 Gre-

76 3598 174 3656 gorius:
190 3618 203 3646 u
221 3601 290 3650 Cum
310 3601 456 3666 cupiditate
478 3613 591 3653 terrente

76 3669 215 3724 substantiae
229 3675 301 3724 Deus
312 3690 367 3724 non
382 3675 514 3741 diligitur,
528 3677 592 3743 quia

77 3746 181 3793 terrenus
194 3760 271 3794 amor
286 3746 394 3795 oculum
411 3747 510 3796 mentis
531 3763 592 3797 sor-

76 3808 155 3888 didans
179 3826 299 3878 excaecat,
323 3833 357 3868 ne
373 3817 465 3869 divina
486 3819 590 3870 claritas

76 3884 195 3938 lldeatur..
216 3888 269 3938 Nec
299 3889 409 3940 mirum.
444 3890 587 3949 Quomodo

640 465 694 513 Aut
720 465 857 531 quomodo
878 465 936 524 scit,
964 463 997 512 ad
1021 478 1102 529 quem
1125 479 1175 513 ne-

640 535 779 585 sciendum
800 536 910 585 oculum
923 534 1011 585 cordis
1025 533 1142 584 claudit?
1159 553 1174 581 i>

640 607 717 656 Unde
726 606 807 656 etiam
821 606 1051 672 chrysostomus:
1063 624 1076 652 (ι
1086 607 1175 656 Fumo

640 677 745 728 similes
768 688 830 728 sunt
858 678 985 727 humanae
1017 693 1070 727 res.
1096 676 1174 728 Nihil

640 749 713 798 enim
735 749 772 799 ita
793 748 931 799 contristat
945 748 1043 797 animae
1062 748 1173 797 oculum

640 831 667 870 et
687 820 784 880 turbat,
799 830 829 870 ut
852 818 913 869 vitae
939 818 1020 882 hujus
1047 833 1173 868 curarum

640 894 727 953 turba,
740 903 767 943 et
779 891 1060 958 concupiscentiarum
1075 890 1174 940 multi-

641 966 719 1028 tudo;
746 966 804 1015 haec
827 965 901 1015 enim
920 963 989 1015 fumi
1005 964 1087 1027 hujus
1108 972 1174 1014 sunt

640 1037 721 1102 ligna.
742 1057 756 1085 u
778 1039 857 1089 Unde
877 1048 909 1087 ¹et
935 1035 1099 1095 Anselmus:
1116 1052 1129 1080 u
1144 1034 1173 1084 Si

639 1110 681 1158 vis
692 1125 750 1160 esse
770 1109 888 1176 quietuS,
903 1107 941 1156 nil
955 1105 1039 1156 seculi
1054 1116 1173 1170 appetas.

640 1181 750 1246 Semper
762 1181 883 1246 requiem
898 1178 995 1228 mentis
1013 1176 1135 1234 habebis,
1150 1175 1173 1225 si

640 1267 655 1301 a
678 1262 704 1301 te
733 1251 828 1301 mundi
853 1266 930 1302 curas
954 1247 1089 1313 abjeceris
1118 1245 1172 1303 Qui

641 1323 714 1373 curis
737 1324 851 1374 terrenis
876 1339 905 1373 se
932 1321 1060 1386 implicat,
1087 1315 1171 1367 aDei

641 1409 732 1444 amore
745 1410 774 1444 se
794 1402 906 1459 separat.
921 1413 935 1461 3>
946 1392 983 1442 Et
996 1400 1026 1440 ut
1041 1390 1068 1439 in
1081 1386 1174 1454 paucis

641 1469 726 1518 multa
740 1468 885 1533 intelligas,
899 1466 1006 1517 attende
1022 1478 1105 1529 pauca
1116 1477 1173 1511 ver-

641 1539 674 1588 ba
687 1539 837 1604 Augustini
855 1538 894 1588 sic
916 1535 1052 1586 dicentis:
1068 1553 1081 1580 u
1097 1531 1174 1582 Nihil

641 1610 702 1673 plus
717 1610 780 1660 novi
795 1625 861 1672 esse,
875 1624 957 1674 quam
972 1607 1022 1656 ista
1033 1601 1174 1654 sensibilia

640 1679 776 1744 fugienda.
792 1699 805 1725 n
823 1679 874 1728 Cui
896 1676 1039 1727 concordat
1058 1673 1171 1738 Diony-

641 1751 706 1811 sius,
731 1749 779 1815 qui
801 1747 840 1798 sic
865 1747 953 1797 dicit:
977 1763 991 1790 a
1007 1743 1172 1806 Derelinque

641 1835 746 1879 sensus,
761 1829 787 1869 et
799 1819 893 1869 omnia
902 1815 1049 1868 sensibilia.
1062 1832 1076 1860 n

672 1907 687 1956 7
703 1891 798 1940 Morus
811 1902 987 1946 Qumnurrax
1001 1895 1171 1934 Taurorum

640 1979 795 2013 ,tsrrcruuon
808 1991 838 2000 -
854 1962 909 2023 Qui
923 1961 1004 2010 habet
1025 1970 1103 2007 aures
1121 1970 1174 2004 au-

640 2033 741 2093 diendi,
761 2034 818 2084 haec
843 2048 925 2099 pauca
947 2030 1028 2082 verba
1049 2025 1175 2094 praedicta

641 2106 749 2166 audiat,
775 2116 802 2156 et
830 2105 909 2155 corde
934 2100 1079 2166 intelligat;
1110 2095 1176 2162 quia

641 2178 726 2227 multa
753 2176 782 2226 in
805 2177 844 2226 eis
867 2177 961 2237 latent,
982 2186 1042 2238 quae
1056 2168 1134 2219 vanis
1148 2175 1175 2216 et

641 2250 782 2301 dissolutis
795 2267 849 2300 non
865 2256 1003 2315 apparent.
1019 2243 1098 2294 Unde
1112 2239 1173 2291 cui-

640 2322 701 2371 dam
714 2321 748 2371 de
762 2318 896 2371 sermonis
913 2313 1079 2368 abundantia
1095 2309 1175 2362 solli-

640 2393 702 2452 ci10,
720 2391 879 2441 dictumest
901 2389 930 2438 in
945 2387 1042 2453 spiritu
1062 2401 1069 2433 ε
1087 2383 1116 2432 Si
1130 2380 1173 2431 vis

640 2464 708 2513 scire
722 2462 815 2512 omnia
838 2459 1013 2527 praedicanda,
1039 2467 1103 2506 tunc
1127 2467 1173 2501 se-

641 2550 703 2600 para
722 2544 747 2583 te
769 2534 803 2582 ab
818 2530 1006 2587 exterioribus,
1020 2524 1130 2592 purifica
1146 2533 1174 2572 te

640 2602 872 2669 atemporalibus‚
896 2600 1014 2649 liberum
1037 2595 1079 2646 fac
1103 2605 1129 2644 te
1156 2606 1173 2642 a

640 2676 801 2736 carnalibus,
816 2685 842 2725 et
856 2674 928 2739 erige
950 2681 975 2722 te
990 2669 1022 2720 ad
1039 2666 1172 2728 coelestia;

640 2759 666 2797 et
680 2745 922 2797 manifestabuntur
932 2742 981 2793 tibi
993 2740 1093 2790 divina.
1104 2738 1174 2787 Ecce

637 2819 668 2883 in
691 2819 735 2869 his
760 2817 848 2868 verbis
868 2826 955 2865 totum
981 2823 1020 2863 est
1035 2811 1172 2861 inclusum

640 2894 714 2960 quod
732 2902 772 2942 est
786 2889 958 2956 praedicatum
971 2903 977 2935 :
992 2887 1082 2950 imago
1099 2883 1174 2932 enim

642 2978 687 3016 tua
707 2965 796 3030 imago
809 2963 857 3012 Dei
872 2972 927 3023 est;
943 2961 1047 3024 depone
1061 2972 1125 3021 orgo
1140 2955 1174 3004 ab

642 3052 672 3085 ea
684 3050 765 3084 omne
782 3033 855 3099 quod
871 3031 923 3081 sibi
939 3030 1060 3079 accidens
1080 3035 1129 3089 est,
1148 3033 1175 3074 et

642 3105 780 3172 apparebit
800 3104 848 3153 tibi
873 3102 902 3152 in
918 3117 947 3152 ea
962 3100 1036 3166 quod
1050 3098 1175 3148 divinum

642 3190 692 3230 est.
708 3179 744 3230 Ut
755 3187 845 3228 autem
858 3176 959 3226 utiliter
970 3174 1003 3224 ad
1017 3170 1175 3236 temporalia

642 3263 668 3301 et
682 3261 778 3300 aeterna
800 3247 913 3314 perfecte
931 3256 958 3297 te
981 3245 1088 3301 habeas,
1106 3239 1175 3289 scito

642 3321 716 3386 quod
728 3318 887 3384 temporalia
898 3317 980 3367 debes
991 3314 1108 3379 aspicere
1123 3307 1175 3358 sub

642 3407 725 3441 sensu
751 3388 919 3455 quadruplici
935 3404 942 3437 :
958 3386 1055 3452 primo,
1075 3379 1176 3430 scilicet

643 3473 673 3513 ut
699 3471 827 3527 tanquam
854 3458 1010 3525 peregrinus
1031 3463 1057 3504 et
1073 3451 1175 3529 aduena

643 3533 743 3583 sentias
755 3531 848 3580 omnia
862 3539 891 3578 ut
905 3537 1029 3577 extranea
1042 3533 1068 3573 et
1078 3523 1176 3578 altena,

645 3604 681 3653 ita
700 3602 774 3668 quod
798 3612 844 3650 tua
857 3599 939 3649 ves'tis
959 3597 994 3647 sit
1009 3605 1056 3644 tuo
1082 3589 1174 3641 sensui

644 3683 787 3732 extranea,
812 3685 842 3720 ac
867 3670 889 3719 si
918 3676 987 3717 esset
1012 3662 1122 3726 alicuius
1143 3661 1176 3711 de

646 3745 748 3796 Graecia
768 3745 810 3795 vel
832 3742 920 3802 lndia;
944 3737 1070 3794 secund0,
1096 3745 1126 3784 ut
1147 3734 1176 3784 in

645 3830 692 3869 tuo
713 3833 764 3867 usu
794 3829 903 3864 ornnem
931 3808 1122 3859 abundantiam
1147 3807 1178 3856 ti·

646 3904 720 3939 meas
734 3899 765 3937 ut
773 3899 917 3942 venenum,
933 3889 958 3930 et
971 3894 1044 3929 mare
1058 3878 1178 3929 submer-
