2632 4320
215 247 262 297 DE
279 247 477 298 EFFUSIONE
492 246 681 297 UNGUENTl
697 247 813 299 SUPER
828 247 947 299 CAPUT
963 247 1053 299 JESU.

70 363 152 413 domo
164 361 336 426 obedientiae;
337 399 386 413 .....
401 363 526 413 hinnulus
542 377 604 414 cer-

70 449 167 487 rmnun
180 449 288 500 semper
301 435 442 485 adlectum
451 451 534 486 suum
548 435 606 485 red-

68 506 100 566 it,
118 514 147 556 et
167 505 256 556 Filius
275 506 406 557 obediens
429 506 500 556 Patri
519 521 605 573 usque

66 580 103 631 ad
125 589 254 640 mortem,
280 579 463 630 obedientiam
487 595 502 629 a
525 579 605 629 nobis

68 651 137 717 perit
164 666 171 700 :
196 669 210 697 n
231 650 289 701 hoec
306 651 504 719 Hieronymus.
526 649 604 710 Quod

67 723 145 774 veuit
162 722 210 774 ubi
234 722 320 774 fuerat
337 723 454 773 Lazarus
469 732 604 784 mortuus,

67 811 154 863 quem
174 795 325 856 suscitavit,
348 793 481 860 significat
498 794 562 861 quia
577 794 604 844 in

68 869 153 918 domo
167 867 336 927 obedientiae,
351 867 392 916 illi
409 865 534 932 quisunt
550 866 605 932 spi-

67 938 204 989 ritualiter
221 939 323 989 mortui
346 938 375 987 in
394 937 517 1003 peccatis,
528 953 605 988 resu-

69 1012 203 1063 scitantur
219 1011 320 1062 reducti
335 1011 368 1061 ad
387 1010 470 1061 vitam
484 1009 602 1076 iustitiae,

69 1083 145 1149 quia,
168 1084 320 1134 secundum
345 1082 523 1147 Apostolum,
553 1095 603 1147 per·

69 1153 150 1205 umus
159 1152 274 1204 hominis
286 1152 459 1202 obeditionem
462 1151 533 1219 jurii
545 1165 604 1202 con

69 1223 216 1275 stitueretur
232 1223 320 1273 multi.
337 1223 416 1282 Quod
426 1223 552 1288 fecerunt
567 1223 604 1272 ibi

68 1308 173 1345 coerram
180 1293 310 1353 ¹Domino,
321 1293 446 1344 convenit
455 1294 536 1344 etiam
548 1309 604 1359 my-

67 1363 162 1424 sterio,
174 1363 239 1430 quia
252 1363 385 1414 Dominus
399 1363 426 1413 in
438 1364 521 1413 domo
536 1364 603 1412 obe-

67 1437 178 1488 dientiae
199 1435 376 1502 spiritualiter
395 1435 529 1495 reficitur,
553 1436 603 1485 de-

66 1508 180 1559 lectatus
205 1507 235 1558 in
264 1507 416 1557 obedientia
439 1516 547 1570 nostra3
576 1513 603 1557 et

66 1577 183 1629 Manilia
190 1577 603 1642 ministrabatetsatugebatcir-

66 1665 100 1702 ca
108 1650 243 1717 frequens
258 1650 443 1712 ministerium,
460 1666 602 1716 perquam

65 1722 257 1789 significantur
271 1722 382 1788 praelati,
399 1722 447 1791 qui
468 1722 497 1772 in
516 1723 602 1774 eccle-

66 1794 116 1846 siis
124 1795 159 1845 ad
169 1794 353 1845 ministerium
366 1794 556 1855 instituuntur,
563 1810 603 1845 se·

66 1867 189 1919 cundum
215 1865 281 1915 illud
301 1865 424 1932 Apostoli
448 1882 457 1915 τ
481 1865 530 1916 Sic
552 1879 603 1915 nos

67 1936 207 1989 wistimet
223 1936 300 1987 homo
319 1941 348 1986 ut
363 1935 502 1986 ministros
512 1935 602 1985 Cirri-

67 2009 168 2071 sti;.....
179 2014 208 2059 et
218 2009 345 2075 Lazarus
358 2008 531 2059 resuscitatus
542 2013 603 2058 erat

68 2094 138 2131 unus
156 2093 195 2130 ex
209 2078 442 2143 discumbentibus,
458 2093 602 2145 perquem

67 2148 258 2215 significantur
267 2148 368 2199 subditi
379 2149 529 2200 ministerio
540 2164 603 2214 prte-

69 2219 198 2281 latorum,
208 2235 223 2271 a
232 2219 347 2287 peccatis
361 2220 394 2269 ad
408 2229 507 2270 statum
521 2218 603 2284 justi-

68 2293 113 2345 tiae
133 2293 249 2354 reducti,
272 2293 399 2359 quicum
421 2293 483 2344 aliis
504 2294 602 2344 iterum

68 2363 247 2431 spiritualiter
257 2380 319 2415 cum
332 2364 451 2415 Domino
465 2374 605 2415 merentur

68 2434 180 2501 epulari.
195 2434 292 2485 Maria
308 2450 372 2486 vero
387 2436 467 2486 unxit
481 2441 562 2502 caput
577 2441 603 2486 et

64 2505 147 2571 pedes
157 2506 235 2566 Jean,
246 2511 271 2555 ei
285 2505 392 2572 capillis
405 2506 464 2556 suis
475 2507 601 2571 extersit,

67 2591 114 2643 per
128 2591 214 2643 quam
228 2576 415 2643 significantur
433 2579 602 2644 contempla-

68 2646 124 2708 tivi,
136 2647 171 2698 de
190 2662 222 2698 ea
235 2648 308 2698 enirn
326 2648 425 2698 dicitur
439 2647 514 2708 alibi,
530 2649 603 2714 quod

69 2720 165 2771 redens
178 2733 257 2770 secus
270 2721 355 2786 pedes
375 2720 486 2771 Domini
507 2721 602 2772 andie-

69 2791 113 2843 iat
123 2792 236 2843 uerbum
251 2792 335 2844 illius.
349 2794 427 2843 Unde
447 2792 602 2845 Aleuinus:

69 2863 212 2930 «Mystico
227 2864 300 2930 quod
318 2874 380 2914 ante
393 2880 441 2915 sex
457 2864 514 2914 dies
529 2864 604 2915 venit

70 2932 240 2995 Bethaniam,
254 2934 389 3000 significat
400 2936 473 3001 quod
487 2935 543 2996 ille,
555 2935 602 3003 qui

69 3020 114 3057 sex
126 3007 226 3058 diebus
248 3007 340 3057 omnia
361 3007 466 3068 fecerat,
485 3018 511 3059 et
525 3018 604 3061 sexta

69 3078 111 3129 die
133 3078 276 3129 hominem
303 3080 419 3141 creavit,
445 3079 503 3146 ipsa
530 3089 604 3131 sexta

71 3149 165 3200 mundi
179 3159 267 3209 aetate,
283 3160 356 3200 sexta
372 3149 447 3211 feria,
461 3159 536 3200 sexta
550 3149 603 3200 ho-

71 3232 106 3277 ra,
116 3219 252 3269 redimere
266 3221 400 3270 mundum
411 3231 528 3270 venerat.
538 3222 603 3273 Coe-

70 3302 102 3340 na
117 3299 213 3341 autem
222 3291 366 3341 Dominica
379 3290 445 3342 fides
458 3302 499 3344 est
509 3292 603 3343 Eccle-

70 3359 125 3421 εἰς,
142 3375 204 3428 qnoe
213 3375 265 3427 per
280 3362 445 3414 dilectionem
460 3370 603 3429 operatur,-

70 3430 174 3484 Mmha
187 3432 334 3493 ministrat,
349 3449 411 3484 cum
433 3433 521 3485 fidelis
539 3434 603 3485 ani-

70 3516 113 3555 me
127 3518 212 3571 opera
234 3519 289 3554 suae
312 3505 463 3556 devotionis
484 3505 603 3556 Domino

70 3573 212 3643 impendit3
228 3577 345 3628 Lazarus
361 3594 434 3629 unus
451 3588 538 3630 est-ex
550 3579 604 3630 dis-

69 3649 270 3710 cumbentibus,
282 3665 344 3700 cum
361 3650 390 3700 hi
407 3651 455 3717 qui
474 3661 603 3718 pustpec-

69 3729 192 3772 catorum
206 3730 324 3772 mortem
345 3722 465 3773 suscitati
485 3732 551 3774 sunt
568 3724 602 3774 ad

10 3836 12 3859 ÷
72 3789 281 3855 iustitiam,·una
298 3809 359 3844 cum
378 3794 418 3844 eis
439 3793 487 3860 qui
507 3795 537 3845 in
554 3809 604 3845 sua

10 3932 12 3943 Ι
69 3875 276 3929 permanserunt
291 3865 402 3931 justitia,
415 3866 448 3917 dc
462 3865 604 3932 praesentia

1140 249 1192 318 189

658 363 777 415 veritatis
786 366 929 418 ersrrltant.
939 375 966 416 et
974 367 1090 418 coelestis
1101 370 1191 434 gratie

658 450 771 485 munere
783 436 904 486 aluntur.
919 436 955 487 Et
968 437 1037 488 bene
1050 438 1079 489 in
1089 440 1191 492 Betha-

657 507 703 558 nia
724 508 889 567 celebratur,
916 525 977 575 quae
1001 509 1192 577 interpretatur

657 583 753 633 domus
764 582 929 646 obedientie,
946 600 1008 634 nam
1022 586 1137 637 Ecclesia
1150 597 1191 639 est

657 655 818 706 obedientiae
839 656 937 707 domus
959 674 966 707 :
985 676 999 705 n
1018 657 1076 709 haec
1094 660 1190 711 Alcui-

657 740 717 777 itus.

690 795 703 848 3
734 799 825 848 Maura
851 814 935 848 cararr
964 800 1074 851 Camsrr
1100 818 1190 852 anano

656 883 757 919 rrsr1co
768 885 861 920 unum.
875 898 906 907 -
920 869 1016 920 Maria
1031 886 1095 937 ergo
1104 887 1191 924 acces·

656 939 693 988 sii
713 939 750 989 ad
767 940 869 1003 Jesum,
889 948 1019 1004 tanquam
1032 941 1067 990 ad
1086 940 1190 992 iontem

656 1008 850 1060 misericordiae
870 1011 1004 1060 lavantem
1018 1009 1190 1063 infirmitates
1253 1064 1258 1077 ,

657 1091 776 1145 nostras;
799 1093 826 1133 et
840 1083 941 1148 fregit,
968 1082 995 1131 id
1019 1093 1060 1133 est
1084 1085 1190 1148 aperuit
1239 1099 1243 1107 ’

656 1151 819 1202 alabastrum
843 1153 1037 1214 contentivam,
1060 1155 1190 1218 unguenti

656 1222 738 1272 nardi
747 1224 842 1287 pistici
854 1223 979 1289 pretiosi,
995 1223 1021 1273 id
1039 1234 1189 1274 estvascu-

656 1294 714 1344 lum
731 1295 936 1355 alabastrinum,
951 1296 1051 1347 scilicet
1069 1295 1188 1362 pixidem

656 1367 689 1418 de
701 1368 843 1428 alabastro,
865 1370 939 1435 quod
958 1379 999 1420 est
1019 1385 1105 1436 genus
1122 1385 1190 1421 mar·

656 1441 741 1490 moris
758 1441 879 1500 candidi,
903 1452 930 1491 et
949 1441 1031 1492 uariis
1052 1442 1189 1493 coloribus

656 1511 811 1573 intertincti,
831 1512 860 1563 in
876 1529 931 1579 quo
946 1514 1015 1564 bene
1030 1524 1056 1564 et
1072 1515 1190 1565 incorru*

655 1590 699 1647 pte
707 1593 848 1633 servantur
857 1594 1004 1647 unguenta,
1020 1585 1126 1650 plenam
1135 1601 1189 1635 un-

655 1663 753 1719 guento
767 1653 901 1718 pretios0;
917 1660 943 1704 et
953 1653 1049 1720 effudit
1062 1671 1190 1720 unguen·
1205 1700 1207 1704 Α

654 1733 714 1773 tum
723 1738 805 1788 super
813 1730 895 1789 caput
906 1723 991 1788 ipsius
1003 1726 1189 1786 recumbentis,

656 1792 683 1842 id
694 1802 734 1842 est
746 1793 778 1842 ad
792 1808 915 1843 mensam
928 1792 1053 1852 sedentis,
1064 1793 1135 1844 sicut
1148 1793 1190 1844 ei·

655 1862 778 1914 funditur
796 1879 866 1928 aqua
886 1878 992 1914 rosacea
1012 1873 1122 1929 propter
1141 1880 1189 1916 re·

655 1933 795 2000 frigerium
812 1944 838 1984 et
852 1934 979 1998 odorem;
998 1939 1024 1984 et
1042 1933 1123 1984 etiam
1139 1950 1189 1986 un·

654 2009 701 2059 xit
725 2007 789 2058 inde
812 2006 896 2072 pedes
923 2006 996 2074 q‘ns,
1022 2006 1093 2073 apud
1119 2021 1189 2073 quos

655 2079 736 2130 etiam
751 2077 817 2128 alias
832 2086 933 2128 tantam
948 2077 1061 2143 gratiam
1077 2077 1188 2129 inuene-

655 2158 704 2210 rat,
719 2155 746 2200 et
759 2147 866 2213 cupillis
881 2148 940 2199 suis
959 2149 1083 2199 extersit.
1103 2148 1189 2199 Ordi-

655 2235 688 2270 ue
705 2220 758 2270 alio
772 2217 873 2269 factum
887 2217 940 2270 fuit
953 2234 1036 2286 quam
1050 2218 1096 2270 hic
1118 2220 1189 2270 scri-

655 2300 732 2357 ptum
745 2299 785 2342 est
798 2307 806 2341 :
818 2289 882 2356 quia
894 2289 982 2355 primo
996 2289 1061 2340 lauit
1072 2290 1153 2356 pedes
1162 2299 1189 2340 et

655 2362 782 2422 extersit,
806 2371 832 2410 et
858 2370 949 2427 postea
964 2361 1052 2411 unxit.
1073 2361 1113 2410 Et
1136 2361 1189 2411 do-

655 2447 714 2483 mus
730 2431 838 2497 impleta
853 2437 894 2480 ert
913 2445 951 2480 ex
974 2431 1056 2480 odore
1072 2444 1189 2495 unguen·

655 2503 782 2565 nastusi,
798 2501 864 2566 quia
884 2501 957 2550 enim
974 2501 1008 2549 de
1024 2514 1053 2549 re
1066 2498 1189 2550 aromati·

655 2590 685 2626 ca
703 2584 768 2633 erat,
781 2574 863 2638 longe
877 2573 983 2637 lateque
1003 2581 1105 2637 poterat
1121 2571 1190 2620 odor

654 2647 713 2711 ejus
737 2644 861 2695 diffundi.
886 2644 948 2693 Non
978 2653 1019 2694 est
1042 2641 1189 2694 uerisimile

655 2716 728 2783 quod
738 2724 807 2766 esset
816 2713 919 2780 aliquid
926 2729 1051 2779 grossum
1059 2712 1129 2763 sicut
1138 2728 1190 2764 uu·

656 2797 754 2854 guenta
768 2785 948 2837 communiter
960 2785 1044 2845 dicta,
1059 2783 1123 2849 quia
1140 2784 1188 2835 in-

656 2861 752 2910 decens
768 2868 837 2909 esset
852 2858 902 2907 tale
916 2856 982 2921 quid
998 2870 1097 2921 ponere
1107 2870 1189 2921 super

657 2940 737 2996 caput
758 2929 882 2980 hominis
901 2928 1021 2978 sedentis
1041 2927 1070 2977 in
1084 2941 1187 2988 mensa,

656 3013 682 3053 et
693 3003 756 3053 ideo
772 3002 919 3052 dicendum
934 3001 1007 3066 quod
1020 3000 1065 3051 hic
1078 3010 1189 3052 vocatur

655 3085 824 3141 unguentum
842 3073 932 3140 liquor
954 3073 1089 3140 pretiosus
1109 3073 1191 3124 dere

656 3147 800 3199 aromatica
815 3162 967 3212 expressus,
979 3145 1049 3197 sicut
1061 3161 1130 3212 aqua
1141 3161 1189 3196 ro-

656 3236 731 3271 sacea
755 3219 917 3286 exprimitur
935 3221 968 3269 de
990 3219 1069 3270 rosis.
1094 3217 1188 3283 Aliqui

656 3291 751 3341 dicunt
762 3289 835 3356 quod
849 3288 901 3340 fuit
911 3290 1029 3355 lacryma
1039 3288 1127 3339 fluens
1136 3300 1189 3337 na·

656 3361 778 3413 turaliter
799 3361 832 3410 de
845 3361 940 3411 arbore
959 3359 1112 3417 aromatica,
1127 3371 1188 3424 quae

656 3444 697 3487 est
721 3434 840 3484 multum
865 3433 990 3499 pretiosa,
1015 3442 1041 3482 et
1062 3431 1133 3480 ualet
1154 3428 1188 3479 ad

656 3506 743 3556 multa
751 3503 930 3554 medicinalia.
941 3503 1040 3552 Dicunt
1050 3501 1131 3553 etiam
1142 3498 1190 3551 ali·

655 3578 713 3644 qui,
729 3577 802 3644 quod
824 3577 924 3626 nardus
941 3584 982 3625 est
1000 3574 1083 3624 herba
1099 3572 1188 3639 nigra,

655 3647 756 3698 faciens
769 3645 858 3711 spicas
873 3645 900 3694 in
916 3643 1062 3703 cacumine,
1081 3651 1108 3692 et
1122 3657 1189 3706 pro-

655 3731 714 3787 pter
729 3722 789 3784 hoc,
805 3720 852 3771 ubi
866 3720 984 3770 loannes
997 3717 1062 3767 dicit
1073 3717 1189 3768 nardum

651 3793 789 3860 pisticum,
804 3792 908 3841 Marcus
918 3789 999 3839 habet
1012 3789 1127 3840 nardum
1136 3788 1190 3855 spi·

656 3872 753 3929 caluur,
775 3861 840 3929 quia
855 3863 889 3914 dc
903 3861 957 3913 illis
972 3861 1053 3928 spicis
1066 3860 1189 3914 extrahi-
