2632 4320
576 142 588 169 A

56 296 59 349 l

56 372 58 405 ;
98 352 132 401 sed
148 348 308 408 honorandi,
327 355 358 397 et
378 346 493 396 salutem
514 355 609 391 eorum

56 424 59 455 ³
98 412 612 502 querendi;qu1a1psreuntDeomul-

56 438 110 537 iq
98 504 142 543 tum
152 493 212 554 cari,
225 492 299 558 quod
320 488 437 540 ostendit
451 502 483 537 en
495 486 610 535 duobus

97 564 152 614 llicit
169 579 254 629 ergo:
277 561 369 612 Videte
389 555 612 609 moontemnatis

98 649 160 684 uum
176 648 214 684 ex
228 633 271 682 lu's
285 628 406 699 pusillis.
425 631 464 679 Ac
487 627 510 677 si
533 627 611 685 dicat,

97 707 226 756 suendum
239 705 459 770 Hieronymus:
475 702 612 760 Quantum

56 774 58 831 ξ
97 777 117 825 in
126 776 197 827 vobis
207 785 257 835 est,
267 774 352 824 nnlite
364 783 549 834 contemnere3
566 771 613 820 sed

56 898 58 913 ,
98 859 145 914 post
164 859 282 898 vestram
310 847 423 896 salutem
445 844 526 894 etiam
550 843 613 892 illo·

97 937 145 970 ram
164 921 278 988 quaerite
299 919 451 970 sanitatem.
472 916 500 966 Si
523 925 612 965 autem

98 1003 281 1058 perseverantes
302 991 329 1041 in
353 990 467 1056 peccatis
483 988 613 1047 videritis,

56 1080 59 1089 ·
99 1065 179 1115 melius
197 1074 243 1114 -est
265 1079 314 1114 vos
330 1064 424 1112 salvos
442 1059 512 1118 fieri,
532 1075 614 1125 quam

56 1144 59 1179 ἱ
99 1138 168 1202 parire
179 1155 243 1188 cum
257 1137 362 1187 multis.
376 1136 411 1186 Et
420 1135 511 1200 primo
523 1144 615 1182 osten-

56 1228 58 1241 ·
100 1209 129 1259 tir
145 1210 194 1260 hoc
218 1225 252 1260 ex
270 1207 424 1259 honorabili
447 1207 615 1270 Angelorum

56 1292 60 1341 Ι,
100 1283 212 1344 comedia,
227 1282 320 1331 dicens
338 1297 344 1330 :
362 1279 431 1328 Dico
445 1278 512 1328 enim
530 1277 615 1338 vobis,

101 1352 149 1415 quia
163 1353 264 1419 Angeli
276 1366 377 1414 eorum,
388 1349 420 1398 id
436 1358 478 1398 est
493 1348 532 1398 eis
547 1347 616 1396 assi-

102 1423 159 1486 grai
174 1424 205 1473 in
225 1422 309 1485 coelis,
333 1435 437 1487 semper
460 1419 551 1470 vident
564 1418 617 1483 sa-

104 1494 255 1547 ciemPatris
267 1495 320 1545 mei
329 1495 376 1560 qui
393 1494 419 1542 in
435 1493 511 1542 coelis
524 1498 573 1554 est,
589 1491 616 1541 id

105 1567 240 1617 strisione
252 1563 481 1616 manifestationis
493 1563 541 1612 Dei
555 1578 618 1628 per-

106 1632 220 1688 luuntur.
239 1637 333 1687 Facies
350 1634 424 1686 enim
445 1634 502 1693 Dei,
519 1650 618 1684 secun-

106 1705 156 1754 dun
163 1708 353 1773 augustinum,
362 1704 549 1755 manifestatio
561 1706 618 1769 eius

108 1773 260 1843 intelligenda
271 1788 321 1836 est,
336 1786 362 1826 et
373 1776 434 1825 ideo
442 1785 560 1840 possunt
570 1791 618 1824 re-

109 1849 210 1900 nuntiare
229 1850 348 1915 »injurias
372 1849 459 1898 illatas
486 1848 525 1898 eis
550 1864 619 1914 quos

109 1922 249 1973 custodiunt.
273 1923 308 1972 Et
321 1932 362 1971 est
375 1921 443 1971 ratio
462 1936 478 1971 a
499 1922 617 1985 majori:

109 1993 158 2057 quia
174 1995 272 2060 parvuli
298 2010 354 2044 non
378 2004 589 2044 contemnuntur
605 2009 620 2044 a

110 2064 243 2128 majoribus,
262 2065 369 2115 scilicet
393 2065 450 2114 Deo
473 2065 550 2114 Patre
566 2081 620 2115 coe-

110 2135 152 2187 leni
170 2150 195 2190 et
215 2138 328 2204 Angelis
345 2139 444 2201 beatis3
461 2155 524 2205 ergo
539 2155 587 2189 nec
604 2155 621 2190 a

112 2206 249 2269 minoribus,
272 2209 372 2258 scilicet
390 2208 551 2258 hominibus
565 2209 620 2258 mi-

111 2279 166 2340 seris,
181 2282 278 2331 debent
289 2280 437 2331 contemni.
448 2281 485 2329 Ac
493 2281 519 2329 si
532 2280 618 2330 dicat:

111 2349 149 2400 ios
166 2352 224 2402 illos
241 2367 298 2402 non
322 2351 426 2401 debetis
439 2362 620 2412 contemnere,

112 2423 142 2469 ee
156 2423 285 2473 houmere
288 2437 380 2489 ,quos
392 2423 465 2472 Deus
475 2423 554 2473 Pater
565 2440 621 2474 coe-

111 2479 196 2543 lestis
176 2510 213 2544 s1c
226 2494 342 2543 honorat
354 2503 380 2543 et
391 2492 529 2558 dignificat
531 2495 621 2560 ,quod

110 2561 154 2609 td'
147 2580 265 2630 ipsorum
289 2564 472 2614 ministerium
490 2575 515 2614 et
529 2577 622 2615 custo-

110 2617 163 2684 diam
180 2637 299 2702 Angelos
318 2635 409 2685 beatos
426 2635 549 2700 deputat;
568 2653 622 2686 non

109 2714 137 2753 cst
149 2707 219 2757 enim
244 2707 429 2771 spernendum
452 2706 485 2756 ab
501 2706 622 2771 homine,

109 2779 162 2840 quod
172 2779 242 2844 apud
255 2779 343 2827 Deum
356 2786 437 2827 tantae
445 2787 490 2826 cst
500 2793 584 2842 curae;
598 2781 624 2829 -si

107 2864 154 2914 crgo
161 2848 347 2907 contemnitis,
354 2849 450 2914 Angeli
460 2850 625 2900 nuntiabunt

105 2922 205 2972 etPater
221 2935 300 2970 meus
320 2919 466 2970 ulciscetur
485 2922 518 2970 de
537 2922 624 2972 vobis.

106 2989 167 3043 Unde
177 2992 366 3054 Hieronymus
381 3007 390 3040 ε
405 3008 419 3036 «
432 2991 527 3056 Magna
536 2992 626 3058 digni-

103 3072 133 3112 tas
152 3064 317 3124 animarum,
335 3071 368 3110 ut
388 3077 557 3128 unaquaeque
576 3064 626 3112 ha-

102 3136 151 3188 beat
171 3138 207 3188 ab
220 3146 283 3186 ortu
312 3135 458 3185 nativitatis
479 3136 513 3185 in
534 3148 627 3186 custo-

100 3211 161 3261 diam
193 3209 235 3262 sui
268 3209 403 3275 Angelum
426 3209 595 3274 delegatum!
612 3229 626 3258 n

98 3285 134 3334 Sic
157 3286 252 3350 itaque
270 3282 368 3348 Angeii
388 3282 537 3333 existentes
560 3283 628 3333 circa

98 3355 275 3406 ministerium
289 3362 423 3413 nostrum,
437 3354 500 3418 quia
516 3353 555 3404 ibi
565 3364 629 3404 sunt

97 3428 138 3478 ubi
151 3439 310 3495 operantur,
325 3427 420 3477 vident
430 3428 520 3476 neam
538 3427 565 3477 in
581 3443 630 3477 coe-

96 3499 119 3548 lo
140 3499 208 3549 facie
228 3498 263 3548 ad
274 3497 390 3560 faciem
415 3497 540 3562 quamvis
554 3498 628 3548 enim

56 3582 59 3591 ·
96 3572 248 3630 mittantur
279 3580 368 3620 tamen
393 3568 486 3620 vident
509 3571 628 3632 Patrem,

56 3658 58 3663 ’
95 3643 154 3708 quia
162 3610 338 3724 semp'effleo
349 3640 484 3691 inhaerent
494 3657 541 3706 per
552 3658 653 3707 aper-

95 3726 145 3763 tam
160 3713 310 3771 visionem
328 3721 354 3760 et
365 3711 430 3778 quia
439 3713 545 3778 ubique
558 3713 653 3762 Deus

95 3798 212 3847 presens
225 3792 276 3842 est,
293 3781 353 3831 ideo
374 3791 400 3831 et
421 3781 449 3830 in
472 3791 542 3831 terra
559 3792 654 3832 eum·

95 3863 216 3906 cernunt.
232 3851 311 3903 Missi
329 3867 392 3918 ergo
403 3862 468 3903 ante
482 3824 654 3904 Dominum

313 232 361 282 DE
380 226 533 280 PUSILL'lS
553 222 629 272 NON
647 221 960 276 scriuontlzau'uts.
1163 240 1198 290 47

663 347 737 397 sunt,
752 340 817 405 quia
836 355 1000 407 quocunque
1015 341 1137 401 veniunt,
1147 341 1199 390 in-

664 420 704 460 tra
721 409 811 474 ipsum
835 411 883 477 qui
897 412 999 478 ubique
1019 422 1201 480 estcurrunt;

665 493 689 533 et
705 498 767 532 cum
781 483 813 531 ad
829 500 878 533 nos
892 485 1015 544 veniunt,
1026 485 1069 535 sic
1082 489 1199 539 exterius

666 555 778 620 implent
785 553 979 616 ministerium,
991 566 1022 606 ut
1033 567 1201 610 tamennun-

665 642 747 707 quam
757 625 870 676 interius
879 627 972 676 desint
981 633 1201 697 per-contempla-

665 698 780 759 tionem;
813 697 874 748 licet
904 698 976 747 enim
1002 701 1143 752 mittantur
1166 703 1199 753 -in

666 770 848 821 ministerium
859 773 997 836 prosalute
1005 773 1201 836 hominumu-

666 859 728 892 mcn
741 859 794 892 non
805 844 932 894 recedunt
943 859 957 893 a
976 848 1202 911 contemplatione

666 914 765 972 divina,
774 915 820 964 sed
830 915 935 964 adstant
950 915 1006 964 Deo
1027 929 1202 981 percontem-

666 987 811 1051 plationem
835 988 925 1052 jugem
946 997 972 1036 et
987 988 1152 1040 continuam.
1166 991 1201 1040 Et

668 1061 734 1109 bene
751 1060 841 1109 dixit:
857 1060 910 1120 Qui
923 1067 963 1110 est
978 1061 1004 1109 in
1025 1062 1110 1126 coelis,
1136 1065 1201 1130 quia

667 1132 727 1180 licet
736 1132 808 1181 Deus
822 1131 857 1180 sit
872 1131 973 1196 ubique
985 1147 1033 1198 per
1046 1135 1201 1195 essentiam,

668 1204 837 1269 praesentiam
870 1212 897 1254 et
923 1210 1083 1268 potentiam,
1112 1216 1202 1258 tamen

669 1274 819 1339 specialiter
853 1274 954 1324 dicitur
976 1291 1034 1326 esse
1057 1277 1086 1326 in
1117 1278 1201 1338 coelis,

669 1346 715 1396 ubi
733 1347 807 1397 adest
818 1344 906 1397 Beatis
925 1363 972 1412 per
985 1360 1103 1414 apertam
1118 1350 1203 1400 visio-

671 1435 742 1470 nem.
764 1420 825 1469 Non
849 1436 913 1485 ergo
938 1421 1037 1472 debent
1056 1423 1202 1483 contemni,

670 1494 717 1542 sed
734 1493 872 1553 honorari,
885 1508 955 1558 quos
967 1494 1040 1545 Deus
1056 1495 1096 1544 sic
1112 1496 1204 1546 hono-

671 1576 710 1614 rat
713 1565 791 1630 ‚quia
801 1565 1102 1631 contemptusipsorum
1116 1583 1206 1618 ascen-

671 1635 710 1683 dit
739 1635 772 1683 ad
802 1644 988 1698 contemptum
1027 1636 1095 1697 uei,
1128 1640 1205 1703 cujus

672 1705 823 1783 imaginem
841 1703 950 1753 habent.
982 1707 1011 1754 In
1034 1707 1073 1756 eis
1096 1723 1205 1774 quoquc

681 1773 849 1856 contemptis,
874 1784 1085 1825 contemnuntur
1109 1779 1204 1844 Angeli

672 1862 766 1897 eorum
781 1845 898 1895 ministri
917 1856 946 1896 et
961 1848 1093 1898 custodes.
1104 1850 1207 1900 Deinde

673 1919 845 1985 subjungitur
867 1919 918 1969 alia
936 1919 1022 1982 ratio,
1037 1933 1143 1987 sumpta
1171 1939 1204 1973 ex

673 1992 857 2057 redemptione
874 1991 988 2042 Christi.
1012 1995 1089 2044 Unde
1114 1995 1207 2063 Chry-

673 2071 807 2115 sostomus
828 2079 836 2113 :
855 2082 869 2110 a
893 2064 935 2114 Ne
956 2065 1028 2115 dicas
1045 2066 1097 2116 ille
1132 2067 1207 2117 faber

672 2147 721 2195 est,
745 2136 790 2185 ille
818 2145 912 2197 sartor,
933 2137 980 2187 ille
1015 2138 1144 2204 agricola;
1173 2140 1207 2190 ab

672 2209 782 2276 Angelis
796 2209 844 2275 qui
867 2211 906 2261 eis
925 2211 1002 2260 missi
1017 2222 1081 2261 sunt
1096 2229 1208 2264 venera-

674 2282 741 2331 biles
763 2292 838 2340 sunt‚
862 2282 908 2331 sed
940 2292 1041 2348 quanto
1059 2283 1145 2348 magis
1177 2300 1209 2335 ex

673 2353 774 2403 ratione
802 2353 995 2418 redemptionis
1016 2354 1179 2405 Dominicae!
1195 2375 1208 2402 v

674 2426 807 2484 Secund0,
836 2441 899 2491 ergo
931 2425 1022 2491 pusilli
1049 2443 1104 2477 non
1144 2438 1210 2478 sunt

674 2497 871 2579 contemnendi,
887 2498 933 2546 scd
959 2497 1120 2557 honorandi,
1141 2514 1210 2563 quos

675 2570 713 2618 sic
727 2569 798 2616 Deus
821 2566 923 2626 dilexit,
942 2567 1013 2633 quod
1038 2582 1086 2632 pro
1101 2568 1148 2628 eis,
1162 2568 1210 2634 qui

676 2643 704 2691 in
721 2640 806 2690 Adam
819 2655 914 2689 omnes
925 2650 1094 2704 peccaverant
1108 2649 1134 2690 et
1148 2656 1211 2706 per-

677 2714 761 2763 ierant
802 2710 958 2770 salvandis,
1000 2711 1076 2762 misit
1109 2713 1211 2763 Filium

676 2799 753 2834 aurun
777 2783 805 2834 iu
824 2782 1023 2832 similitudinem
1042 2783 1135 2833 carnis
1145 2798 1213 2849 pec-

677 2855 825 2907 catt‘Unde
839 2854 876 2902 ait
899 2870 905 2902 :
932 2853 1013 2902 'Venit
1032 2854 1109 2914 enim,
1127 2863 1153 2904 et
1179 2854 1213 2904 de

677 2928 743 2976 coelo
762 2923 899 2974 descendit
913 2923 1003 2972 Filius
1016 2922 1137 2985 hominia,
1149 2925 1214 2974 Sal-

676 3007 753 3046 vator
765 2995 920 3053 hominum‚
935 2993 1044 3044 salvare
1060 2995 1131 3060 quod
1144 3009 1213 3061 per-

676 3068 761 3129 ierat,
787 3065 886 3115 scilicet
922 3079 1008 3129 genus
1039 3065 1213 3125 humanum,

680 3157 734 3190 non
749 3148 855 3188 tantum
868 3153 991 3203 magnos,
1005 3139 1051 3187 sed
1069 3138 1150 3188 etiam
1163 3154 1215 3204 pu-

679 3212 763 3261 sillos.
779 3211 817 3259 Ac
829 3209 852 3259 si
868 3208 937 3258 dicat
953 3225 960 3257 :
974 3209 1031 3259 Vos
1043 3225 1097 3258 non
1110 3207 1215 3258 debetis

681 3291 852 3331 contemnere
871 3288 896 3330 et
916 3279 1099 3344 perturbando
1116 3277 1213 3358 perde-

680 3367 718 3412 re,
732 3366 801 3416 quos
818 3366 868 3417 ego
889 3349 950 3400 veni
965 3351 1078 3408 salvare,
1089 3348 1152 3415 quia
1164 3360 1214 3412 ego

681 3439 730 3489 pro
752 3421 911 3472 hominibus
935 3421 1017 3470 homo
1033 3419 1093 3470 fieri
1119 3417 1216 3481 digna-

680 3507 724 3546 tus
739 3510 809 3545 snm.
823 3494 903 3544 Unde
924 3503 950 3543 et
964 3493 1131 3558 Apostolus:
1147 3487 1217 3538 Noli

682 3567 843 3618 contristare
880 3571 906 3615 et
943 3564 1059 3629 perdere
1093 3559 1217 3624 fratrem

683 3645 764 3699 tuum,
791 3652 845 3702 pro
870 3652 921 3703 quo
950 3635 1069 3685 Christus
1096 3636 1218 3681 mortuus

682 3714 730 3760 est.
756 3708 819 3757 Non
851 3717 915 3756 sunt
938 3719 1000 3770 ergo
1027 3700 1218 3750 contemnendi

651 3780 785 3857 pusilli,
803 3781 849 3862 qui
867 3778 935 3829 tanti
953 3784 1017 3826 sunt
1031 3772 1111 3837 apud
1114 3773 1217 3823 Filium

683 3852 741 3913 Dei,
770 3851 817 3917 qui
844 3865 892 3915 pro
916 3847 954 3897 eis
968 3843 1046 3896 venit
1061 3843 1147 3907 muri;
1168 3857 1217 3893 nec
