2632 4320
302 241 349 292 DE
363 241 555 292 PETITIONE
569 241 741 321 FlLlORUM
755 243 925 297 ZEBEDAEI.

60 364 163 419 tantur3
175 355 200 406 si
214 356 332 407 viderint
342 372 479 422 pauperes,
490 357 596 408 tristan-

59 435 119 489 tur;
135 426 160 476 si
172 425 292 477 viderint
310 438 457 491 peccantes,
473 443 530 478 non
543 427 596 477 tri-

59 503 175 557 suntor,
181 506 214 548 ut
220 497 365 547 ostendant
376 497 440 563 quia
450 513 595 563 corporum

60 576 194 620 amatores
215 578 290 631 sunt,
315 584 371 618 non
393 569 566 619 animarum:
581 587 595 615 s

61 637 118 688 haic
131 638 356 706 Chrysostmnus.
365 640 394 689 ln
404 639 492 689 tribus
506 648 596 689 autem

61 707 202 759 deficiebat
216 709 269 759 ista
279 709 377 760 mulier
391 725 399 759 ε
412 709 439 758 in
453 709 556 769 ordine,
567 709 596 760 in

62 779 223 841 intentione,
252 781 281 831 in
303 780 423 831 materia.
450 782 480 831 ln
504 780 597 832 ordine

61 850 117 902 erat
132 851 301 916 perversitas,
316 851 381 918 quia
390 862 452 902 ante
468 853 596 904 meritum

61 923 168 987 petebat
188 924 329 990 praemium
343 942 350 974 :
363 925 424 986 Dic,
445 925 543 990 inquit,
568 931 597 976 ut

60 995 180 1059 sedeant,
195 995 243 1062 qui
262 997 384 1047 nondum
399 997 594 1048 laboraverant.

61 1068 88 1118 ln
113 1067 267 1119 intentione
286 1069 449 1132 carnalitas;
471 1070 597 1121 credebat

59 1138 134 1189 enim
146 1138 200 1189 boc
209 1138 263 1189 sibi
277 1140 369 1189 deberi
381 1141 479 1207 exlege
494 1141 593 1204 carnis3

60 1210 119 1263 ideo
134 1210 201 1260 dicit
215 1227 223 1262 ε
238 1211 280 1262 Ηὶ
292 1213 344 1263 duo
351 1212 409 1277 filii
419 1214 480 1275 mei,
494 1213 597 1264 scilicet

59 1281 217 1333 consobrini
232 1281 280 1334 tui.
299 1283 328 1332 In
351 1285 462 1335 materia
482 1285 594 1346 vanitas,

59 1351 123 1417 quia
137 1367 267 1418 pompam
280 1354 426 1418 quaerebat,
449 1354 510 1404 ideo
526 1355 595 1407 sub—

58 1421 119 1472 dit:
139 1422 218 1473 Unus
236 1423 275 1473 ad
298 1423 439 1475 dexteram
462 1430 545 1486 tuam,
571 1430 596 1476 et

60 1509 127 1547 muts
147 1495 188 1546 ad
204 1495 345 1547 sinistram
359 1504 444 1557 tuam,
463 1498 491 1547 in
507 1512 595 1563 reguo

61 1571 113 1618 tuo.
131 1566 192 1616 Non
210 1567 311 1630 solum,
321 1577 352 1617 ut
367 1568 405 1618 ait
423 1568 594 1634 chrysosto-

62 1651 128 1700 mus,
143 1636 295 1703 predicens
316 1637 457 1704 discipulis
479 1638 537 1689 suis
561 1639 595 1689 de

63 1708 188 1759 Pusione
214 1723 265 1758 sua
291 1707 398 1772 futura3
436 1710 482 1759 sed
513 1709 594 1760 etiam

61 1787 153 1844 aptans
168 1777 293 1844 petiturae
309 1779 417 1829 mulieri
437 1780 536 1838 locum,
553 1780 596 1829 de-

62 1848 169 1901 dimvit
185 1864 308 1900 seorsum
331 1849 364 1899 ab
385 1850 491 1911 itinere,
509 1851 595 1901 donec

62 1919 188 1983 mulieres
213 1929 285 1970 retro
311 1920 448 1971 venientes
469 1935 595 1971 occurre·

63 1990 197 2042 necNec
206 1990 288 2041 etiam
298 1990 425 2040 credibile
436 2001 475 2040 est
487 1990 594 2041 mixtim

63 2078 120 2115 stim
139 2062 201 2130 ipso
225 2063 376 2114 ambulasse
393 2063 532 2124 mulieres,
547 2063 593 2113 sed

63 2133 141 2200 longo
155 2134 306 2194 intervallo,
319 2133 462 2199 separatim
478 2133 550 2184 inter
565 2149 594 2184 se

62 2204 247 2269 ambulabant3
264 2204 390 2256 Christus
402 2221 464 2255 cum
474 2205 595 2270 discipu-

63 2278 94 2330 lis
112 2277 172 2329 suis
187 2277 279 2343 primi,
296 2288 439 2343 sequentes
454 2287 544 2328 autem
560 2277 594 2327 de

64 2347 138 2414 longe
153 2347 294 2398 mulieres.
320 2348 428 2397 Etcum
447 2357 531 2397 mater
546 2361 593 2397 se—

64 2418 180 2473 cundum
193 2417 413 2469 informationem
424 2417 543 2467 filiorum
551 2432 594 2482 pe·

64 2497 125 2541 teret
137 2503 189 2556 pro
207 2488 257 2550 eis,
275 2489 354 2539 lesus
377 2504 433 2538 non
455 2487 594 2552 respondit

65 2559 138 2610 matri
151 2574 202 2626 pro
218 2557 390 2624 simplicitate
402 2559 477 2623 eius3
497 2559 543 2607 sed
558 2557 593 2608 fi-

66 2628 106 2680 liis
118 2645 168 2696 per
182 2643 243 2679 eam
254 2629 421 2694 petentibus,
444 2628 490 2694 qui
512 2628 593 2678 verba

67 2709 209 2764 potuerunt
235 2699 264 2749 in
287 2715 333 2749 ore
358 2700 461 2750 matris.
488 2699 593 2749 Sciebat

67 2773 133 2825 enim
144 2774 234 2840 ipsam
247 2773 358 2824 missam
380 2789 396 2824 a
415 2772 489 2838 filiis,
507 2782 533 2823 et
547 2772 593 2822 in-

25 2850 28 2859 '
67 2846 205 2898 formatam
219 2847 252 2897 de
268 2847 398 2913 petitione
410 2847 532 2898 facienda
545 2863 593 2912 pro

67 2917 114 2981 cis;
138 2927 250 2985 propter
273 2919 347 2984 quod
373 2918 412 2968 eis
440 2917 593 2984 imputavit,

67 2991 213 3058 quia-quod
228 3005 275 3057 per
291 2991 361 3041 alios
384 2991 505 3051 facimus,
521 3006 593 3056 quo-

66 3064 206 3116 dammodo
218 3079 266 3129 per
275 3064 399 3129 nosipsos
412 3062 537 3114 facimus.

92 3151 108 3201 7
119 3136 193 3196 Qum
204 3150 247 3185 sir
261 3150 400 3184 armanus
417 3150 550 3184 noctisue.
562 3162 593 3172 ·-

67 3204 139 3257 Unde
147 3205 313 3272 respondens
324 3205 431 3255 duobus
443 3204 518 3266 filiis,
527 3219 594 3270 quo·

65 3289 120 3326 rum
136 3274 253 3327 consilio
267 3284 352 3326 mater
367 3276 480 3340 petebat,
498 3283 593 3325 osten-

63 3344 152 3397 diteos
162 3360 262 3404 errare,
271 3345 365 3396 dicens
378 3363 384 3396 :
396 3346 517 3396 Nescitis
526 3345 593 3410 quid

60 3418 174 3482 partis,
202 3417 315 3482 scilieet,
344 3418 477 3468 mediante
507 3428 592 3469 matre

63 3497 145 3540 restra
158 3503 242 3555 quam
255 3488 429 3539 submisistis.
448 3487 531 3548 Quasi
546 3487 591 3537 di-

62 3568 148 3611 ceret:
164 3559 353 3610 Prtelationem
363 3558 485 3624 quaeritis
498 3558 528 3608 in
543 3573 594 3609 coe-

61 3629 94 3691 lo,
106 3645 170 3697 quae
186 3630 262 3680 nulla
273 3628 311 3679 ibi
327 3629 387 3689 erit,
396 3640 422 3679 et
435 3629 504 3678 male
518 3643 593 3695 quae-

60 3699 132 3763 min
150 3715 264 3767 regnare
282 3700 355 3750 enim
368 3699 459 3759 vultis,
474 3698 522 3764 qui
537 3714 592 3749 non

60 3770 208 3830 meruistis,
217 3780 245 3821 et
257 3785 306 3821 nec
320 3770 432 3829 honore,
447 3767 493 3819 sed
510 3784 592 3819 onere

59 3840 260 3904 pervenimus
273 3856 387 3906 regnum
402 3841 475 3906 quod
488 3839 592 3906 quaeri-

1132 253 1180 305 165

649 358 694 409 tis.
708 360 856 412 Attendant
867 377 929 428 ergo
943 364 991 431 qui
1004 381 1119 432 regnum
1133 385 1182 422 coe·

649 432 738 481 lorum
759 448 774 483 a
792 434 910 485 Domino
924 447 1027 502 petunt,
1043 450 1069 490 et
1086 457 1181 506 parum

648 516 696 566 per
723 502 775 552 hoc
797 504 928 566 laborant,
956 510 1029 573 quod
1055 510 1181 563 Christus

648 571 705 622 suis
719 572 861 638 discipulis
875 585 902 625 et
915 579 1060 643 nepotibus
1072 597 1182 648 respon·

649 642 727 694 derit.
744 644 820 695 Unde
833 646 910 696 Beda
920 665 929 697 :
940 665 953 694 s
965 649 1095 701 Nesciunt
1114 653 1181 719 quid

650 725 753 780 petunt.
772 715 820 782 qui
839 717 929 767 sedem
944 720 1036 784 gloriae
1051 737 1067 771 a
1083 723 1180 774 Domi·

650 801 695 844 no,
709 800 792 851 quam
806 788 927 837 nondum
944 790 1122 853 merebantur,
1136 793 1181 844 in-

649 856 775 921 quirunt;
787 857 975 909 desiderabant
984 861 1057 910 enim
1070 878 1182 928 regnare

649 927 803 978 sublimiter
815 943 876 978 cum
891 928 1013 990 Christo,
1034 933 1080 981 sed
1105 934 1181 998 prius

649 1008 704 1049 erat
725 999 779 1065 pati
799 1000 940 1051 humiliter
960 1017 1008 1066 pro
1034 1003 1153 1056 Christo.
1165 1025 1181 1053 n

650 1069 702 1119 Ubi
717 1080 743 1121 et
754 1071 965 1138 chrysostomus
978 1090 1011 1122 :u
1027 1073 1180 1141 Intelligere

649 1155 711 1206 ergo
723 1141 854 1192 debemus
864 1151 889 1192 et
901 1158 961 1203 nos,
974 1153 1005 1194 ut
1019 1160 1073 1194 non
1087 1144 1155 1196 illud
1165 1162 1183 1197 a

649 1210 704 1259 Deo
716 1220 848 1275 petamus,
862 1213 936 1277 quod
946 1229 996 1264 nos
1011 1214 1112 1264 bonum
1122 1231 1182 1266 esse

647 1279 811 1345 judicamus3
827 1284 874 1332 sed
889 1293 997 1334 orantes
1012 1284 1040 1334 in
1054 1294 1183 1350 potestate

648 1353 696 1403 Dei
710 1369 853 1419 ponamus,
868 1364 899 1405 ut
912 1355 946 1405 ad
964 1356 1032 1406 illud
1048 1357 1181 1418 exaudiat,

648 1425 721 1489 quod
729 1424 787 1491 ipse
794 1425 874 1475 nobis
884 1427 1009 1490 expedire
1019 1427 1183 1493 cognoscito

649 1495 682 1544 Et
695 1493 793 1545 iterum
805 1510 813 1543 ε
830 1513 844 1541 n
851 1495 913 1545 Non
922 1495 995 1545 enim
1006 1498 1095 1547 solum
1105 1498 1184 1547 debe·

648 1580 710 1615 mus
723 1564 839 1631 cogitare
858 1567 967 1631 qualem
982 1567 1095 1632 gloriam
1112 1583 1182 1618 con-

647 1649 801 1701 sequamur,
816 1635 864 1685 sed
882 1638 1021 1702 quomodo
1037 1638 1181 1689 evadamus

648 1706 755 1756 ruinam
777 1705 885 1770 peccati,
903 1707 969 1772 quia
986 1717 1011 1757 et
1026 1707 1054 1756 in
1069 1707 1182 1758 seculari

648 1776 719 1826 bello
729 1777 775 1842 qui
789 1791 896 1841 semper
909 1778 942 1826 de
955 1778 1045 1841 praeda
1056 1777 1176 1828 victorie

647 1849 753 1914 cogitat,
768 1848 878 1900 difficile
895 1849 989 1900 uincit.
1008 1850 1069 1899 ldeo
1086 1858 1181 1915 peten-

647 1919 713 1969 dum
736 1929 793 1971 erat
817 1936 826 1970 ι
852 1920 894 1970 Da
922 1920 1001 1970 nobis
1026 1921 1180 1986 exemplum

647 1991 737 2056 gratiae
751 2004 813 2052 tua,
826 2001 857 2042 ut
871 2006 952 2041 omne
969 1992 1071 2041 malum
1085 1991 1180 2042 vinca-

647 2076 708 2112 mus
728 2078 736 2112 :
758 2080 772 2109 n
798 2062 857 2112 haec
880 2061 1100 2129 Clerysostomus.
1130 2061 1181 2111 Per

647 2135 714 2186 istos
739 2134 787 2201 qui
810 2135 946 2200 petierunt
964 2150 980 2184 a
1002 2134 1110 2185 Christo
1124 2146 1180 2198 pre

646 2204 741 2256 ceteris
756 2205 896 2270 discipulis
908 2204 1044 2263 honorari,
1061 2204 1180 2270 eoquod

647 2275 791 2340 erantejus
805 2275 1006 2340 consanguinei,
1024 2272 1181 2340 significan-

645 2357 691 2398 tur
702 2348 853 2407 ambitiosi,
865 2348 912 2414 qui
932 2347 1062 2398 habentes
1082 2346 1180 2412 prela-

646 2428 705 2469 tum
714 2418 956 2483 consanguineum,
968 2419 1062 2468 volunt
1071 2416 1180 2482 petbus

646 2489 674 2538 in
692 2489 808 2541 Ecclesia
820 2503 875 2553 prae
897 2487 992 2538 ceteris
1009 2485 1173 2552 promoueri.

646 2560 754 2620 Quibus
774 2561 842 2609 bene
864 2559 1062 2623 respondetur:
1078 2556 1178 2607 Nesci-

646 2633 682 2683 tis
690 2633 755 2698 qaid
762 2631 873 2698 petatis.
886 2632 954 2681 Nam
965 2631 1082 2680 honores
1092 2629 1178 2679 Eccle-

645 2705 692 2756 sioe
702 2720 758 2754 non
767 2713 831 2755 sunt
840 2702 1015 2769 dispensandi
1026 2718 1058 2752 ex
1067 2700 1176 2768 propin-

645 2773 910 2842 quitatesanguinis3
925 2774 973 2823 sed
987 2789 1020 2824 ex
1028 2772 1174 2823 idoneitate

646 2861 842 2913 personarum,
871 2845 976 2895 ratione
1002 2844 1122 2894 scientiae
1141 2850 1176 2893 ·.et

644 2917 762 2968 virtutis.
778 2917 815 2966 Et
827 2915 1015 2966 universaliter
1029 2915 1062 2965 de
1081 2913 1175 2965 omni·

646 2991 696 3041 bus
710 2989 863 3040 ambitiosis
880 2988 982 3055 optime
1001 2998 1089 3054 potest
1111 2987 1174 3051 diri,
1259 3000 1262 3005 '

645 3063 718 3127 quod
730 3059 853 3111 nesciunt
864 3059 930 3125 quid
940 3069 1040 3124 petant,
1054 3059 1118 3125 quia
1130 3068 1175 3110 ta-

646 3134 684 3182 les
696 3131 719 3182 si
735 3141 929 3197 promoventur
945 3133 1014 3182 male
1036 3131 1177 3182 intraatet

646 3203 796 3268 possident.
809 3202 981 3268 Cognoscens
992 3201 1076 3268 igitur
1083 3200 1177 3251 Domi-

646 3288 800 3325 noseorum
814 3273 995 3338 ignorantiam
1010 3282 1036 3322 et
1047 3285 1175 3329 errorem,

646 3343 710 3410 quia
739 3343 882 3394 indiscrete
909 3344 1041 3409 petebant,
1070 3355 1176 3406 praesu·

646 3424 751 3466 mentes
774 3415 912 3482 pervenire
934 3415 994 3464 sine
1021 3412 1118 3463 merito
1140 3410 1175 3461 ad

645 3485 759 3551 gloriam
787 3495 905 3548 tantam,
942 3485 1047 3534 reduxit
1069 3497 1116 3532 eos
1135 3480 1176 3531 ad

646 3556 727 3618 viam,
749 3556 850 3607 scilicet
878 3555 913 3605 ad
935 3554 1126 3615 humilitatem,
1148 3562 1178 3605 et

646 3643 695 3677 nos
713 3627 810 3678 invitat
822 3628 855 3676 ad
867 3641 927 3675 eam
942 3640 988 3690 per
1002 3639 1083 3689 quam
1097 3621 1176 3673 seni-

645 3707 690 3748 tur
712 3698 746 3748 ad
769 3695 963 3748 sublimitatem
979 3694 1069 3760 potius
1091 3709 1175 3760 quam

646 3785 692 3834 per
705 3768 891 3818 ambitionem.
905 3765 957 3815 Ubi
968 3763 1092 3823 ostendit,
1103 3764 1176 3830 quod

646 3838 675 3888 in
690 3836 806 3904 praelatis
814 3837 893 3887 debet
906 3849 964 3885 esse
979 3845 1056 3884 tenor
1064 3833 1182 3895 bumili-¹
