2632 4320
323 259 452 321 QUIBUS
467 257 635 311 DEBETUR
647 257 706 310 VAE
721 257 919 310 AETERNUM.

65 375 133 428 tiam
149 375 237 428 dictus
251 375 401 440 Barachias,
422 375 470 443 qui
494 374 602 427 benedi-

65 455 125 501 ctus
139 449 249 501 Domini
262 449 461 516 interpretatur,
475 463 550 516 quem
563 461 604 500 oc·

64 519 194 583 cidistis,
230 519 257 570 id
283 530 324 571 est
350 530 438 572 vestra
466 518 603 586 generatio

63 589 145 641 vobis
157 590 256 642 similis
270 591 378 652 occidit,
394 591 463 642 inter
477 589 601 656 templum

63 665 91 711 et
113 660 216 727 ¹altore,
242 661 343 712 scilicet
371 661 600 720 holocaustorum,

45 731 139 797 -quod
157 741 213 783 erat
236 740 310 782 extra
335 733 478 798 templum,
499 729 602 781 scilicet

63 800 94 850 in
117 799 186 850 atrio
214 800 300 866 ipsius
330 800 434 867 templi.
461 801 513 851 Sed
541 799 602 850 licet

62 871 145 921 multi
169 881 231 938 post
246 881 274 923 et
289 882 351 923 ante
368 872 402 922 ab
422 871 471 922 hac
485 886 600 938 genera-

62 941 140 992 tione
156 941 210 993 sint
224 942 317 1003 occisi,
337 951 428 993 tamen
443 942 534 1008 potius
548 957 600 992 no-

61 1013 151 1064 minat
166 1013 233 1065 istos
247 1014 316 1065 duos
329 1029 412 1081 quam
425 1015 492 1066 alios
508 1031 515 1066 :
530 1014 599 1066 utin

61 1102 120 1138 uno
134 1087 203 1148 laici,
226 1087 327 1138 scilicet
341 1087 371 1138 in
392 1087 468 1152 Abel,
483 1087 531 1154 qui
549 1087 600 1137 fuit

61 1166 156 1224 pastor
169 1157 272 1219 ovium,
287 1167 313 1209 et
329 1157 356 1209 in
368 1173 463 1225 campo
477 1167 598 1222 necatus5

61 1230 93 1282 in
107 1231 161 1281 alio
175 1231 273 1293 clerici,
295 1232 395 1283 scilicet
412 1231 442 1282 in
460 1232 598 1297 Zacharia,

34 1362 38 1375 ι
60 1302 111 1370 qui
133 1301 186 1354 fuit
206 1303 298 1355 altaris
314 1303 404 1354 officio
421 1303 599 1370 mancipatus,

60 1383 89 1424 et
105 1373 133 1423 in
157 1375 225 1424 atrio
245 1375 339 1442 templi
358 1375 470 1435 occisus,
496 1373 600 1425 intelli-

60 1455 177 1512 gantur;
204 1456 231 1498 et
254 1463 303 1513 per
330 1449 380 1499 hos
407 1448 476 1498 duos
504 1463 599 1499 omnes

60 1517 149 1568 sancti
169 1519 307 1584 Martyres,
328 1517 429 1568 laicalis
448 1517 551 1569 scilicet
574 1527 600 1568 et

59 1589 235 1640 sacerdotalis
262 1589 384 1651 ordinis,
414 1590 598 1656 designantur.

59 1660 167 1722 Amen,
192 1675 268 1712 amen
293 1661 353 1713 dieo
377 1661 470 1725 vobis,
496 1661 599 1712 venient

62 1730 164 1793 omnia,
181 1731 282 1783 scilicet
299 1733 397 1784 scelera
419 1742 445 1784 et
467 1733 597 1783 scelerum

60 1803 240 1869 punitiones,
277 1819 359 1870 super
397 1805 597 1871 generationem

60 1873 152 1938 istam,
167 1875 272 1926 scilicet
289 1885 405 1927 vestram
422 1885 449 1927 et
472 1876 597 1926 omnium

59 1946 197 1997 malorum
204 1963 212 2012 ;
229 1957 256 1998 et
266 1947 290 1998 si
301 1964 356 1999 non
368 1962 464 1999 omnes
474 1947 530 1998 sint
540 1963 597 1998 uno

59 2025 193 2085 tempore,
209 2029 300 2070 tamen
314 2036 409 2071 omnes
427 2030 492 2071 sunt
509 2035 596 2071 unum

61 2103 161 2156 corpus
173 2090 285 2142 diaboli.

96 2176 125 2211 11
148 2161 253 2212 Carusu
278 2178 408 2214 crvrrarrs
433 2162 596 2215 anusassu.

59 2258 90 2270 —
103 2231 209 2284 Deinde
221 2233 353 2285 convertit
366 2249 519 2285 sermonem
533 2249 597 2302 spe-

58 2303 163 2371 cialiter
176 2306 210 2356 ad
224 2307 396 2373 metropolim
410 2306 545 2359 civitatem
559 2308 598 2358 Je-

59 2376 188 2441 rusalem,
198 2375 226 2428 in
236 2388 374 2444 quaerant
384 2378 471 2444 magis
480 2378 598 2445 culpabi-

58 2447 107 2508 les,
115 2463 176 2499 eam
187 2448 226 2515 pii
238 2449 321 2515 patris
332 2451 426 2501 affectu
436 2452 595 2517 plangendo,

28 2515 32 2521 '
59 2527 136 2569 etex
154 2518 207 2569 hoc
228 2520 363 2570 auditores
383 2520 540 2584 erudiendo,
559 2521 597 2571 di-

57 2604 125 2640 cens,
138 2605 145 2641 :
160 2590 322 2654 Jerusalem,
337 2591 499 2654 Jerusalem,
515 2592 595 2642 Jeru-

62 2661 146 2712 salem
156 2671 235 2712 vocat
251 2662 425 2723 habitatores,
441 2678 494 2712 non
508 2662 595 2714 aedifi-

61 2731 100 2782 cia
113 2730 241 2792 civitatis,
254 2735 379 2798 ponendo
390 2732 532 2784 continens
545 2749 594 2800 pro

58 2808 201 2864 content03
227 2810 254 2851 et
276 2801 424 2868 alloquitur
445 2802 491 2853 hic
504 2818 594 2870 popu·

59 2869 114 2920 lum
125 2869 280 2932 tudanum,
295 2872 346 2922 sub
357 2871 468 2923 nomine
478 2872 594 2924 civitatis

60 2939 283 3007 metropolitanae.
299 2942 454 2994 Geminatio
467 2958 530 2994 vero
544 2943 594 2995 hu-

58 3010 97 3075 ius
111 3011 189 3062 verbi
201 3012 364 3076 Jerusalem,
377 3013 532 3064 miserantis
543 3025 592 3080 est,

59 3092 82 3134 et
92 3081 236 3134 miseriam
251 3084 381 3146 vocantis,
394 3100 424 3136 ac
439 3086 516 3137 valde
528 3085 593 3136 dili-'

58 3152 163 3219 gentis3
185 3153 238 3215 vel,
257 3154 376 3221 geminat
388 3165 497 3222 propter
509 3156 593 3207 vehe-

57 3234 179 3275 mentem
207 3223 456 3290 reprehensionem,
477 3236 504 3277 et
532 3242 592 3278 ma-

56 3292 141 3358 jorem
168 3294 408 3360 exprobationem
436 3297 496 3358 vel,
528 3299 593 3365 quia

57 3374 163 3416 §annos
192 3364 346 3431 affligebant
372 3367 513 3433 dupliciter
535 3385 542 3419 t
567 3378 592 3420 et

55 3439 239 3508 corporaliter,
261 3450 287 3491 et
311 3441 494 3507 spiritualiter.
524 3443 592 3504 Quae

55 3512 157 3567 occidis
173 3512 337 3578 Prophetas,
353 3513 500 3566 Dominum
510 3516 591 3567 etiam

55 3576 178 3636 occisura
198 3583 408 3650 Prophetarum3
435 3591 462 3636 et
482 3585 592 3651 lapidas

53 3667 99 3706 eos
112 3653 161 3721 qui
181 3652 220 3703 ad
232 3660 267 3718 te,
282 3654 309 3706 id
324 3655 411 3706 estad
426 3664 500 3706 tuam
512 3656 591 3706 utili-

51 3733 136 3777 tatem
148 3734 176 3775 et
190 3722 403 3787 instructionem,
420 3734 446 3776 et
458 3725 490 3776 ad
502 3725 591 3778 incre-

53 3794 176 3862 pandum
203 3794 302 3846 scelera
328 3802 388 3857 tua',
416 3795 494 3847 missi
520 3803 590 3847 sunt.

51 3866 115 3919 ldeo
132 3864 291 3918 incurabilis
304 3875 344 3917 est
358 3867 443 3933 plaga,
464 3866 530 3933 quia
544 3884 590 3919 eos

1138 257 1189 325 293

656 372 760 439 abjicis,
783 373 831 440 qui
855 373 906 424 tibi
930 373 1044 425 salutem
1065 372 1191 424 offerunt.

656 445 733 498 Unde
759 446 972 514 chrysostomus
991 463 1000 497 .·
1018 445 1190 506 «Quomodo

654 517 767 578 saneris,
777 531 839 583 quae
854 517 960 568 nullum
971 518 1005 568 ad
1017 527 1043 568 te
1055 517 1190 568 medicum
1211 567 1214 573 ,

655 585 793 652 pervenire
817 586 971 652 permittis?
996 586 1100 638 Sanctis
1122 585 1191 638 meis

655 672 712 706 non
726 656 841 724 peperci,
856 666 886 708 ut
904 657 954 708 tibi
969 673 1105 724 parcerem
1126 672 1190 722 pec·

654 727 753 779 catrici.
776 729 887 780 Illorum
909 728 994 779 vitam
1016 729 1131 796 neglexi,
1155 743 1189 779 ne

631 848 634 855 ,
654 809 769 851 mortem
783 812 856 852 tuam
873 800 1003 852 viderem.
1019 803 1124 853 Omnes
1136 817 1190 853 me·

653 869 706 921 dici
729 871 882 938 spirituales
897 871 927 922 in
943 882 969 923 te
983 871 1148 938 defecerunt,
1162 882 1190 924 et

653 950 683 991 tu
695 953 786 994 curata
800 959 856 994 non
870 959 907 995 es.
929 944 958 994 Si
980 944 1013 995 de
1032 953 1118 994 morte
1143 953 1189 995 tua

653 1011 762 1077 gavisus
788 1013 911 1075 fuissem,
941 1029 1080 1080 nunquam
1108 1014 1141 1064 ad
1162 1025 1189 1066 te

653 1082 789 1134 misissem
806 1085 961 1151 Prophetas.
977 1085 1006 1136 Si
1030 1095 1056 1136 te
1078 1085 1189 1152 perdere

652 1154 810 1221 voluissem,
827 1173 967 1225 nunquam
979 1158 1012 1208 ad
1032 1167 1057 1209 te
1074 1158 1132 1225 ipse
1148 1173 1191 1210 ve-

653 1223 765 1276 nissem.
781 1226 837 1292 Ego
849 1228 916 1293 quid
928 1228 1034 1290 faciam,
1047 1228 1069 1278 si
1086 1239 1115 1279 tu
1131 1228 1190 1294 ipsa

653 1297 743 1349 vivere
756 1314 811 1348 non
832 1300 889 1351 vis?
903 1320 917 1348 n
938 1301 997 1352 haec
1018 1302 1188 1370 Chrysosto·

653 1383 720 1421 mus.
735 1369 845 1431 Quoties
859 1372 940 1435 volui,
953 1388 1003 1439 ego
1012 1372 1060 1439 qui
1073 1382 1188 1424 mortem

652 1442 800 1508 peccatoris
816 1444 888 1506 nolo,
900 1461 949 1512 ego
962 1446 1010 1512 qui
1025 1462 1119 1497 omnes
1132 1461 1190 1512 pec·

651 1523 753 1564 catores
775 1515 877 1566 salvare
901 1517 972 1577 volo,
1000 1528 1055 1567 non
1075 1516 1188 1584 quidem

651 1585 735 1635 semel
750 1585 793 1635 vel
808 1585 860 1647 bis,
880 1588 927 1636 sed
942 1587 1083 1639 multoties
1102 1605 1109 1639 z
1132 1590 1188 1655 pri·

652 1669 706 1715 mo,
727 1669 775 1720 per
804 1656 890 1721 legem
920 1667 1035 1720 naturae;
1060 1660 1186 1721 secundo,

651 1742 698 1792 per
713 1727 813 1794 Legem
840 1728 1002 1795 Scripturae;
1025 1730 1115 1792 tertio,
1140 1747 1187 1798 per

651 1797 749 1861 Legem
764 1797 869 1863 gratiae;
886 1798 952 1849 item
966 1800 995 1849 in
1009 1815 1088 1851 mane
1098 1802 1187 1867 pueri·

650 1868 705 1929 tiae,
721 1868 751 1918 in
765 1869 844 1920 tertia
858 1870 1050 1932 adolescentiae,
1066 1871 1096 1922 in
1110 1883 1185 1925 sexta

649 1939 806 2005 juventutis,
831 1941 859 1991 in
886 1958 958 1993 nona
973 1943 1127 2005 senectutis,
1156 1944 1185 1995 in

649 2025 759 2077 vespere
772 2011 913 2079 decrepitae
925 2013 1021 2074 aetatis,
1035 2027 1187 2081 congrega·

649 2094 680 2131 re
689 2082 741 2132 sub
752 2082 826 2134 cultu
843 2083 926 2134 unius
939 2083 988 2134 Dei
1004 2100 1051 2151 per
1065 2085 1146 2136 fidem
1160 2095 1187 2137 et

649 2154 896 2223 caritatem,filios
921 2164 989 2222 tuos,
1013 2158 1113 2210 scillcet
1135 2159 1186 2210 Ju-

648 2226 730 2289 daeos,
740 2228 978 2294 praedicationibus
990 2231 1186 2297 Prophetarum

647 2311 674 2352 et
683 2303 831 2367 miraculis,
846 2313 873 2354 et
882 2314 908 2355 te
921 2305 990 2355 mihi
1004 2307 1149 2372 adjungere
1161 2315 1188 2357 et

649 2375 1188 2445 meis.Multisuntdispersores,sedpau·

648 2447 672 2499 ci
682 2449 716 2499 ad
729 2449 832 2500 bonum
848 2461 1053 2517 congregatores
1066 2469 1073 2502 ε
1085 2452 1188 2518 disper-

648 2520 767 2585 gitenim
775 2521 908 2585 diabolus,
917 2521 1048 2588 dispergit
1058 2523 1185 2583 mundus,

647 2590 777 2656 dispergit
799 2592 913 2642 carnalis
937 2593 1055 2651 affectus,
1081 2593 1187 2658 disper·

647 2670 714 2725 gunt
733 2670 886 2713 tentatores.
904 2662 956 2712 Sed
980 2662 1112 2713 Dominus
1124 2664 1183 2715 vult

647 2746 810 2798 congregare
818 2733 847 2783 in
857 2732 987 2785 unitatem
1002 2733 1074 2796 fidei,
1090 2734 1185 2786 inuni-

645 2813 727 2854 tatem
737 2805 863 2867 caritatls,
874 2806 903 2858 in
916 2807 1048 2858 unitatem
1056 2823 1182 2874 supernae

646 2876 770 2928 civitatis.
783 2879 912 2945 Sequitur
928 2896 935 2930 :
953 2880 1182 2941 Quemadmodum

644 2948 752 3014 gallina
776 2956 929 3016 congregat
947 2952 1040 3018 pullos
1054 2967 1119 3005 suos
1133 2953 1184 3004 sub

645 3019 722 3083 alas,
743 3020 819 3085 ponit
839 3023 995 3088 exemplum
1015 3025 1048 3074 de
1071 3024 1181 3090 gallina,

644 3089 677 3139 ad
693 3091 891 3141 ostendendum
904 3092 1029 3143 affectum
1048 3109 1130 3144 suum
1150 3095 1184 3145 ad

645 3159 786 3225 populum,
802 3160 867 3226 quia
883 3161 954 3214 inter
973 3163 1039 3214 alias
1059 3180 1120 3216 aves
1139 3165 1184 3216 vl-

644 3233 722 3283 detur
732 3233 818 3300 magis
832 3233 902 3286 affici
917 3235 950 3286 ad
966 3236 1143 3287 nutritionem
1157 3247 1183 3288 et

644 3304 873 3356 conservationem
885 3306 1036 3372 pullorum;
1055 3317 1109 3357 tam
1126 3321 1182 3358 ma·

644 3390 729 3440 gnum
742 3375 814 3426 enirn
831 3377 956 3428 affectum
967 3377 996 3427 in
1011 3377 1082 3428 filios
1093 3378 1183 3440 habet,

644 3457 674 3497 ut
691 3463 785 3499 eorum
808 3449 966 3501 infirmitate
987 3451 1080 3500 affecta
1104 3449 1184 3500 infir-

645 3529 733 3569 metur
745 3530 771 3570 et
792 3521 859 3587 ipsa,
874 3531 900 3572 et
914 3537 961 3572 eos
973 3522 1024 3572 alis
1037 3529 1180 3589 protegens

644 3598 739 3640 contra
760 3590 875 3642 milvum
895 3600 1005 3657 pugnet.
1029 3591 1072 3641 Sic
1088 3600 1114 3643 et
1132 3591 1181 3642 Dei

645 3659 777 3724 sapientia
800 3677 847 3728 per
869 3662 956 3712 carnis
980 3660 1181 3727 susceptionem

644 3728 778 3780 infirmata
798 3730 915 3797 protegit
938 3747 998 3791 nos,
1018 3743 1044 3782 et
1061 3730 1181 3782 defendit

643 3812 659 3849 a
683 3799 800 3862 diabolo,
824 3815 854 3851 ac
879 3801 965 3851 nutrit
987 3811 1013 3852 et
1040 3811 1179 3853 conservat

643 3886 692 3923 sua
716 3872 810 3938 gratia.
834 3873 873 3923 Et
905 3873 1026 3938 noluisti,
1051 3873 1177 3940 quinimo
