2632 4320
304 240 352 292 DE
371 242 558 294 DUODECIM
574 241 744 292 CONSILIIS
759 242 999 295 EVANGELICIS.
1175 246 1209 313 95

99 368 154 419 ent,
172 374 288 411 omnem
309 358 523 409 sollicitudinem
548 373 625 407 suam

98 432 231 497 projiciens
240 432 271 482 in
281 447 359 495 eum;
367 432 486 482 secunda
494 441 535 482 est
544 432 625 482 etiam

97 502 241 562 hudabilis,
256 512 284 553 et
299 512 340 553 est
359 502 536 569 providentiae
554 514 626 553 tem-

98 574 187 639 paruis
207 590 242 625 ex
261 573 381 626 statema
401 575 517 636 caritate,
537 576 626 642 qualis

96 646 216 712 competit
228 646 349 712 praelatis
371 656 399 699 et
416 645 550 712 religiosis
563 646 626 696 offi-

96 716 174 777 ciatis,
195 717 246 783 qui
269 729 394 782 praesunt
413 717 442 767 in
463 717 625 767 sollicitudi-

96 802 137 850 ne;
146 788 226 839 tertia
238 797 282 838 est
293 786 451 847 tolerabilis,
463 797 489 838 et
500 798 540 838 est
554 803 626 837 curre

95 858 254 925 amputans,
274 858 366 924 quoad
394 873 506 923 corpus;
532 870 628 925 quarta

95 938 130 979 est
147 928 351 994 vituperabilis,
375 937 402 980 et
425 938 466 979 est
485 929 627 994 superflua·

95 1000 338 1060 mundationis,
360 1001 451 1067 quoad
477 1002 626 1052 avaritiam.

98 1073 177 1125 Prirna
193 1072 351 1123 consulitur
369 1072 484 1123 consilio
498 1072 560 1133 isto,
580 1089 626 1123 se-

98 1146 171 1196 cunda
191 1145 366 1212 praecipitur,
390 1144 469 1195 tertia
491 1145 628 1211 permitti-

98 1226 141 1280 tur,
153 1226 253 1282 quarta
268 1215 439 1280 prohibetur.
448 1244 478 1253 -
490 1216 627 1266 Duodeci-

98 1300 164 1337 mum
193 1285 346 1337 consilium
377 1296 417 1336 est
449 1287 482 1336 de
512 1286 628 1337 fraterna

97 1358 271 1423 correptione.
298 1356 376 1408 Unde
403 1367 443 1407 est
467 1357 534 1407 illud
561 1373 568 1407 ε
595 1358 629 1408 Si

94 1429 242 1495 paemverit
263 1427 292 1479 in
312 1433 339 1477 te
353 1428 449 1493 frater
472 1434 542 1489 tuus,
565 1442 629 1479 cor-

97 1500 149 1566 ripe
171 1515 248 1564 eum,
279 1501 329 1549 etc.
355 1499 496 1565 Corripere
521 1499 628 1550 fratrem

97 1570 253 1637 quandoque
269 1579 312 1619 est
331 1569 487 1630 consilium,
501 1580 533 1619 ut
548 1585 629 1635 quan-

98 1640 127 1691 di
143 1640 247 1707 aliquis
265 1639 379 1704 corripit
397 1638 508 1690 fratrem
530 1641 563 1690 de
581 1656 628 1691 ve-

99 1712 220 1773 nialibus,
245 1722 275 1762 et
297 1712 377 1762 illum
400 1728 463 1763 cum
483 1729 538 1778 quo
558 1714 629 1764 nihil

98 1782 175 1837 Iacere
189 1785 283 1848 habet,
300 1784 355 1835 nisi
371 1799 543 1837 communem
558 1788 628 1837 cari-

54 1872 56 1881 ·
99 1864 190 1921 tatem3
206 1855 376 1923 quandoque
395 1865 435 1905 est
455 1869 628 1922 praeceptum,

54 1926 56 1989 s
100 1936 127 1977 ut
144 1927 257 1992 quando
281 1926 428 1992 corripitur
450 1928 484 1977 de
506 1929 628 1989 mortali,

100 2010 123 2051 et
140 2001 193 2051 isto
213 2000 336 2053 secundo
358 2000 441 2051 modo
460 2002 577 2067 pertinet
596 2002 629 2052 ad

54 2070 57 2137 ζ
102 2086 198 2133 omnes,
212 2083 241 2123 et
259 2072 363 2137 obligat
374 2088 489 2138 semper,
504 2077 549 2124 sed
574 2091 629 2125 non

54 2142 58 2205 ἶζ
102 2146 130 2197 td
148 2160 267 2211 semper,
284 2144 350 2211 quia
370 2161 419 2211 pro
435 2147 494 2196 loco
517 2157 544 2198 et
558 2159 629 2199 tem-

54 2210 59 2291 }
103 2229 169 2279 pore,
183 2216 289 2267 scilicet
301 2217 411 2281 quando
428 2227 503 2267 vacat
516 2227 542 2268 et
558 2219 629 2279 licet,

54 2330 58 2359 ,
103 2298 125 2338 et
146 2289 267 2339 creditur
289 2288 364 2354 quod
384 2289 460 2340 utilis
482 2290 518 2341 sit
540 2307 631 2343 corre-

54 2376 62 2430 ,
103 2358 163 2423 ptio.
186 2360 220 2411 Et
245 2359 280 2409 ad
308 2359 360 2409 hoc
385 2370 546 2426 praeceptum
570 2380 630 2413 ma-

103 2429 167 2481 time
185 2440 316 2481 tenentur
336 2430 448 2495 praelati,
472 2434 561 2497 quoad
584 2449 631 2485 eos

102 2513 211 2565 quorum
225 2514 321 2550 curam
336 2510 443 2565 gerunt.

129 2572 223 2635 4Hm
241 2585 364 2621 consuta
384 2586 490 2621 ercinia
506 2589 631 2623 aeonum

61 2694 64 2705 ,
104 2656 177 2695 triton
191 2645 245 2695 Der
260 2658 387 2701 soranus
401 2659 584 2696 consummo.
600 2677 631 2686 -

105 2714 197 2768 Omnia
213 2715 359 2783 praemissa
376 2716 487 2766 Domini
502 2731 632 2786 praecepta

105 2794 128 2835 et
144 2787 257 2839 consilia
280 2785 370 2837 facilia
392 2798 457 2837 sunt
474 2789 584 2851 volenti,
606 2803 633 2842 et

105 2854 147 2907 Dei
167 2858 297 2909 timorem
321 2872 376 2922 prae
398 2858 486 2909 oculis
512 2860 631 2911 habenti.

107 2926 176 2979 Unde
190 2929 407 2995 Chrysostomus
423 2947 432 2979 .·
450 2948 464 2977 α
478 2930 519 2981 Sit
539 2932 587 2991 tibi
603 2933 634 2983 ti-

108 3013 160 3051 mor
171 3000 221 3051 Dei
247 3000 325 3051 omni
349 3001 506 3053 necessitate
526 3003 633 3054 violen-

108 3070 161 3123 tior.
174 3072 203 3123 si
218 3072 296 3123 euim
307 3072 376 3123 velis
390 3075 544 3126 occasiones
566 3091 633 3126 sem-

109 3158 148 3207 per
159 3145 287 3211 objicere,
301 3145 373 3195 nihil
387 3146 421 3197 de
436 3147 475 3198 eis
488 3163 550 3214 quae
570 3159 634 3199 sunt

110 3210 229 3280 inperata
247 3216 394 3275 custodies,
417 3217 501 3267 etita
523 3234 634 3284 prorsus

110 3285 190 3336 omnia
205 3301 268 3351 quae
286 3294 350 3336 sunt
366 3298 496 3353 praecepta
511 3290 633 3341 calcabis.

72 3379 76 3387 ¹
112 3352 171 3413 Quia
187 3358 212 3408 si
236 3358 337 3423 Legem
358 3359 477 3410 volueris
500 3362 635 3412 custodire

112 3422 211 3490 Christi,
226 3427 414 3479 necessitatem
435 3430 546 3495 quidem
570 3433 635 3481 nul-

112 3492 165 3573 lum.
183 3515 244 3566 que
265 3508 292 3549 te
314 3498 348 3549 ab
368 3499 556 3552 observatione
578 3503 635 3567 eius

113 3570 238 3643 inpeuat,
259 3569 408 3635 aliquando
434 3570 553 3636 patieris.
573 3572 636 3623 Noli

114 3636 191 3700 uitur,
206 3656 223 3691 o
238 3640 334 3699 homo,
348 3640 378 3691 in
397 3641 484 3692 otium
498 3643 635 3704 reclinare,

115 3718 154 3759 nec
165 3710 297 3761 dissolvas
316 3710 416 3761 bonam
435 3711 521 3761 animi
542 3714 638 3763 volun·

116 3782 197 3845 tatem
215 3796 304 3847 neque
324 3781 398 3831 enim
416 3797 477 3847 quae
497 3782 637 3849 imperan-

117 3854 150 3901 tur
168 3869 283 3907 onerosa
295 3862 369 3917 sunt,
383 3855 572 3907 tantummodo
587 3856 639 3908 vel·

679 358 704 407 le
723 357 832 418 sufficit,
852 370 880 410 et
901 371 989 411 totum
1010 363 1083 427 quod
1105 363 1211 427 iubetur

679 428 822 495 impletum
845 442 895 483 est.
911 434 990 493 Quod
1008 434 1030 484 si
1051 435 1120 485 mihi
1141 454 1210 488 con-

679 504 850 554 suetudinem
877 516 951 556 tuam
974 508 1091 573 opponis
1118 521 1149 561 ut
1172 513 1211 562 le-

679 590 749 640 gem,
772 576 906 641 perhanc
927 578 1014 643 ipsam
1036 592 1061 632 te
1081 583 1213 634 admoneo

679 661 761 712 quam
783 646 818 697 sit
838 647 924 698 facilis
945 650 996 700 ista
1020 655 1160 705 correctio.
1182 657 1209 706 Si

678 718 753 768 enim
774 719 803 768 in
827 720 907 769 aliam
932 726 1156 776 consuetudinem
1180 745 1211 779 ex

679 789 731 839 alia
752 800 778 839 te
798 792 977 849 converteris,
1000 793 1051 843 hoc
1070 800 1142 860 quod
1163 799 1211 850 tibi

679 860 789 911 difficile
802 861 917 922 videtur,
932 862 1064 914 efficieris.
1080 867 1150 926 Quia
1165 870 1213 919 sic·

680 939 711 980 ut
720 930 752 981 ad
762 931 914 982 sitiendum
927 937 1093 986 consuetudo
1107 948 1147 988 est
1160 939 1214 989 vio

679 1001 774 1065 lentia;
797 1002 834 1053 ita
854 1002 884 1053 fit
903 1016 1000 1070 potens
1020 1006 1052 1055 ad
1073 1010 1212 1075 corrigen-

679 1072 754 1123 dum.
775 1093 788 1120 n
808 1075 841 1124 Et
861 1074 959 1125 iterum
975 1092 981 1125 ι
997 1094 1011 1122 u
1031 1075 1059 1126 Si
1080 1078 1108 1126 in
1132 1095 1212 1132 usum

679 1145 762 1194 semel
786 1146 864 1196 bonae
881 1146 1063 1211 Philosophioe
1086 1159 1212 1213 transeas,

679 1215 784 1266 etiamsi
808 1227 901 1282 postea
924 1218 1023 1282 aliquis
1046 1219 1095 1269 tibi
1121 1231 1213 1288 torpor

679 1288 799 1354 obrepat,
824 1305 879 1339 non
901 1299 991 1340 tamen
1013 1290 1090 1343 facile
1112 1296 1213 1359 poteris

679 1360 779 1411 horum
789 1361 929 1427 quippiam
937 1378 999 1428 quae
1010 1377 1139 1430 praecepta
1149 1380 1213 1419 sunt

679 1431 839 1497 transgredi,
861 1433 932 1482 bona
949 1433 1049 1484 scilicet
1068 1448 1214 1488 consuetu-

680 1501 744 1550 dine
766 1500 919 1551 firmitatem
944 1503 997 1567 jam
1015 1504 1139 1557 imitante
1162 1526 1213 1559 na-

680 1583 756 1623 turae.
782 1572 871 1631 Quam
891 1574 965 1624 enim
986 1574 1063 1625 facile
1087 1589 1127 1628 est
1147 1580 1213 1630 dor-

680 1643 757 1702 mire,
777 1643 924 1702 comedere,
945 1644 1045 1702 bibere,
1066 1648 1212 1713 respirare;

681 1726 736 1765 tam
755 1715 835 1764 nobis
851 1714 938 1765 facilia
961 1728 1041 1767 erunt
1057 1719 1126 1769 bona
1148 1738 1214 1771 con-

681 1785 833 1844 suetudine,
851 1785 931 1835 etiam
954 1801 1035 1851 opera
1051 1789 1159 1839 virtutis
1176 1809 1182 1840 :
1201 1813 1213 1839 u

675 1856 737 1908 'haec
756 1858 978 1922 Chrysostomus.
999 1859 1077 1910 Unde
1098 1873 1124 1910 ct
1144 1864 1215 1913 Tul-

682 1930 735 1980 lius
753 1948 762 1979 :
782 1948 796 1975 «
814 1928 926 1994 Optima
939 1929 1025 1979 forma
1040 1930 1145 1982 vivendi
1162 1935 1213 1985 eli-

682 2001 768 2067 genda
787 2008 836 2060 est,
859 2015 942 2066 quam
963 2001 1108 2065 iucundam
1129 2006 1214 2057 reddit

682 2071 857 2121 consuetudo.
875 2089 889 2117 o
906 2071 1024 2121 Tantum
1038 2073 1119 2123 etiam
1140 2076 1215 2125 dele—

683 2143 761 2194 cteris
781 2153 808 2193 et
821 2142 984 2207 complaceat
1004 2144 1053 2193 tibi
1070 2145 1098 2195 in
1114 2162 1215 2211 praece-

683 2217 737 2283 ptis
751 2227 776 2267 et
796 2215 918 2265 consiliis
931 2216 1053 2277 Domini,
1069 2230 1099 2268 ut
1117 2220 1140 2269 si
1158 2237 1214 2270 non

683 2289 742 2338 sine
763 2287 919 2354 gravamine
936 2289 977 2337 vel
998 2289 1156 2341 difficultate
1173 2293 1215 2342 vi-

683 2359 796 2425 deantur
807 2357 876 2417 fieri,
891 2358 997 2407 coneris
1011 2368 1100 2410 tamen
1120 2362 1155 2410 ob
1170 2362 1217 2411 ho-

683 2444 775 2479 norem
808 2427 894 2492 ipsius
923 2427 1083 2491 legislatoris
1112 2446 1216 2480 servare

682 2510 816 2567 quantum
831 2499 888 2564 ipse
902 2499 974 2548 vires
988 2500 1072 2559 dabit,
1087 2503 1151 2566 quia
1166 2504 1215 2551 etsi

682 2581 789 2638 propter
803 2570 893 2634 ipsum
908 2569 963 2633 pati
978 2586 1032 2619 non
1044 2571 1164 2636 elegeris,
1179 2574 1217 2622 ni·

683 2641 832 2694 hilominus
850 2639 927 2688 aliter
944 2639 1063 2704 patieris.
1088 2643 1122 2692 Ut
1142 2642 1215 2693 enim

683 2714 749 2766 dicit
767 2712 961 2779 Augustinus:
976 2732 990 2759 a
1007 2713 1037 2763 ln
1058 2715 1109 2765 hoc
1133 2732 1217 2766 mun-

684 2787 719 2836 do
742 2801 798 2835 non
821 2783 931 2842 timere,
958 2800 1013 2833 non
1033 2785 1137 2847 dolere,
1162 2803 1217 2837 non

685 2857 828 2925 periclitari
843 2856 1012 2921 impossibile
1025 2868 1078 2922 est3
1095 2860 1140 2908 sed
1156 2861 1219 2925 plu-

684 2931 786 2981 rimum
801 2929 910 2978 interest
924 2943 977 2993 qua
995 2943 1082 2989 causa,
1098 2946 1152 2996 qua
1171 2947 1218 2981 ex·

685 2999 856 3067 spectatione,
877 3013 932 3063 quo
958 2999 1075 3049 termino
1103 3001 1219 3068 quisque

685 3071 811 3138 patiatur.
834 3089 849 3117 u
874 3069 952 3119 Unde
977 3071 1189 3137 chrysostomus
1209 3090 1220 3123 .·

685 3162 700 3190 u
714 3141 742 3192 Si
759 3157 814 3190 non
830 3150 938 3206 propter
950 3141 1091 3191 Christum
1106 3143 1220 3209 elegeri-

686 3229 747 3263 mus
763 3211 867 3277 aliquid
884 3211 938 3278 pati
962 3213 1097 3273 dolorum,
1115 3228 1219 3263 necesse

686 3293 727 3334 est
745 3298 792 3332 eos
810 3281 924 3332 omnino
943 3291 970 3332 et
984 3283 1063 3333 aliter
1079 3283 1220 3333 sustinere.

687 3356 780 3421 Neque
790 3354 864 3404 enim
872 3354 895 3404 si
903 3354 1156 3420 propterChristum
1165 3367 1220 3401 non

687 3436 811 3476 mortuus
821 3426 912 3485 fueris,
925 3424 1088 3475 immortalis
1099 3423 1164 3484 eris;
1177 3436 1220 3471 ne·

686 3513 740 3564 que
755 3496 778 3547 si
798 3506 907 3562 propter
925 3496 1066 3547 Christum
1083 3510 1137 3544 non
1155 3508 1220 3558 pro·

688 3569 780 3636 jeceris
800 3569 935 3635 pecunias,
949 3568 1037 3618 ferens
1061 3582 1105 3616 eas
1122 3564 1220 3616 abibis.

688 3643 750 3692 Haec
769 3639 870 3706 expetit
889 3655 905 3689 a
927 3649 962 3697 te,
981 3653 1041 3704 quae
1062 3652 1115 3685 non
1137 3651 1221 3702 expe-

688 3722 760 3763 tente
779 3727 821 3774 eo,
838 3709 924 3760 dabis.
939 3710 1001 3760 Haec
1022 3718 1047 3758 te
1063 3708 1122 3757 vult
1139 3706 1223 3758 facere

688 3794 735 3835 tua
748 3784 894 3840 voluntate,
909 3797 969 3847 quae
983 3791 1010 3830 et
1024 3796 1056 3830 ex
1068 3780 1225 3830 necessitate

690 3865 716 3907 te
730 3863 836 3920 oportet
850 3852 944 3904 facere.
956 3850 1066 3918 Expetit
1080 3861 1170 3903 autem
1185 3865 1225 3901 so-
