2632 4320
139 288 173 341 28
446 287 619 341 SECUNDAE
636 286 758 338 PARTIS
773 287 890 338 (APUT
906 287 950 337 iv.

580 694 746 766 CAPUT
771 697 821 765 IV

484 946 535 1014 De
557 946 738 1015 sanatione
758 943 921 1014 lunatici.

414 1193 557 1257 Matthaei
580 1215 650 1280 cap.
672 1218 710 1280 17
726 1209 756 1259 et
770 1195 871 1259 Marci
886 1217 953 1281 cap.
972 1219 1001 1279 9.

180 1453 189 1487 r
213 1437 329 1488 Santrto
344 1452 477 1488 enataret.
500 1465 531 1474 -
552 1433 680 1502 Sequenti

145 1505 680 1568 autemdie,Jesusrediensdemonteubi

93 1639 99 1654 ¹
147 1579 352 1646 transfiguratus
370 1577 464 1638 fuerat,
487 1577 561 1641 venit
583 1577 616 1627 ad
638 1575 681 1626 di·

146 1650 265 1716 scipulos
278 1666 347 1716 quos
367 1649 481 1700 inferius
493 1647 641 1708 dimiserat,
656 1658 682 1698 et

147 1720 261 1772 occurrit
283 1721 307 1771 ei
331 1721 410 1771 turba
434 1736 496 1787 quae
518 1718 587 1769 circa
607 1717 681 1784 ipsos

89 1853 92 1857 y
147 1799 210 1843 erat.
226 1790 355 1842 Similiter
371 1790 394 1842 si
412 1789 514 1857 praelati
529 1789 629 1841 vellent
648 1788 682 1839 ad

147 1863 272 1916 subditos
291 1864 451 1915 descendere
474 1878 521 1930 per
539 1861 681 1912 humilita-

148 1944 221 1997 tem,
247 1936 461 2002 compassionem
488 1943 514 1983 et
540 1931 682 1982 affabilita-

148 2017 212 2068 tem,
228 2006 314 2057 multa
326 2005 405 2056 turba
420 2007 569 2055 occu'rreret
582 2003 621 2054 eis
636 2019 683 2069 per

149 2075 345 2142 poenitentiam.
355 2074 407 2126 Sed
417 2074 482 2140 quia
493 2088 598 2139 semper
610 2083 682 2123 stant

149 2147 179 2199 in
193 2149 247 2199 alto
264 2163 310 2213 per
324 2146 476 2205 elationem,
491 2160 538 2196 seu
559 2143 683 2195 ambitio·

150 2233 223 2278 nem,
243 2217 284 2268 vel
306 2215 501 2274 curiositatem,
522 2215 582 2265 ideo
604 2213 682 2281 pauci

150 2288 189 2339 eis
209 2297 362 2348 occurrunt,
382 2286 409 2337 id
431 2297 471 2338 est
494 2286 570 2354 pauci
588 2287 621 2337 ad
636 2301 682 2338 eos

149 2358 287 2420 accedunt,
310 2368 336 2408 et
361 2357 503 2424 pauciores
522 2357 557 2408 ab
579 2355 619 2408 eis
643 2372 683 2407 sa-

149 2439 261 2496 nantur;
288 2429 395 2481 nullum
415 2428 489 2480 enim
511 2428 610 2496 legitur
633 2428 684 2478 Do·

143 2501 246 2565 ,minus
270 2501 298 2553 in
321 2510 416 2552 monte
441 2515 555 2552 sanasse.
576 2499 615 2550 Et
641 2513 683 2549 ac·

153 2577 235 2628 cessit
258 2577 295 2628 ad
317 2590 375 2627 enm
402 2575 512 2641 quidam
536 2571 682 2631 deturba,

152 2656 246 2709 petens
259 2646 380 2697 misereri
389 2644 542 2710 unicoufilio
554 2643 682 2702 lunatim,

151 2718 298 2772 secundum
315 2719 386 2768 lnnae
407 2716 609 2768 innovationem
624 2721 683 2764 ma'·

154 2787 195 2853 gis
205 2788 327 2854 patienti,
339 2797 365 2839 et
375 2786 500 2853 spiritum
511 2785 684 2836 immundum

154 2858 274 2923 habenti,
290 2874 371 2927 quem
396 2857 489 2923 ejicere
512 2873 567 2907 non
590 2865 685 2922 potue-

153 2938 217 2978 runt
232 2928 288 2993 ejus
302 2928 427 2994 discipuli
433 2943 440 2991 ;
457 2927 504 2994 qui
519 2942 582 2978 eum
594 2940 686 2992 appre-

153 2997 325 3049 hendens-ad
343 3009 440 3050 terram
456 2998 590 3058 allidebat,
605 3006 631 3048 et
642 3011 686 3047 vo

153 3067 263 3118 lutando
280 3083 328 3134 per
338 3069 441 3119 diversa
456 3068 576 3118 membra
588 3080 686 3118 vexans

153 3141 309 3208 dissipabat,
330 3141 422 3209 sicque
441 3143 474 3192 ad
488 3140 685 3192 ostendendum

153 3215 348 3266 vehementiam
373 3215 505 3281 passionis
530 3213 686 3279 spumabat,

154 3301 184 3337 ac
210 3285 336 3337 dentibus
354 3285 494 3349 stridebat,
510 3294 536 3335 et
556 3285 687 3349 languens

157 3358 298 3411 arescebat.
318 3366 344 3408 et
360 3357 406 3407 vix
422 3355 597 3407 descendebat
619 3353 688 3403 dila-

155 3428 233 3479 nians
255 3442 330 3491 eum;
354 3427 401 3492 qui
424 3426 504 3478 etiam
532 3439 601 3490 saepe
625 3438 688 3473 eum

157 3499 277 3550 vexando
294 3498 408 3548 clamare
430 3495 551 3556 iaciebat,
573 3502 599 3544 et
616 3509 689 3544 nunc

154 3565 183 3616 in
198 3568 298 3634 ignem,
315 3567 429 3619 nuncin
445 3581 543 3633 aquam
557 3564 688 3623 mittebat,

154 3656 184 3698 ut
208 3647 244 3699 ita
267 3650 370 3700 dudum
392 3646 524 3714 periisset,
545 3644 598 3696 nisi
622 3645 689 3694 Pro-

154 3717 273 3770 videntia
284 3736 347 3771 eum
360 3725 551 3770 conservasset.
567 3716 600 3766 Et
614 3729 688 3772 cum,

153 3791 261 3855 jubente
287 3794 414 3856 Domino,
440 3791 571 3842 adductus
601 3797 688 3849 esset,

154 3863 245 3915 statim
270 3863 382 3929 spiritus
409 3860 576 3915 conturbavit
606 3875 667 3911 eum
679 3876 687 3922 ;

737 1434 831 1485 videns
842 1432 914 1485 enim
931 1449 960 1485 se
972 1433 1024 1484 cito
1038 1432 1210 1498 ejiciendum,
1225 1431 1265 1483 fa·

736 1504 821 1556 ciebat
840 1506 915 1572 pejus
932 1505 1005 1571 quod
1028 1513 1131 1571 poterat
1148 1503 1178 1553 in
1194 1518 1265 1554 eunt.

736 1575 847 1636 Deinde,
863 1576 1014 1642 increpante
1027 1591 1090 1627 eum
1104 1574 1223 1625 Domino
1242 1582 1267 1626 et

736 1646 907 1714 praecipiente
926 1657 957 1699 ut
975 1646 1059 1698 exiret
1077 1647 1112 1697 ab
1129 1661 1170 1708 eo,
1192 1656 1218 1697 et
1234 1660 1267 1697 ne

735 1718 853 1784 amplius
876 1717 904 1768 in
933 1733 995 1769 eum
1023 1718 1159 1781 introiret,
1186 1732 1266 1784 quem

737 1789 817 1840 etiam
836 1789 869 1839 ab
891 1788 987 1840 effectu
1000 1787 1119 1848 malitiae,
1137 1788 1194 1839 sive
1207 1803 1268 1838 sur·

736 1861 802 1911 dum
821 1870 847 1912 et
867 1870 976 1911 mutum
991 1861 1110 1921 vocabat,
1126 1859 1190 1926 quia
1207 1875 1268 1912 sur·

736 1935 802 1986 dum
819 1943 846 1984 et
859 1943 966 1985 mutum
979 1949 1039 1985 eum
1055 1933 1161 1984 lecerat·
1178 1933 1269 1985 statim

741 2006 897 2071 discerpens
917 2019 975 2056 eum
992 2005 1063 2056 exiit
1079 2005 1168 2067 abeo,
1185 2009 1213 2054 et
1219 2003 1269 2070 sa·

736 2082 795 2127 ctns
804 2082 845 2126 est
859 2074 929 2125 sient
942 2075 1170 2138 mortuns;·Jesns
1182 2079 1270 2125 autent
1309 2116 1312 2123 .

1307 2058 1312 2103 i

741 2153 833 2197 tenens
851 2161 957 2197 manum
977 2145 1167 2212 eiuselevavit
1187 2144 1271 2208 illum,
1308 2166 1312 2185 τ

732 2223 759 2268 et
771 2217 896 2268 surrexit
910 2231 1002 2277 sanus,
1017 2223 1042 2266 et
1060 2214 1177 2265 reddidit
1191 2214 1270 2266 inum

735 2287 804 2354 patri
820 2288 886 2354 ejus.

772 2373 787 2408 2
802 2360 963 2409 Monmtraa
980 2374 1114 2409 saccaron
1124 2373 1151 2408 nt
1165 2372 1271 2408 uuona-

749 2447 794 2482 cm
811 2443 941 2482 tuuirrco
959 2447 1064 2482 stuturs.
1085 2460 1115 2470 -
1137 2428 1273 2480 Moraliter

738 2503 789 2554 iste
822 2502 956 2553 lunaticus
986 2501 1120 2569 significat
1146 2509 1272 2567 peccato·

738 2593 804 2636 rem,
825 2592 905 2642 quem
929 2575 1053 2627 diabolus
1077 2591 1084 2625 ε
1107 2573 1196 2640 primo
1222 2587 1272 2638 ap·

738 2647 881 2715 prehendit
911 2663 957 2714 per
985 2647 1083 2714 peccati
1110 2643 1273 2696 delectatio·

736 2736 812 2782 nem3
840 2720 976 2781 secundo,
1000 2721 1114 2771 clamare
1140 2716 1203 2768 facit
1226 2729 1273 2783 per

743 2794 844 2862 peccati
866 2794 963 2844 ardens
982 2792 1161 2857 desiderium
1185 2789 1274 2850 tertio,

745 2875 852 2916 mutum
873 2863 946 2924 facit,
960 2864 992 2913 ad
1014 2862 1112 2930 peccati
1127 2871 1153 2911 et
1174 2859 1274 2910 divinoe

742 2934 830 2986 laudis
853 2932 1062 2996 confessionem
1083 2940 1187 3000 quarto,
1212 2944 1276 2982 sur·

738 3007 814 3065 dum,
839 3020 886 3071 per
908 3003 1124 3061 obdurationem,
1144 2999 1177 3052 ad
1199 2999 1274 3051 verbi

744 3074 942 3137 monitionem3
971 3073 1085 3141 quinto,
1116 3069 1276 3129 lunaticum,

742 3164 789 3215 per
804 3147 905 3198 mentis
921 3145 1131 3206 instabilitatem,
1147 3154 1173 3194 et
1186 3141 1277 3192 conti·

742 3234 824 3271 nuam
841 3218 871 3268 in
887 3218 988 3269 malum
1008 3215 1200 3278 variationem
1212 3227 1277 3264 sex-

742 3301 785 3350 to,
809 3289 886 3339 elidit
909 3297 936 3339 et
962 3286 1073 3345 volutat,
1090 3300 1137 3351 per
1163 3284 1223 3349 ejus
1247 3282 1278 3332 in

741 3360 846 3412 diversa
880 3368 986 3426 peccata
1016 3355 1277 3423 praecipitationem

744 3430 869 3498 septimo,
894 3427 1014 3493 dissipat,
1040 3442 1087 3493 per
1108 3425 1277 3477 diversarum

742 3503 936 3571 cogitationum
961 3501 1134 3565 varietatem3
1161 3507 1277 3558 octavo,

743 3574 855 3626 stridere
869 3572 931 3623 facit
944 3571 1080 3629 dentibus,
1096 3585 1144 3636 per
1163 3569 1232 3620 iram
1251 3577 1279 3618 et

744 3643 976 3710 indignationem,
1004 3657 1033 3692 ac
1058 3654 1200 3706 spumare,
1230 3652 1278 3704 per

744 3713 959 3782 gastrimargiam
972 3722 999 3762 et
1014 3711 1169 3773 libidinem3
1191 3724 1277 3769 nono,

745 3787 772 3838 in
793 3786 883 3852 ignem
902 3782 1015 3835 luxuriae
1031 3781 1123 3841 mittit,
1135 3783 1177 3832 vel
1194 3781 1277 3832 etiam

744 3857 877 3919 clationis,
895 3856 960 3924 quia
971 3854 1043 3922 ignis
1057 3870 1166 3905 sursum
1188 3851 1278 3905 tendit

1308 2308 1312 2331 l
