2632 4320
135 270 189 320 218
397 265 575 317 SECUNDAE
592 263 718 314 PARTIS
733 254 851 314 CAPUT
867 262 984 313 XXVIII.

136 384 261 452 pabiliter
274 384 383 446 durum,
399 382 447 449 qui
460 381 539 432 deflet
552 391 668 432 mortem

136 457 224 517 amici,
239 456 280 507 vel
299 455 397 504 damna
411 452 450 503 rei
465 453 629 519 temporalis,
642 461 670 502 et

134 528 254 577 dolorem
265 525 366 591 peccati
380 540 435 575 non
450 523 567 574 ostendit
580 523 609 572 in
624 523 668 573 Ia-

134 596 242 663 crymis.
259 615 273 644 n
288 597 379 646 Fletus
390 609 471 661 super
484 592 669 644 destructione

132 670 248 721 civitatis
275 669 364 737 signat
395 669 488 719 fletum
515 682 569 733 quo
603 665 668 716 flere

133 742 262 799 debemus
284 757 365 808 super
383 740 545 791 miserorum
564 736 669 789 calami-

133 813 243 874 tatibus,
258 824 284 863 et
297 814 451 863 animarum
466 810 564 870 ruinis,
575 819 601 859 et
612 824 671 874 per·

132 883 294 935 ditionibus.
332 884 411 936 Unde
438 882 489 931 lob
517 897 524 930 t
556 880 669 930 Flebam

134 968 215 1021 super
228 969 267 1019 eo,
282 956 328 1022 qui
342 955 457 1021 afflictus
468 957 536 1014 erat,
550 961 599 1002 etc.
613 951 670 1001 Fle-

134 1036 178 1075 tus
211 1042 274 1076 vero
302 1040 383 1092 super
402 1025 541 1082 Lazarum,
566 1020 613 1088 qui
634 1021 668 1070 ad

134 1095 219 1147 vitam
235 1106 291 1148 erat
312 1094 487 1153 revocandus,
507 1103 533 1144 et
549 1092 592 1142 cui
607 1093 669 1158 glo·

133 1166 172 1216 ria
200 1177 256 1218 erat
281 1167 436 1224 differenda,
464 1165 554 1230 signat
573 1162 667 1213 fletum

135 1253 183 1302 pro
196 1237 326 1287 dilatione
340 1236 441 1303 patriae.
456 1235 535 1286 Unde
548 1233 668 1285 Psalmi-

134 1319 173 1360 sta
189 1327 196 1360 ε
210 1311 273 1360 Heu
288 1311 361 1373 milti,
372 1310 434 1375 qula
448 1308 580 1359 incolatus
593 1320 668 1356 meus

129 1379 312 1446 prolongatus
342 1381 399 1430 est!
426 1380 456 1428 ln
484 1377 549 1427 fletu
577 1386 667 1427 autem

133 1449 256 1510 Domini,
282 1450 434 1500 ostenditur
457 1456 590 1515 quantum
604 1446 668 1496 flere

132 1519 247 1570 debeant
269 1521 317 1586 qui
345 1531 465 1587 peccant,
491 1519 599 1583 quando
630 1517 668 1566 sic

136 1591 209 1641 rievit
222 1593 270 1658 qui
289 1609 428 1659 nunquam
449 1591 574 1659 peccavit.
589 1589 668 1640 Unde

136 1661 340 1715 Cassiodorus:
357 1683 371 1710 a
388 1664 438 1714 Ubi
453 1666 580 1731 princeps
595 1668 668 1710 tanta

132 1732 280 1784 afflictione
293 1736 446 1802 plangebat,
460 1736 533 1803 quis,
549 1735 594 1784 illo
604 1731 669 1782 flen-

133 1815 168 1865 te,
189 1822 244 1855 non
268 1807 358 1858 fleret?
377 1810 456 1870 Quis,
480 1824 511 1859 eo
534 1816 666 1873 gemente,

135 1895 190 1929 non
205 1882 365 1944 gemeretis

165 1948 182 1998 6
199 1951 305 2000 Sarrau
316 1969 387 2002 traua
405 1969 548 2003 raccarotu
564 1966 667 2002 vauru-

135 2035 179 2070 m.
192 2049 223 2058 —-
238 2021 273 2071 Et
296 2023 445 2072 notandum
466 2024 540 2090 quod
564 2032 667 2088 septem

136 2092 206 2142 mala
219 2093 296 2158 quasi
310 2105 422 2145 ventura
444 2106 508 2146 sunt
525 2093 666 2161 peccatori,

134 2178 185 2242 per
194 2178 265 2242 qua,
281 2165 304 2214 si
326 2181 356 2215 ea
370 2166 505 2231 cogitaret,
521 2167 554 2215 ad
573 2165 666 2215 fletum

135 2242 240 2283 incitari
263 2237 508 2301 possettprimum
538 2245 578 2286 est
601 2251 667 2301 spo-

134 2304 208 2355 liatio
224 2308 358 2368 omnium,
372 2325 432 2374 quae
442 2308 472 2358 fit
486 2309 510 2359 ei
524 2309 554 2358 in
570 2318 666 2369 morte,

133 2378 278 2444 dequibus
293 2380 363 2430 nihil
377 2396 468 2432 secum
479 2380 557 2446 feret3
573 2397 668 2431 secun-

133 2452 199 2501 dum
218 2463 258 2504 est
275 2470 402 2506 occursus
419 2455 602 2514 inimicorum,
617 2454 665 2521 qui

132 2523 335 2588 apprehendent
346 2542 409 2576 eum
422 2525 494 2576 inter
511 2525 664 2592 angustias3

133 2593 243 2644 tertium
266 2606 306 2646 est
332 2597 444 2647 amissio
469 2606 555 2646 status
583 2596 667 2662 poeni·

132 2665 215 2726 tendi,
232 2677 259 2716 et
275 2669 487 2719 misericordiam
503 2684 667 2734 consequen·

132 2735 175 2797 di;
202 2748 329 2802 quartum
354 2751 394 2790 est
414 2754 512 2804 magna
532 2739 664 2800 confusio,

33 2832 40 2847 ι
127 2809 207 2873 cujus
223 2809 389 2862 confusionis
403 2827 481 2861 causa
495 2811 593 2876 poterit
607 2827 665 2861 esse

132 2894 246 2944 operum
273 2882 428 2943 denudati0,
451 2883 491 2932 vel
519 2880 664 2932 beneficio-

133 2965 194 2999 rum
208 2951 309 3003 Christi
327 2955 505 3020 exprobratio,
517 2956 558 3006 vel
574 2955 623 3005 Dei
638 2966 665 3007 ct

127 3021 290 3072 Sanctorum
328 3026 441 3088 derisio;
468 3026 596 3093 quintum
625 3036 665 3078 est

132 3094 262 3160 separatio
290 3099 466 3164 reproborum
492 3100 526 3150 ab
558 3100 662 3166 electis;

131 3176 237 3216 sextum
261 3178 302 3217 est
325 3169 443 3220 exclusio
466 3171 597 3237 agloria;
620 3188 663 3223 se-

133 3235 251 3301 ptimum
276 3249 315 3288 est
333 3240 491 3306 gehennalis
508 3257 592 3307 poenae
607 3242 663 3292 mi-

131 3307 209 3358 seria.
223 3308 259 3359 Et
270 3310 347 3359 valde
357 3310 477 3360 flendum
492 3321 532 3361 est
546 3328 594 3379 pro
607 3328 664 3379 pec·

129 3377 204 3440 catis,
231 3392 338 3446 propter
361 3382 446 3431 multa
474 3398 533 3449 quae
559 3393 663 3448 peccata

131 3448 262 3503 inducunt
282 3452 462 3518 peccantibus.
491 3454 539 3503 Per
559 3465 663 3520 peccata

129 3521 203 3573 enim
227 3524 310 3575 homo
335 3527 422 3576 Deum
450 3524 571 3586 offendit,
596 3542 662 3577 con-

128 3594 243 3644 sortium
261 3597 422 3647 Sanctorum
445 3606 471 3645 et
495 3597 662 3663 Angelorum

124 3664 239 3726 amittit,
267 3667 393 3734 suffragia
416 3667 541 3718 Ecclesiae
561 3669 661 3733 perdit,

124 3733 245 3812 animam
271 3737 406 3799 interficit,
418 3738 526 3788 diabolo
541 3753 568 3788 se
583 3739 664 3804 subji.

125 3811 172 3862 cit,
188 3815 214 3854 et
232 3806 261 3855 in
282 3808 419 3858 infernum
435 3825 464 3859 se
475 3809 614 3875 demergit.

157 3890 173 3938 7
192 3876 293 3927 erus
321 3895 512 3935 courassroma.
535 3909 566 3918 —
587 3880 663 3931 Con-

723 374 796 448 spi'ce
811 379 895 447 igitur
907 380 978 431 bene
996 379 1087 446 ipsum
1104 377 1257 429 Dominum

722 453 813 503 lesum
839 466 912 502 nunc
934 450 1054 510 flentem,
1071 458 1097 499 et
1123 448 1146 499 si
1169 458 1257 514 potes,

723 521 787 572 fleas
800 537 863 572 cum
881 536 928 584 eo;
948 521 995 572 flet
1009 521 1083 571 enim
1103 519 1214 587 largiter
1230 530 1258 570 et

723 591 846 654 fortiter,
871 594 936 660 quia
961 609 1016 643 non
1039 591 1182 655 simulate,
1208 591 1256 643 aed

722 680 786 716 vere
797 666 830 716 de
850 665 917 732 ipsis
936 665 1052 716 dolebat.
1073 664 1162 714 Corde
1182 662 1256 714 enim

722 750 815 786 amaro
826 737 934 787 dolebat
948 746 974 786 et
990 735 1070 785 flebat
1085 734 1198 785 illorum
1208 749 1257 799 pe-

723 807 837 859 riculum
852 808 975 858 aeternale
989 815 1017 857 et
1030 804 1168 856 excidium
1183 814 1256 855 tem-

723 880 822 943 porale,
837 879 970 945 quianon
991 884 1176 944 cognoverunt
1186 885 1257 929 tem-

722 966 773 1016 pus
795 951 958 1002 visitationis
983 964 1048 1007 sure,
1075 949 1187 1016 quando
1209 963 1257 1014 per

723 1022 915 1073 lncarnationis
945 1020 1106 1088 mysterium
1137 1018 1259 1071 visitavit

723 1111 768 1146 eos
784 1095 874 1146 oriens
888 1111 926 1146 ex
948 1096 1014 1159 alto,
1037 1103 1067 1144 ut
1090 1093 1182 1152 ipsum
1197 1092 1257 1142 Do-

723 1166 829 1217 minum
845 1182 873 1217 ac
888 1165 1105 1233 predicationem
1117 1163 1177 1228 ejus
1191 1161 1258 1213 reci-

723 1247 829 1305 perent3
845 1238 891 1287 sed
904 1237 990 1303 magis
999 1250 1087 1302 usque
1098 1235 1131 1284 ad
1141 1241 1257 1283 mortem

722 1323 784 1357 eum
798 1308 930 1375 persecuti
946 1317 1019 1357 sunt.
1043 1307 1068 1357 Ο
1085 1320 1132 1355 cor
1146 1305 1257 1364 dutum,

721 1393 849 1428 vesanum
872 1388 898 1429 et
925 1377 1051 1443 impium,
1079 1385 1106 1425 et
1126 1385 1256 1441 tanqum

722 1464 783 1499 vera
802 1449 857 1501 vita
877 1448 1021 1515 privatum,
1044 1446 1161 1497 omnino
1176 1444 1257 1511 plau-

723 1522 856 1588 gendum!
887 1523 952 1582 Cur,
975 1535 1051 1571 more
1082 1517 1256 1586 phrenetici,

722 1593 805 1645 flente
817 1608 899 1660 super
912 1603 939 1643 te
961 1590 1096 1658 Sapientia
1115 1588 1212 1652 Patria,
1227 1587 1255 1639 in

722 1667 804 1718 tantis
828 1667 946 1718 miseriis
975 1664 1074 1716 laetaris
1100 1673 1129 1714 et
1157 1662 1254 1713 rides

722 1741 869 1793 Considera
899 1743 1091 1807 lacrymantem
1119 1737 1255 1788 medicum

721 1824 810 1876 tuum,
832 1824 858 1864 et
882 1823 913 1864 ut
935 1815 1037 1863 luctum
1059 1808 1201 1877 Unigeniti
1216 1806 1256 1859 iac

721 1885 770 1936 tibi
801 1887 940 1952 planctum
975 1896 1097 1934 amarum
1127 1897 1134 1931 :
1162 1878 1256 1931 Deduc

721 1958 801 2023 quasi
815 1964 959 2008 torrentem
974 1956 1116 2022 lacrymas
1123 1966 1178 2019 per
1188 1951 1255 2003 dieu

721 2036 748 2080 et
771 2036 890 2092 noctem
913 2045 963 2080 nou
987 2029 1036 2080 des
1057 2026 1178 2092 requiem
1197 2022 1255 2084 atti,

722 2118 769 2154 uec
791 2109 880 2153 taceat
893 2101 1002 2169 pupilla
1023 2099 1095 2150 oculi
1117 2098 1166 2149 tui.
1181 2097 1255 2149 Coa·

721 2176 795 2242 spice
807 2175 888 2225 etiam
903 2172 1060 2240 discipulos,
1074 2184 1159 2237 quam
1174 2168 1257 2222 tiben-

721 2256 762 2296 ter
787 2257 814 2296 et
840 2246 984 2313 diligenter
1014 2244 1116 2294 vadunt
1148 2254 1256 2307 semper

719 2317 793 2382 juxta
817 2334 889 2381 eum,
912 2333 974 2366 cum
996 2314 1094 2366 timore
1117 2322 1210 2363 tamen
1229 2320 1255 2363 et

721 2389 878 2440 reverentia.
893 2388 946 2455 Ipsi
966 2386 1008 2437 sui
1026 2387 1141 2435 barones
1154 2392 1183 2433 et
1199 2381 1255 2433 mi·

720 2459 790 2521 lites,
807 2461 927 2521 comites,
943 2456 1089 2515 domicelli,
1112 2464 1139 2504 et
1160 2453 1255 2505 dexte·

720 2540 829 2582 ratores.
857 2531 912 2580 Nec
938 2528 1019 2579 debes
1043 2526 1152 2577 credere
1181 2522 1255 2590 quod

720 2601 778 2668 ipso
792 2601 882 2662 flente,
897 2600 943 2650 alii
965 2615 994 2650 se
1017 2597 1192 2664 potuerinta
1213 2594 1255 2645 Ia-

720 2674 821 2740 crymis
848 2673 995 2724 continere.
1021 2669 1126 2729 Nobis,
1148 2666 1254 2724 fram

719 2743 777 2795 istae
789 2746 915 2812 lacrymae
930 2741 1041 2793 Domini
1063 2740 1135 2791 fiunt
1151 2746 1182 2789 ul
1194 2737 1254 2787 Mu·

718 2816 834 2882 gistrum
849 2816 995 2875 imitemur,
1014 2823 1040 2863 et
1055 2812 1090 2861 ab
1105 2811 1158 2861 hoc.
1177 2815 1255 2858 tanto

719 2898 883 2954 praeceptore
909 2899 1000 2938 nostro
1026 2884 1165 2934 discamus
1187 2877 1255 2949 quid

719 2958 748 3007 in
774 2969 930 3009 nostrorum
953 2956 1130 3007 inimicorum
1156 2960 1254 3009 mom,

719 3038 745 3078 et
759 3029 836 3079 ruina
852 3044 930 3094 agere
950 3029 1105 3078 debeamus.
1124 3023 1206 3075 Unde
1228 3030 1255 3073 et

718 3099 775 3165 ipse
790 3100 828 3149 ait
843 3116 849 3148 :
866 3099 984 3165 Diligite
1004 3097 1127 3148 inimicos
1138 3098 1253 3154 verbus,

718 3171 867 3238 benefacite
884 3171 927 3222 lu's
949 3170 995 3236 qui
1016 3169 1132 3220 oderunt
1151 3179 1210 3229 vos,
1228 3170 1255 3217 el

717 3249 794 3291 orate
816 3256 870 3307 pro
895 3240 1117 3308 persequentibus
1141 3251 1203 3298 vos,
1229 3240 1255 3285 et

717 3312 945 3362 calumniantibus
971 3326 1028 3362 vos.
1057 3311 1119 3360 Non
1146 3316 1255 3358 tanum

717 3398 810 3433 ruuros
837 3383 953 3433 civitatis
981 3382 1123 3446 peritura,
1153 3378 1203 3429 aed
1229 3384 1255 3427 et

716 3453 870 3503 animarum
892 3455 998 3504 ruinam
1022 3461 1050 3503 et
1072 3448 1255 3517 perditionem

716 3523 796 3573 flebat
821 3524 907 3585 lesus,
940 3524 1073 3590 nobisque
1095 3518 1254 3587 exemplum

716 3596 796 3646 dabat
818 3597 885 3662 quid
908 3597 937 3647 in
960 3598 1007 3647 tali
1033 3594 1145 3662 negotio
1166 3591 1254 3644 ieme

715 3666 871 3730 debeamus,
882 3683 943 3717 cum
956 3677 1122 3734 peccatorem
1131 3662 1254 3730 aliquem

716 3737 743 3786 in
759 3746 886 3788 eternam
897 3739 1101 3789 damnationem
1115 3750 1198 3787 ruere
1209 3732 1254 3785 vi·

716 3810 827 3874 demus;
842 3810 875 3859 de
887 3810 933 3861 tali
948 3811 1022 3861 enim
1037 3809 1150 3861 Domini
1163 3806 1252 3863 nostri

717 3883 779 3932 lesu
802 3883 906 3934 Christi
935 3885 1057 3949 exempla
1084 3892 1254 3949 sequentes,
