2632 4320
94 269 147 319 402

94 372 161 422 Erat
172 377 275 426 autem,
289 377 320 417 ut
341 365 467 423 creditur,
488 363 627 430 quadrata,

94 444 128 492 de
143 438 268 507 pluribus
287 447 376 487 tamen
392 434 493 485 tabulis
507 434 586 496 facta;
604 441 630 482 et

95 524 175 581 prout
192 511 309 563 narravit
332 511 377 560 ille
398 508 444 575 qui
460 524 520 559 eam
537 509 630 556 Romae

94 587 123 636 in
148 584 259 635 ecclesia
286 580 459 631 Lateranensi
485 592 629 629 mensura-

95 659 159 710 vit:
180 659 210 707 in
232 671 289 707 uno
318 655 420 721 quadro
450 663 492 705 est
513 654 631 702 duorum

94 728 267 781 brachiorum
283 736 309 778 et
330 727 414 779 trium
429 726 589 792 digitorum,
604 732 632 773 et

96 803 125 852 in
137 800 189 851 alio
203 799 321 850 duorum
337 797 511 848 brachiorum
533 804 559 845 et
571 793 632 859 pal-

98 874 148 936 mi;
173 873 211 922 ita
229 872 302 938 quod
325 871 388 921 licet
405 869 496 919 stricte
512 878 540 917 et
560 875 631 916 arcte

97 956 195 1005 tamen,
207 953 239 1004 ut
253 944 379 1002 creditur,
392 952 447 992 tres
461 939 588 1005 discipuli
602 939 631 989 in

97 1032 154 1068 uno
174 1015 277 1081 quadro
302 1013 430 1065 sedebant
457 1021 482 1062 et
499 1011 633 1061 Dominus

98 1087 240 1137 humiliter
263 1087 291 1136 in
324 1085 435 1150 angulo,
460 1093 486 1134 et
514 1083 632 1133 loannes

98 1160 171 1223 juxta
185 1173 248 1208 eum
268 1166 332 1217 erat,
349 1157 386 1206 ita
400 1154 473 1220 quod
489 1169 586 1204 omnes
598 1154 633 1204 de

98 1245 153 1280 uno
180 1245 242 1280 vase
264 1228 402 1280 comedere
427 1234 558 1292 poterant.
578 1225 631 1277 Ubi

96 1301 202 1351 adverte
225 1299 377 1350 convivium
403 1296 581 1357 humilitatis,
605 1307 632 1347 et

96 1372 223 1432 caritatis,
238 1371 301 1437 quia
322 1386 384 1421 cum
399 1369 563 1436 pauperibus
577 1369 632 1418 illis

96 1441 246 1507 discipulis,
261 1450 289 1490 et
301 1441 369 1490 luda
389 1440 526 1506 proditore
546 1439 576 1489 in
591 1454 631 1489 ea-

96 1516 158 1566 dem
187 1529 289 1574 mensa,
314 1517 409 1564 eodem
433 1514 494 1564 cibo
514 1523 540 1564 et
555 1521 630 1579 potu,

96 1585 190 1635 eodem
206 1585 296 1635 catino
319 1593 345 1634 et
363 1584 444 1635 calice
465 1584 592 1650 Magister
605 1593 632 1634 et

95 1657 230 1707 Dominus
250 1657 399 1723 participat.
417 1658 477 1706 Non
497 1656 536 1706 sic
549 1656 631 1706 hodie

96 1730 175 1781 multi
191 1729 311 1795 religiosi
327 1729 436 1790 faciunt,
451 1729 499 1796 qui
514 1729 632 1779 dissimi-

95 1800 187 1851 litera
206 1800 334 1850 fratribus
357 1799 430 1851 refici
460 1815 515 1850 non
538 1800 633 1850 erube-

96 1881 185 1922 scunt.

127 1958 146 2007 4
159 1943 279 1992 Semnan
290 1958 326 1991 ar
342 1955 473 1993 suruauu
482 1943 558 1992 Jonas
572 1958 632 1993 sur-

96 2028 214 2063 rurcrun.
229 2013 309 2063 -Et
332 2013 405 2062 addit
428 2013 514 2074 lesus,
530 2013 632 2079 praedi-

95 2083 179 2133 cendo
194 2098 302 2148 poenam
321 2082 503 2133 damnationis
517 2084 632 2134 tradito-

96 2151 155 2203 ris:
172 2154 264 2204 Filius
283 2155 388 2219 quidem
406 2155 521 2205 hominis
545 2155 629 2217 vadit,

96 2226 128 2274 ad
160 2225 317 2274 Passionem
355 2226 524 2285 voluntarie,
562 2226 633 2276 sicut

95 2299 224 2364 scriptum
250 2305 291 2349 est
307 2299 341 2348 de
362 2313 393 2348 eo
415 2317 424 2349 .·
443 2300 556 2350 Oblatas
580 2307 629 2362 est,

94 2367 158 2433 quia
193 2369 250 2434 ipse
286 2369 390 2432 uoluit3
410 2398 441 2407 -
466 2370 513 2420 Vae
542 2376 630 2420 autem

95 2437 195 2488 bomini
212 2438 263 2508 illi,¹
284 2453 334 2504 per
352 2454 428 2505 quem
455 2439 548 2490 Filius
580 2440 630 2491 ho-

95 2509 176 2559 minis
196 2511 329 2561 tradetur.
351 2512 404 2574 Vae,
418 2511 445 2561 id
460 2521 500 2562 est
514 2521 631 2563 aeterna-

95 2580 156 2630 liter
171 2581 282 2648 peribit;
305 2582 369 2650 quia
386 2597 425 2633 vae
443 2583 472 2632 in
493 2583 631 2649 Scriptura

96 2666 169 2702 sacra
180 2663 308 2705 aeternam
323 2654 526 2705 damnationem
545 2664 629 2706 notat.

96 2723 171 2773 Licet
188 2725 262 2775 enim
279 2727 361 2777 Judas
385 2736 446 2792 post
460 2725 560 2777 factum
572 2743 632 2793 poe-

97 2792 221 2859 nituerit3
246 2796 297 2845 hoc
311 2807 402 2846 tamen
424 2795 557 2846 inutiliter
569 2796 629 2860 fuit,

96 2865 161 2931 quia
180 2883 227 2932 per
249 2869 464 2934 desperationem
484 2869 578 2935 laqueo
602 2884 633 2920 se

97 2936 245 3001 suspendit.
259 2938 335 2988 Unde
346 2939 534 3006 Hieronymus
545 2955 554 2991 ε
565 2958 579 2986 a
588 2941 633 2990 Ju-

98 3005 148 3056 das
162 3017 250 3057 autern
265 3024 313 3058 nec
332 3011 434 3076 primo,
450 3026 500 3061 nec
515 3013 631 3062 secundo

98 3087 245 3142 correptus,
261 3094 276 3128 a
290 3081 444 3144 proditione
461 3083 573 3133 retrahit
589 3100 632 3150 pe·

98 3149 175 3214 dem3
196 3150 242 3198 sed
263 3152 392 3215 patientia
412 3152 523 3204 Domini
546 3154 633 3205 nutrit

99 3219 294 3285 impudentiam
317 3236 403 3283 suam,
425 3233 453 3273 et
469 3223 530 3276 ideo
552 3240 632 3291 poena

99 3289 262 3355 praedicitur,
277 3299 308 3340 ut
320 3307 402 3357 quem
421 3294 508 3358 pudor
521 3310 577 3344 non
587 3295 631 3345 vi-

98 3369 177 3424 cerat,
196 3361 331 3428 corrigant
352 3363 510 3415 denunriata
523 3364 631 3432 suppli-

98 3431 146 3483 cia.
167 3452 181 3480 »
201 3434 234 3482 Et
261 3451 293 3485 ne
322 3434 496 3487 mitissimam
521 3452 630 3502 poenam

97 3503 155 3568 eius
176 3503 395 3572 intelligeremus,
416 3507 557 3575 adjungit:
572 3510 630 3560 Bo-

97 3591 158 3628 num
173 3579 197 3629 ei
209 3586 270 3629 erat
278 3581 303 3630 si
315 3588 404 3645 natue,
418 3580 519 3632 scilicet
531 3581 559 3631 in
570 3592 630 3633 ute·

96 3663 137 3714 ro,
163 3665 214 3702 non
230 3651 335 3717 fuisset
362 3654 439 3706 homo
464 3655 509 3705 ille
538 3664 578 3705 tot
604 3665 632 3706 et

96 3724 179 3775 tantis
192 3725 354 3777 criminibus
371 3726 505 3792 foedatus;
525 3728 572 3795 qui
588 3745 631 3791 pa·

95 3800 164 3845 trem
186 3797 301 3859 occidit,
341 3810 455 3851 matrem
483 3802 629 3867 stupravit,

96 3863 236 3919 Christum
265 3871 392 3936 prodidit,
417 3871 540 3939 seipsum
573 3888 635 3924 sus-

359 272 363 278 ·
395 248 569 300 SECUNDAE
586 245 713 296 PARTlS
726 245 844 297 CAPUT
859 247 915 297 LV.

683 362 785 426 pendio
805 362 951 413 interemit.
971 360 1050 424 Quia,
1067 361 1221 412 secundum

684 435 893 499 Hieronymum,
911 435 1009 484 melius
1028 444 1087 485 erat
1110 434 1135 484 ei
1161 451 1221 485 non

683 523 750 568 esse,
766 524 849 574 quam
862 509 895 557 ad
907 517 1042 558 tormenta
1053 523 1128 573 esse3
1144 510 1221 559 mul-

684 591 711 630 to
727 581 801 631 enim
815 581 914 631 melius
932 590 972 630 est
987 597 1042 631 non
1059 580 1220 643 subsistere,

684 668 766 718 quam
805 654 874 703 male
901 651 1049 702 subsistere
1081 669 1088 700 :
1123 652 1220 703 bouum

684 723 758 773 enim
774 723 902 788 accipitur
920 722 965 773 hic
981 738 1029 789 pro
1049 722 1145 772 minus
1159 738 1221 772 ma-

684 796 720 845 lo.
737 796 829 845 Minus
851 805 941 845 autem
964 795 1068 845 malum
1093 803 1144 855 est,
1162 810 1219 846 non

684 882 742 917 esse
756 866 924 932 simpliciter,
939 881 1020 932 quam
1034 880 1093 916 esse
1109 866 1222 916 damna-

685 947 758 1000 tum,
776 937 840 1003 quia
859 936 910 987 etsi
925 950 980 985 non
994 935 1030 985 sit
1043 935 1137 985 minus
1156 951 1218 987 ma-

685 1009 740 1058 lum
757 1009 861 1059 ratione
883 1023 969 1074 poenae
992 1008 1134 1072 adjunctae,
1158 1023 1221 1074 quae

685 1094 739 1128 non
752 1078 840 1144 privat
857 1089 944 1129 totum
960 1094 1019 1129 esse
1032 1089 1163 1140 creatum,
1176 1088 1219 1128 ta-

685 1164 748 1199 men
762 1150 854 1200 minus
866 1152 970 1202 malum
984 1158 1025 1200 est
1038 1149 1145 1200 ratione
1159 1149 1217 1199 cul-

685 1235 725 1286 pae
751 1222 881 1284 mortalis,
909 1237 970 1289 quae
1005 1220 1221 1287 inseparabiliter

684 1295 802 1346 adhaeret
814 1296 949 1347 damnatis
960 1312 967 1359 ;
991 1306 1019 1346 et
1032 1295 1092 1363 ipsa
1107 1311 1166 1345 non
1177 1311 1218 1347 so-

684 1368 741 1418 lum
759 1370 846 1436 privat
868 1371 1005 1436 quoddam
1019 1385 1080 1420 esse
1094 1379 1213 1420 creatum

684 1442 754 1493 sicut
778 1459 865 1509 poena,
881 1445 928 1493 sed
951 1443 1032 1494 etiam
1062 1442 1147 1510 privat
1167 1443 1219 1493 bo-

684 1532 752 1566 num
771 1516 921 1576 infinitum,
946 1517 1048 1567 scilicet
1069 1515 1215 1566 divinum:

684 1596 792 1653 propter
802 1589 874 1654 quod
887 1603 945 1639 esse
956 1587 1099 1649 miserum,
1106 1585 1215 1638 miseria

683 1658 768 1723 culpae
784 1657 906 1708 mortalis
920 1657 1092 1718 aeternaliter,
1103 1657 1156 1708 hoc
1175 1665 1215 1706 est

684 1731 759 1795 pejus
772 1745 855 1796 quam
870 1731 906 1780 sit
929 1747 984 1781 non
1003 1745 1064 1781 esse
1085 1728 1217 1797 simplici-

685 1809 735 1851 ter.

716 1870 730 1921 5
747 1871 942 1924 lurannooarto
956 1873 1034 1923 luna
1055 1887 1090 1922 ετ
1105 1872 1216 1924 Cantsrr

684 1958 835 1995 ussrousro.
850 1972 880 1981 -
895 1944 928 1993 Et
943 1943 1008 2009 quia
1030 1942 1113 1994 ceteri
1133 1942 1218 1993 disci·

684 2013 741 2078 puli
764 2029 827 2063 eum
854 2013 943 2064 tristes
966 2012 1216 2079 interrogaverant,

684 2085 830 2151 interrogat
849 2101 911 2135 eum
927 2093 953 2134 et
977 2083 1036 2150 ipse
1049 2100 1134 2151 quem
1146 2100 1212 2135 cou-

684 2155 792 2205 scientia
808 2156 986 2215 remordebat,
1010 2170 1046 2204 ne
1058 2156 1172 2206 tacendo
1190 2169 1218 2205 se

683 2227 785 2276 crimen
800 2243 880 2277 suum
898 2227 1011 2292 prodere
1030 2224 1177 2277 videretur.
1189 2225 1216 2275 Si

685 2299 759 2349 enim
774 2298 832 2365 ipse
846 2299 906 2348 aliis
921 2298 954 2347 de
966 2297 1018 2347 hoc
1032 2297 1217 2365 quaerentibus

684 2369 819 2429 tacuisset,
844 2379 999 2436 suspectum
1027 2384 1055 2419 se
1070 2370 1111 2420 eis
1126 2368 1216 2420 reddi-

683 2441 775 2499 disset,
802 2441 875 2490 unde
890 2440 959 2490 dixit
976 2457 983 2491 ε
999 2441 1142 2508 Numquid
1167 2454 1217 2507 ego

684 2526 751 2575 sum,
765 2512 875 2564 Rabbi?
888 2512 948 2562 Non
963 2521 1040 2562 vocat
1051 2527 1115 2562 eum
1129 2511 1217 2564 Domi-

685 2601 760 2644 num,
775 2583 844 2634 sicut
862 2583 918 2644 alii,
942 2583 1008 2649 quia
1029 2584 1085 2649 jam
1099 2600 1115 2634 a
1128 2599 1158 2635 se
1171 2599 1217 2635 ex-

684 2665 803 2706 cusserat
822 2657 917 2720 jugum
936 2652 1057 2714 Domini,
1079 2654 1142 2705 aliis
1165 2655 1213 2706 sub

685 2726 741 2790 eius
758 2727 822 2792 jugo
833 2725 1049 2790 remanentibus;
1069 2734 1105 2783 et,
1126 2741 1215 2776 secun·

683 2798 750 2847 dum
763 2797 971 2862 Hieronymum,
981 2801 1045 2844 'non
1058 2782 1214 2854 Domitium,

684 2868 732 2918 sed
747 2867 908 2932 Magistrum
923 2875 1009 2925 vocat,
1034 2866 1114 2931 quasi
1144 2881 1216 2917 excu-

683 2941 816 2991 sationem
830 2940 933 3000 habeat,
955 2939 988 2999 si,
1001 2939 1122 2990 Domino
1136 2939 1213 2990 dene-

685 3021 755 3076 gato,
780 3011 873 3062 saltem
888 3010 1048 3076 Magistrum
1061 3009 1212 3076 prodiderit.

684 3085 724 3135 Et
735 3085 799 3134 ait:
815 3085 859 3135 Tu
876 3082 984 3133 dixisti.
1009 3081 1094 3141 Quasi
1109 3083 1209 3137 diceret,

684 3157 831 3207 secundum
843 3156 984 3206 Rodanum
999 3169 1007 3203 :
1019 3155 1064 3205 Tu
1072 3151 1207 3221 prodidisti

684 3237 719 3287 te,
730 3244 786 3277 non
801 3242 859 3293 ego.
876 3227 978 3277 Eadem
996 3226 1101 3276 ratione
1122 3224 1208 3277 confu-

684 3308 755 3348 tatus
768 3308 808 3349 est
822 3297 952 3364 proditor,
967 3312 1021 3364 qua
1041 3297 1145 3348 Pilatus
1161 3293 1206 3346 ini·

684 3386 755 3436 quus
768 3371 907 3436 judicator.
924 3369 1054 3418 Nondum
1068 3384 1160 3419 coram
1172 3364 1204 3415 eis

684 3457 747 3492 eum
766 3440 901 3506 exprimit,
919 3456 967 3491 nec
989 3440 1120 3491 delictum
1135 3450 1205 3490 suum

684 3513 712 3562 in
722 3514 774 3564 hoc
783 3513 844 3563 aliis
857 3512 1014 3580 publicavit,
1024 3511 1073 3562 sed
1082 3509 1205 3563 conscien-

684 3586 727 3636 tiae
741 3586 816 3635 Judae
831 3601 860 3636 se
872 3586 929 3650 eius
944 3584 1074 3634 delictum
1090 3578 1204 3634 scirssi·

684 3657 831 3725 gnificavit.
862 3658 966 3707 Poterat
996 3656 1070 3706 enim
1096 3671 1143 3723 per
1162 3652 1205 3703 hoc
1254 3656 1256 3685 ²

684 3730 797 3780 verbum
820 3738 938 3778 mentem
958 3727 1035 3778 Judae
1047 3728 1087 3779 sic
1101 3737 1205 3781 movete,

684 3801 756 3868 quod
773 3799 840 3850 alios
853 3800 959 3859 latebat,
977 3798 1050 3849 unde
1066 3807 1154 3866 potest
1165 3794 1204 3844 in-

683 3871 766 3937 telligi
781 3887 788 3921 :
802 3871 858 3936 Ego
870 3886 925 3921 non
942 3871 1011 3935 dico,
1022 3869 1069 3922 sed
1085 3879 1115 3922 tu
1132 3865 1205 3925 dicis;
