2632 4320
252 251 298 302 DE
311 248 431 301 DIVlTE
447 246 612 300 EPULONE
626 244 673 296 ET
687 242 827 294 annRo
844 242 1014 295 MENDICO.
1144 241 1191 294 125

67 381 98 422 et
133 367 282 427 ambitiosi,
306 367 370 433 quia
392 374 493 432 quanto
520 360 607 430 magis

67 449 210 508 apparent,
222 449 249 490 et
262 454 291 490 se
301 439 417 489 exaltant
429 436 499 502 apud
514 434 606 485 homi-

69 528 127 573 nes,
142 521 219 562 tanto
232 510 318 576 magis
332 506 527 559 abominabiles
542 516 607 558 sunt

68 583 141 650 apud
155 581 254 632 Deum.
274 580 358 646 Igitur
371 579 436 645 quia
448 579 521 628 Deus
534 575 606 627 videt

67 653 160 713 corda,
191 663 218 703 et
247 666 294 716 per
323 663 492 717 consequens
523 645 605 698 etiam

68 725 148 785 facta,
163 733 407 790 quantumcunque
420 729 529 779 secreta,
550 727 606 769 stu-

69 797 192 848 dendum
217 802 258 845 est
283 792 406 852 cuilibet,
432 791 513 842 etiam
543 805 604 840 cum

70 870 146 922 solus
162 867 256 927 fuerit,
271 877 301 918 ut
314 876 341 916 et
354 865 494 932 cogitando
507 871 533 914 et
544 877 605 928 ope·

70 940 156 990 rando
171 939 242 988 mala
254 936 368 987 declinet
391 943 417 985 et
431 935 502 984 bona
515 933 603 984 faciat.

70 1012 99 1063 Si
122 1009 200 1061 enim
218 1010 304 1059 Deum
320 1016 489 1072 praesentem,
501 1015 528 1056 et
543 1021 604 1054 orn-

72 1081 116 1132 nia
132 1080 282 1139 videntem,
298 1087 323 1129 et
338 1076 515 1127 vindicantem
530 1090 605 1126 sem-

72 1168 118 1218 per
132 1151 322 1217 cogitaremus,
339 1157 384 1199 aut
405 1147 451 1199 vix
472 1155 519 1197 aut
532 1162 605 1196 nun·

70 1238 153 1289 quam
177 1235 358 1287 peccaremus.
381 1220 459 1271 Unde
472 1217 603 1269 Boetius:

69 1315 84 1344 a
99 1293 270 1346 Auersamini
291 1292 365 1352 vitia,
387 1291 468 1342 colite
481 1291 603 1349 virtutes,

68 1366 101 1416 ad
125 1373 211 1416 rectas
228 1378 289 1429 spes
309 1362 432 1412 animum
456 1360 603 1423 sublevate,

67 1435 189 1487 humiles
204 1448 294 1499 preces
309 1433 337 1484 in
354 1431 456 1483 excelsa
467 1430 603 1496 porrigite,

68 1525 166 1576 magna
185 1507 262 1558 vobis
278 1517 318 1557 est
338 1505 482 1556 necessitas
504 1504 603 1554 indicta

67 1578 221 1645 probitatis,
244 1593 306 1628 eum
331 1586 391 1628 ante
416 1575 508 1625 oculos
524 1573 603 1641 agitis

64 1649 167 1701 Judicis
179 1658 278 1699 cuncta
290 1646 438 1698 cernentis.
454 1665 467 1694 n

95 1739 111 1773 2
139 1722 202 1774 Cur
228 1735 326 1772 orvrrrs
357 1735 484 1770 aratoris
514 1734 603 1769 noran

66 1810 190 1848 racarua
198 1794 208 1845 l
216 1823 247 1832 -
260 1793 331 1854 Quia
341 1808 403 1858 ergo
419 1790 544 1843 Pharisaei
555 1806 604 1843 co-

65 1881 123 1917 ram
142 1865 305 1916 hominibus
329 1880 358 1915 se
374 1863 561 1930 justificabant,
578 1872 604 1913 et

66 1937 153 2001 justos
173 1951 204 1987 se
221 1951 280 1986 esse
302 1935 486 1994 ostendebant,
511 1948 603 1998 pecca-

67 2021 140 2061 tores
158 2009 238 2076 quasi
259 2007 382 2058 infirmos
395 2005 601 2065 contemnendo,

67 2091 95 2132 et
113 2080 351 2145 eleemosynarum
374 2076 493 2127 remedia
514 2077 602 2142 negli-

67 2150 167 2215 gendo,
184 2163 267 2215 quam
286 2148 355 2212 juste
377 2148 433 2198 haec
453 2145 563 2198 avaritia
575 2156 602 2196 et

66 2234 146 2271 avara
164 2218 280 2270 altitudo
294 2219 443 2268 damnanda
456 2217 500 2277 sit,
515 2217 543 2267 in
556 2232 601 2267 se-

65 2290 163 2358 quenti
190 2289 326 2340 Dominus
360 2289 437 2339 docet
466 2289 599 2355 exemplo,

64 2364 140 2431 quod
153 2362 272 2414 maxime
294 2361 431 2413 inducitur
442 2363 476 2412 ad
502 2378 601 2428 provo-

64 2435 181 2487 candum
203 2433 331 2484 homines
351 2433 384 2482 ad
399 2448 479 2499 opera
493 2433 601 2483 miseri·

63 2507 171 2568 cordiae,
192 2522 225 2558 ex
243 2505 325 2556 divite
345 2516 452 2572 propter
469 2505 600 2556 defectum

63 2581 172 2649 pletatis
197 2589 224 2630 et
247 2578 439 2630 misericordia
459 2579 600 2645 damnato;

62 2662 89 2703 et
101 2667 159 2702 non
174 2650 274 2701 dicitur
290 2648 335 2699 hic
348 2649 422 2715 quod
437 2649 474 2699 sit
493 2651 603 2714 parabo·

63 2724 89 2773 la
98 2721 143 2773 vel
156 2720 319 2781 similitudo,
332 2719 396 2786 quia
413 2730 454 2770 est
469 2719 506 2770 rei
522 2730 601 2785 gestae

64 2792 194 2844 narratio.
204 2793 291 2851 Unde,
301 2791 449 2842 secundum
459 2792 600 2857 quosdam,

63 2864 141 2915 dives
160 2864 212 2914 iste
226 2862 309 2913 Nabal
333 2872 397 2924 erat,
418 2877 499 2928 quem
516 2863 601 2914 David

64 2936 191 2988 occidere
204 2935 319 2995 volebat,
334 2935 399 3001 quia
411 2935 537 2987 victualia
549 2936 601 2987 sibi

63 3019 91 3060 et
107 3007 168 3059 suis
183 3015 335 3072 negaverat.
360 3006 430 3057 Dicit
441 3022 504 3072 ergo
524 3008 603 3059 :Ho-

63 3094 109 3131 mo
135 3079 254 3146 quidam,
284 3078 332 3129 ubi
357 3079 506 3129 notandum
528 3080 602 3145 quod

63 3151 152 3201 homo
172 3148 263 3214 potius
280 3159 360 3199 sonat
380 3148 426 3198 hic
441 3148 470 3199 in
492 3148 600 3212 vitium,

63 3236 150 3289 quam
168 3221 197 3271 in
212 3230 347 3282 naturam,
361 3231 391 3272 ut
404 3220 507 3272 dicatur
518 3222 602 3272 homo

63 3294 99 3344 ab
115 3293 213 3354 humo,
233 3292 261 3343 id
288 3301 329 3343 est
355 3294 439 3343 humo
464 3293 602 3346 adhaerens

63 3381 114 3433 per
140 3378 262 3416 amorem
289 3375 468 3417 terrenorum.
497 3366 602 3417 Secun-

63 3436 132 3488 dum
156 3435 331 3502 Gregorium,
360 3450 415 3485 non
443 3435 603 3502 exprimitur

64 3522 170 3558 nomen
185 3507 252 3572 ejus,
273 3506 337 3572 quia
358 3522 414 3557 non
434 3517 490 3557 erat
510 3523 526 3559 a
546 3508 603 3559 Deo

62 3592 114 3644 per
127 3576 355 3645 approbationem
367 3578 500 3643 cognitus,
512 3594 604 3640 seeun-

63 3650 133 3700 dum
143 3648 219 3715 quod
229 3647 296 3699 dicit
305 3649 425 3699 Salvator
433 3650 583 3715 reprobatis
594 3669 601 3702 ι

64 3721 214 3787 Nunquam
237 3720 299 3771 novi
332 3733 389 3771 vor.
418 3721 495 3772 Unde
522 3723 601 3789 quasi

65 3791 179 3857 ignotus
204 3790 276 3857 apud
292 3790 390 3851 Deum,
411 3791 524 3843 nomine
547 3811 602 3844 non

65 3861 234 3929 designatur,
245 3876 333 3928 neque
344 3861 501 3916 nominatur
511 3865 601 3928 aDeo,

660 361 724 429 quia
746 375 845 411 nomen
875 359 1019 426 quaesierat
1041 373 1057 409 a
1080 359 1193 410 mundo.

659 432 749 482 Homo
765 447 828 496 ergo
849 431 956 497 quidam
970 435 1031 480 erat
1046 429 1120 480 dives
1138 447 1194 481 non

660 512 714 554 tam
729 519 744 554 a
756 504 924 568 possessione
934 502 1098 563 divitiarum,
1112 518 1193 568 quam

659 578 692 628 ab
707 592 799 628 amore
810 593 902 628 earum
918 594 925 628 ι
945 590 1005 626 ecce
1023 576 1193 641 superfluitas

659 648 689 699 in
704 665 792 710 sensu,
817 658 844 700 et
864 649 1080 715 concupiscentia
1097 649 1192 700 oculo·

659 735 737 784 rum;
751 726 776 772 et
786 721 947 772 induebatur
956 734 1092 787 purpura,
1106 720 1188 771 rubea

658 792 782 859 desuper,
804 803 911 859 propter
935 792 1042 842 inanem
1064 792 1190 858 gloriam,

658 872 683 916 et
704 866 787 932 bysso
801 867 861 915 alba
875 863 1005 915 desubtus
1026 863 1059 913 ad
1072 879 1187 924 carnem,

659 945 767 1001 propter
781 935 939 986 mollitiem:
949 949 1008 985 ecce
1019 949 1143 984 excessus
1161 933 1191 983 in

657 1009 755 1060 vestitu
770 1019 795 1059 et
809 1009 936 1074 superbia
956 1007 1034 1073 vitae;
1049 1014 1074 1058 et
1093 1007 1192 1072 epula-

658 1081 737 1131 batur·
750 1081 869 1146 quotidie
882 1079 1028 1146 splendide,
1052 1076 1192 1127 serviendo

658 1153 727 1218 gulae
741 1153 827 1220 magis
843 1169 925 1220 quam
942 1161 1058 1203 naturae:
1068 1163 1126 1198 ecce
1139 1164 1190 1198 ex-

658 1238 748 1274 cessus
773 1223 801 1273 in
821 1223 892 1274 victu
919 1233 945 1273 et
970 1219 1190 1286 concupiscentia

658 1297 752 1357 carnis,
772 1299 920 1348 secundum
936 1297 1008 1363 quod
1023 1292 1189 1359 vestimenta,

658 1366 696 1417 ita
709 1377 734 1419 et
748 1369 842 1433 epulae.
858 1369 899 1418 Ad
914 1368 1057 1419 mollitiem
1074 1381 1100 1422 et
1110 1372 1193 1421 luxu-

658 1440 726 1492 riam
741 1442 814 1493 cultu
824 1442 898 1507 regio
910 1441 1074 1494 dissolvebat
1086 1459 1191 1495 carnem

658 1513 784 1576 exterius,
799 1528 828 1563 ac
842 1511 909 1563 cibis
920 1520 946 1562 et
960 1513 1070 1578 potibus
1085 1513 1192 1565 refove·

658 1583 702 1633 bat
717 1583 841 1634 interius.

691 1653 704 1704 3
721 1654 781 1705 Coa
792 1670 882 1704 auran
894 1670 1022 1708 raursrus
1036 1675 1126 1711 nourr
1141 1678 1192 1712 aa·

658 1723 805 1773 rnrurrun?
820 1739 854 1772 ar
868 1740 901 1773 na
920 1740 1002 1776 rrsrus
1020 1744 1144 1780 renuam.
1161 1761 1191 1770 -

657 1793 697 1843 Et
719 1799 780 1844 erat
799 1793 907 1859 quidam
926 1797 1062 1847 mendicus
1087 1802 1192 1851 nomine

657 1864 799 1931 Larisaeus,¹
814 1863 891 1914 diviti
907 1865 1066 1932 adjungitur
1079 1885 1189 1934 pauper,

657 1935 721 2000 quia
734 1936 800 1985 alter
813 1935 888 1985 alteri
912 1936 1024 1998 confert,
1048 1939 1094 1989 sed
1114 1939 1192 1990 diffe-

657 2017 754 2068 renter,
768 2006 832 2072 quia
849 2007 924 2057 dives
938 2008 1040 2059 confert
1054 2019 1191 2076 tempora-

655 2076 717 2127 liter
730 2077 851 2143 pauperi,
865 2086 891 2127 et
902 2092 1003 2143 pauper
1013 2079 1191 2144 spiritualiter

655 2148 740 2200 diviti.
756 2149 833 2200 Unde
848 2149 1059 2217 chrysostomus
1072 2168 1081 2202 .·
1097 2171 1111 2200 a
1121 2153 1192 2204 Dum

654 2220 729 2271 dives
749 2230 887 2271 sustentat
908 2236 1062 2286 pauperem,
1078 2232 1187 2274 susten-

654 2301 726 2343 tatur
740 2307 755 2343 a
779 2307 902 2359 paupere.
913 2313 927 2340 o
944 2293 1115 2361 Exprimitur
1137 2312 1187 2346 au-

654 2373 709 2413 tem
731 2364 776 2414 hic
803 2380 902 2414 nomen
925 2365 1058 2431 pauperis,
1086 2367 1152 2432 quia
1176 2382 1191 2416 a

654 2435 710 2484 Deo
725 2450 771 2500 per
785 2436 1007 2501 approbationem
1031 2447 1086 2486 erat
1103 2437 1192 2502 cogni-

654 2516 707 2567 tus,
723 2506 792 2557 sicut
811 2518 837 2558 et
857 2507 944 2573 Moysi
968 2507 1033 2557 dicit
1050 2509 1146 2558 :Novi
1169 2513 1194 2558 te

654 2580 815 2631 eunomiae.
831 2579 907 2630 Unde
921 2589 947 2629 et
960 2581 1122 2646 pauperibus
1138 2579 1194 2631 hu-

655 2650 767 2700 milibus
787 2649 884 2700 dicitur
900 2666 906 2700 :
925 2650 1046 2701 Gaudete
1060 2660 1086 2701 et
1099 2651 1193 2701 exsul-

655 2732 715 2784 tate,
740 2723 810 2788 quod
841 2723 946 2774 nomina
970 2729 1061 2774 vestra
1090 2724 1193 2790 scripta

655 2800 717 2845 sunt
748 2794 774 2844 iu
798 2793 882 2844 coelis.
905 2794 1019 2845 Lazarus
1047 2803 1193 2860 pauperet

654 2863 769 2914 humilis
783 2863 945 2925 nominatur,
965 2864 1040 2915 dives
1063 2881 1126 2916 vero
1147 2880 1194 2915 nec

657 2935 768 2987 nomine
797 2935 897 3001 dignus
926 2937 1049 2989 habetur.
1073 2937 1192 2988 Nomina

658 3006 793 3057 bonorum
810 3006 907 3070 scripta
923 3019 988 3059 sunt
1004 3007 1033 3058 in
1045 3008 1115 3058 libro
1131 3008 1189 3065 Dei,

656 3087 682 3128 et
695 3076 806 3127 nomina
821 3077 955 3129 malorum
973 3078 1002 3128 in
1017 3080 1087 3129 libro
1101 3079 1192 3130 diabo-

657 3147 687 3198 li.
700 3147 732 3198 ln
746 3163 801 3213 quo
814 3149 981 3213 pensandum
993 3160 1043 3211 est,
1058 3159 1190 3218 quantum

655 3219 766 3270 interest
777 3220 846 3271 inter
857 3221 991 3287 publicam
1002 3223 1090 3289 legem
1108 3237 1190 3271 mun-

656 3293 693 3353 di,
716 3302 742 3344 et
765 3294 909 3361 benignam
924 3296 1024 3362 Legem
1046 3295 1104 3345 Dei.
1122 3295 1191 3343 Nam

656 3369 753 3419 divites
787 3379 850 3420 sunt
871 3372 975 3421 mundo
1002 3370 1118 3422 celebres
1145 3382 1192 3433 per

657 3441 769 3492 nomina
793 3458 850 3504 sua,
876 3444 921 3494 sed
947 3457 1076 3509 pauperes
1098 3440 1190 3499 latent,

657 3528 706 3563 nec
718 3529 817 3564 nomen
836 3514 863 3563 in
878 3516 979 3564 mundo
1001 3514 1108 3564 habent.
1131 3509 1190 3560 Mos

657 3593 697 3635 est
710 3585 834 3635 dicendis
851 3585 963 3644 Quando
985 3584 1018 3635 de
1038 3581 1106 3633 urbe
1129 3594 1193 3645 pro-

657 3652 717 3703 fecti
749 3670 853 3714 sumus,
886 3653 1005 3705 obviavit
1031 3650 1110 3701 nobis
1129 3649 1192 3700 talis

657 3727 764 3792 Comes,
781 3729 823 3779 vel
836 3728 988 3790 Dominus;
1006 3742 1021 3777 e
1044 3733 1138 3775 contra
1160 3723 1194 3773 de

657 3813 774 3864 paupere
792 3798 890 3849 dicitur
918 3812 926 3848 t
951 3797 1100 3848 Nobiscum
1123 3808 1194 3844 unus

656 3883 760 3936 pauper
773 3869 867 3936 agebat
883 3868 942 3921 iter.
958 3867 1010 3919 Sed
1025 3868 1053 3920 in
1073 3867 1196 3932 Evange-
