2632 4320
139 249 189 302 362

139 382 194 418 no.
211 365 241 416 Si
253 366 327 416 enim
349 365 378 416 in
394 364 561 416 secularibus
575 362 669 414 nullus

138 437 246 504 sibiipsi
263 438 338 498 vivit,
353 439 399 488 sed
419 447 445 487 et
457 436 562 495 artifex,
575 445 601 485 et
616 433 669 484 mi-

139 514 187 571 les,
202 522 229 561 et
242 511 366 577 agricola,
381 520 408 560 et
423 509 573 574 negotiator
590 508 623 558 ad
642 507 669 557 id

140 584 213 651 quod
237 583 416 634 communiter
441 581 557 647 expediti
585 589 669 639 sunt,

140 665 166 706 et
179 655 212 706 ad
225 655 299 721 quod
322 653 445 719 proximo
460 653 570 718 prodest
583 649 671 702 confi-

141 726 217 776 ciunt
252 724 385 787 universi;
421 724 509 774 multo
534 721 620 788 magis
642 721 671 771 in

142 796 328 863 spiritualibus
358 796 410 847 hoc
437 804 541 860 oportet
568 793 671 852 facere,

144 872 196 922 hoc
214 871 286 922 enim
309 871 427 922 maxime
446 880 487 922 est
505 870 603 921 vivere.
618 867 672 927 Qui

143 942 248 1009 sibiipsi
269 943 336 994 vivit
359 945 458 1003 solum,
475 951 502 992 et
515 956 611 991 omnes
624 940 674 989 de-

143 1013 232 1079 spicit,
246 1013 398 1081 superfluus
416 1024 465 1073 est,
479 1021 505 1064 et
515 1027 603 1078 neque
620 1010 674 1060 ho·

145 1101 200 1146 mo,
223 1101 311 1152 neque
337 1085 441 1151 generis
465 1083 574 1134 nostri:
589 1102 603 1130 n
618 1081 676 1131 hac

145 1156 366 1224 Cluysostomas.

179 1243 208 1278 rr
226 1228 333 1287 Qunmn
348 1243 431 1278 vrrmr
448 1241 607 1276 aaamrosara
623 1239 675 1273 au·

145 1313 239 1348 raam
253 1299 372 1349 amauri
387 1327 419 1336 -
436 1299 475 1348 Ex
486 1295 622 1362 praedictis
633 1295 677 1344 vi·

146 1368 224 1418 detur
237 1370 310 1435 quod
323 1369 422 1435 aliquis
437 1368 525 1419 fidelis
539 1367 566 1416 in
580 1365 677 1416 carita-

147 1449 172 1489 te
183 1455 305 1503 maneus,
319 1440 367 1505 qui
377 1440 480 1506 absque
492 1454 542 1489 suo
551 1434 677 1488 scandalo

148 1511 223 1562 utilis
234 1522 283 1575 est,
305 1513 348 1562 vel
364 1528 422 1563 esse
445 1521 533 1578 potest
546 1507 678 1576 proximis

147 1588 236 1651 quoad
249 1584 332 1634 vitam
346 1594 483 1644 aeternam,
498 1592 588 1648 peccat
603 1595 679 1630 mor-

148 1656 236 1708 taliter
256 1657 321 1708 sisa
345 1657 471 1708 transfert
491 1657 525 1707 ad
548 1669 678 1713 eremum,

148 1728 190 1779 vel
204 1729 409 1790 monasterium,
424 1729 471 1780 ubi
483 1728 551 1779 alios
566 1742 620 1777 non
632 1725 681 1775 in—

149 1800 230 1851 struit
251 1801 334 1852 verbo
349 1801 391 1852 vel
403 1800 544 1866 exemplo,
566 1813 616 1848 nec
630 1812 681 1847 cu·

149 1886 207 1922 ram
235 1887 318 1939 quam
343 1883 434 1938 posset
458 1880 483 1923 et
510 1871 589 1922 debet
611 1867 682 1918 circa

150 1943 299 2008 proximos,
322 1943 399 2008 gerit,
418 1943 482 2009 quia
495 1941 533 1991 ita
542 1936 683 1990 abscondit

151 2013 291 2074 talentum,
312 2024 338 2064 et
364 2023 403 2064 est
420 2029 512 2064 servus
538 2012 629 2078 piger;
649 2010 682 2060 de

151 2082 267 2134 infirmis
290 2084 363 2135 euim
387 2100 441 2134 non
462 2083 611 2150 loquimur,
634 2081 682 2149 qui

151 2154 185 2203 de
214 2153 285 2204 facili
311 2155 532 2214 scandalizantur,
558 2155 622 2220 quis
642 2154 683 2205 eis

151 2233 192 2275 est
207 2234 295 2275 tutum
319 2224 412 2290 fugere
431 2224 596 2274 consortium
619 2239 684 2289 pra-

152 2310 248 2345 vorum
269 2305 295 2345 et
322 2296 433 2361 laqueos
465 2295 574 2346 diaboli.
597 2296 650 2346 Sed
667 2311 684 2346 e

152 2377 244 2417 contra
256 2367 372 2427 videtur,
392 2368 457 2433 quia
476 2367 599 2432 praevalet
621 2368 685 2418 scti-

152 2451 191 2487 vae
215 2438 434 2504 contemplativa;
455 2438 589 2489 Dominus
610 2439 684 2489 enim

151 2508 217 2559 dicit
232 2510 344 2559 Marthae
358 2509 472 2559 :Maria
484 2510 611 2574 optimam
619 2524 684 2575 par-

152 2585 204 2630 tem
224 2581 315 2646 elegit,
336 2595 396 2647 qaoe
415 2596 466 2631 non
485 2580 626 2645 auferetur
649 2581 685 2630 ab

153 2664 184 2701 ea
191 2669 201 2714 3
211 2662 240 2701 et
257 2652 445 2718 Hieronymus
460 2651 488 2701 in
503 2651 628 2716 pluribus
641 2651 685 2701 lo-

152 2723 190 2773 cis
204 2724 378 2788 epistolarum
393 2739 503 2774 suarum
517 2739 603 2790 usque
619 2724 685 2774 adeo

152 2795 258 2860 praefert
275 2796 367 2846 activae
389 2797 640 2862 contemplativam,
654 2806 686 2846 ut

154 2870 225 2920 viros
236 2869 386 2934 religiosos,
399 2880 425 2920 et
436 2870 530 2920 multis
546 2869 628 2920 utiles
642 2885 686 2920 vo-

154 2951 194 2992 cet
207 2943 240 2992 ad
255 2958 387 3003 eremum,
401 2943 479 3009 quasi
494 2943 565 2994 nihil
577 2943 642 2993 boni
653 2943 684 2993 in

155 3013 255 3062 mundo
274 3023 388 3077 agerent,
407 3013 500 3064 habito
518 3024 640 3080 respectu
652 3013 685 3063 ad

154 3085 237 3137 vitam
257 3085 451 3135 monachornm
467 3095 496 3136 et
508 3087 684 3137 anachoreta-

411 247 587 300 SECUNDAE
603 245 728 297 PARTlS
738 245 860 296 CAPUT
873 245 964 298 xum

721 377 791 411 rum.
806 362 837 411 ln
858 361 904 412 his
924 376 988 426 ergo
1006 359 1113 410 videtur
1134 373 1256 410 necem-

722 433 794 484 rium
817 444 847 484 ut
869 433 986 500 quisque
1006 433 1078 483 vires
1090 447 1156 482 suas
1169 433 1258 483 cousi-

722 508 805 567 deret,
831 519 857 558 et
883 507 916 558 ad
941 507 1014 572 quod
1040 521 1109 572 opus
1136 506 1197 572 ipse
1220 505 1257 556 sit

722 580 811 646 aptior
821 589 915 645 penset
931 597 938 630 :
953 579 1064 630 sienim
1078 579 1113 628 ad
1129 589 1254 628 contem-

724 652 850 719 plativam
873 651 1000 712 habilior,
1017 651 1095 702 etad
1123 651 1257 702 orandum

724 723 853 783 devotior,
877 732 934 773 tute
954 738 983 773 se
996 721 1138 772 transferat
1152 723 1187 771 ad
1199 737 1257 772 ere-

725 810 811 854 mum,
831 804 954 845 oraturus
974 809 1022 860 pro
1043 809 1073 844 se
1097 802 1123 844 et
1144 793 1216 854 asiis,
1235 803 1258 842 et

726 866 763 916 ita
784 867 846 932 plus
866 866 985 931 proderit
1004 864 1043 914 eis
1058 865 1086 915 in
1101 880 1194 915 eremo
1212 879 1260 930 pro

726 940 793 1005 ipsis
821 939 933 999 orando
953 954 1036 1005 quam
1058 938 1088 988 iu
1102 938 1209 998 mundo
1224 937 1261 987 eis

726 1009 906 1076 praedicando,
917 1021 964 1060 nec
972 1008 1112 1059 abscondit
1119 1008 1261 1074 pecuniam

726 1082 838 1134 Domini
849 1082 891 1133 sui
900 1083 931 1132 in
941 1093 1020 1143 terra,
1035 1081 1083 1132 sed
1093 1081 1124 1131 in
1134 1079 1262 1141 Domino,

727 1157 789 1207 licet
800 1172 855 1206 non
869 1155 1004 1220 praedicet,
1016 1154 1082 1221 quia
1098 1154 1199 1204 talenta
1209 1168 1263 1204 ora

728 1229 810 1280 tionis
823 1238 848 1278 et
861 1227 1022 1288 devotionis,
1036 1228 1133 1294 inquo
1148 1226 1264 1292 amplius

729 1301 807 1363 valet,
822 1311 847 1351 et
863 1300 1003 1352 meliorem
1018 1316 1048 1351 se
1063 1299 1157 1359 sentit,
1171 1297 1264 1348 omni-

731 1375 782 1424 bus
795 1383 895 1439 erogat,
911 1380 959 1423 nec
972 1373 1048 1440 piger
1061 1372 1115 1423 dici
1131 1372 1212 1422 debet
1219 1371 1264 1438 qui

731 1455 803 1497 totus
813 1446 842 1494 in
857 1454 948 1495 sancta
964 1443 1109 1494 devotione
1124 1452 1152 1492 et
1165 1441 1265 1492 oratio·

731 1533 773 1578 ne,
786 1515 897 1582 jejunio,
911 1515 1012 1582 vigilia,
1026 1524 1052 1565 et
1065 1513 1132 1564 fletu
1147 1522 1203 1577 est;
1218 1528 1265 1564 ve·

708 1616 710 1620 ⁴
732 1596 885 1638 rumtamen
897 1585 920 1636 si
933 1585 995 1652 quis
1006 1585 1110 1636 videret
1125 1583 1217 1650 gregis
1228 1582 1266 1633 si-

733 1658 761 1710 bi
778 1657 917 1708 commissi
937 1658 1089 1724 periculum
1113 1655 1265 1713 imminere,

734 1741 760 1782 et
769 1732 875 1781 nullum
883 1731 1013 1781 idoneum
1028 1730 1057 1779 in
1071 1744 1167 1796 curam
1181 1726 1267 1795 gregis

734 1802 786 1853 sibi
812 1817 1008 1862 successurum,
1026 1800 1179 1866 periculum
1201 1805 1268 1849 esset

734 1889 841 1941 gregem
857 1874 987 1934 deserere,
1006 1882 1031 1922 et
1044 1872 1078 1922 ad
1095 1885 1222 1921 eremmn
1239 1884 1267 1919 se

734 1944 887 2005 transferre,
911 1945 973 1995 licet
993 1942 1115 1994 habilior
1134 1943 1167 1994 ad
1182 1955 1264 1992 omn-

735 2016 801 2066 dum
817 2016 862 2076 sit,
875 2014 1023 2065 dummodo
1034 2014 1068 2063 de
1079 2027 1131 2062 suo
1145 2010 1269 2062 scandalo

736 2103 790 2138 non
813 2095 982 2152 prasumat:
1008 2083 1137 2149 praelatus
1158 2080 1268 2149 quidem

736 2157 783 2222 qui
805 2157 921 2207 idoneus
937 2165 978 2206 est
994 2154 1026 2204 ad
1051 2151 1267 2219 praedicandum,

736 2237 763 2277 et
773 2228 863 2293 plures
878 2227 1011 2276 instruere
1022 2233 1121 2290 potest,
1136 2238 1169 2273 ac
1178 2222 1231 2273 sibi
1244 2230 1268 2271 et

736 2298 797 2348 aliis
816 2297 844 2346 in
862 2297 908 2347 tali
925 2295 1015 2346 officio
1037 2293 1114 2344 utilis
1139 2303 1192 2354 est,
1210 2291 1270 2343 talis

737 2368 882 2419 fraternam
909 2368 1046 2418 caritatem
1067 2380 1125 2415 non
1147 2365 1270 2415 observat

737 2438 760 2490 si
776 2439 909 2504 populum
927 2437 980 2488 sibi
992 2435 1175 2487 commissum
1190 2433 1269 2485 relin-

737 2519 840 2576 queret,
865 2519 891 2559 et
908 2524 937 2559 se
951 2509 984 2559 ad
1007 2522 1131 2558 eremum
1145 2503 1268 2556 transier-

737 2590 785 2641 ret,
801 2597 863 2632 cum
886 2579 981 2630 utilior
1002 2579 1029 2628 in
1050 2593 1115 2644 agro
1143 2576 1269 2643 praedica·

736 2653 830 2713 tionis‚
845 2668 927 2719 quam
945 2651 974 2701 in
988 2665 1079 2702 eremo
1094 2664 1154 2700 esse
1166 2647 1268 2713 possit:

737 2725 767 2775 in
791 2725 836 2775 his
858 2740 921 2775 vero
944 2737 1081 2790 quemque
1105 2722 1136 2772 in
1163 2721 1265 2772 cariem

738 2805 893 2845 manentem
917 2793 1033 2860 Spiritus
1063 2792 1184 2843 Sanctus
1202 2790 1267 2840 intus

737 2867 851 2930 docebit,
869 2867 935 2933 quid
957 2867 982 2916 ei
998 2865 1099 2916 melius
1119 2863 1266 2917 faciendum

714 2957 716 2959 ¹
738 2940 781 3001 sit,
799 2950 825 2990 et
836 2938 943 2990 solliciti
957 2939 1026 2989 citra
1047 2938 1105 2987 hauc
1123 2934 1265 3005 inquisito-

738 3010 775 3062 ris
796 3009 941 3076 quaestioni
961 3007 1115 3059 satisfaciet.

645 3308 781 3359 ORATIO

186 3451 302 3502 Domine
319 3452 382 3502 Jesu
395 3450 512 3511 Christe,
527 3450 574 3516 qui
588 3449 669 3500 aobis
683 3457 729 3500 tua
742 3450 814 3499 dona
827 3446 1036 3498 misericorditer
1050 3441 1196 3504 tradidisti,
1207 3455 1264 3492 mo-

158 3541 224 3577 nens
237 3537 268 3577 ut
290 3526 431 3593 vigilantes
450 3534 476 3576 et
493 3524 607 3575 sollicite
630 3533 738 3590 agentes
749 3539 782 3573 ex
796 3524 835 3573 eis
847 3522 965 3573 fructum
980 3520 1134 3580 afferamus,
1155 3519 1189 3568 da
1202 3515 1264 3568 milu

156 3597 269 3664 indigno
284 3614 360 3649 servo
380 3605 427 3648 tuo
441 3597 475 3646 de
490 3595 568 3646 donis
581 3610 597 3645 a
609 3604 634 3646 te
648 3594 759 3660 receptis
772 3593 914 3659 vigilanter
929 3590 1061 3658 negotiari
1076 3600 1144 3641 etea
1153 3604 1199 3656 per
1211 3587 1265 3637 fru-

156 3677 215 3718 ctus
231 3669 366 3721 bonorum
380 3683 493 3735 operum
509 3665 704 3732 multiplicare;
719 3665 814 3732 eisque
835 3665 868 3714 ad
883 3663 922 3715 tui
938 3662 1062 3730 gloriam,
1074 3659 1193 3726 proximi
1204 3655 1266 3710 redi·

155 3737 318 3804 ficationem,
332 3751 358 3792 et
371 3740 424 3790 mei
436 3732 627 3804 perfectionem
641 3737 681 3786 sic
706 3737 776 3786 bene
794 3735 844 3798 uti,
857 3746 888 3786 ut
902 3751 964 3785 cum
979 3732 1064 3783 servis
1077 3731 1134 3782 tuis
1147 3729 1228 3782 bonis
1243 3735 1267 3778 et

156 3810 281 3864 fidelibus
308 3829 411 3864 merear
436 3811 609 3871 remunerari,
624 3825 663 3874 ac,
674 3820 700 3860 te
724 3809 843 3875 jubente,
865 3809 966 3857 intrare
985 3805 1116 3871 gaudium
1136 3798 1267 3855 felicitatis

157 3892 270 3948 aeternae,
282 3895 308 3935 ct
320 3885 454 3950 suspicere
467 3899 528 3951 quae
544 3881 696 3949 praeparasti
710 3880 886 3946 diligentibus
899 3888 934 3939 te,
948 3878 1019 3928 bone
1032 3877 1104 3927 lesu.
1120 3876 1220 3926 Amen.
