2632 4320
272 288 318 338 DE
335 285 554 340 ELECTORUM
571 282 858 357 CONSQLATIONE,
874 281 921 332 ΕΤ
922 281 953 332 C.

1122 278 1175 343 322

470 660 636 733 CAPUT
657 652 777 731 XLIV

172 918 226 986 De
246 914 432 985 electorum
456 910 691 982 consolatione
713 931 757 978 ex
778 908 1076 1002 appropinquante

227 1028 460 1122 redemptione
481 1028 575 1095 etde
596 1022 833 1093 similitudine
845 1024 1020 1116 ficulneae.

258 1342 261 1348 ,
310 1275 452 1339 Matthaei
479 1294 545 1356 cap.
580 1293 632 1354 24,
663 1270 765 1334 Marci
793 1290 861 1354 cap.
895 1273 932 1334 13

452 1394 484 1443 et
505 1381 600 1443 Lucae
628 1397 696 1460 cap.
723 1398 773 1441 21.

93 1640 105 1677 r
134 1625 254 1675 ant
274 1637 413 1674 susroaun
437 1632 591 1675 annotans

57 1709 237 1746 maoaoauir
251 1710 279 1744 nr
295 1707 418 1743 nnvauru
434 1692 546 1742 ionicis.
561 1716 591 1726 -

56 1765 165 1816 Deinde
175 1775 238 1830 post
250 1764 388 1830 praemissa
398 1771 490 1813 contra
498 1774 592 1825 repro·

59 1836 111 1886 boe
122 1835 204 1895 dicta,
215 1850 279 1884 mox
292 1835 325 1883 ad
339 1835 483 1884 electorum
493 1844 591 1880 conso-

56 1905 191 1957 lationem
208 1904 344 1955 Dominus
358 1901 489 1953 convertit
501 1904 590 1958 verba,

57 1975 125 2043 quia
148 1974 206 2025 dies
220 1974 313 2039 judicii
336 1974 396 2024 licet
420 1973 450 2023 in
472 1969 592 2036 reprobis

57 2047 96 2098 sit
122 2045 263 2105 terribilis,
286 2055 375 2094 tamen
400 2042 490 2094 electis
514 2042 593 2091 debet

57 2131 118 2168 esse
129 2115 314 2180 consolabilis3
325 2125 389 2165 tunc
403 2114 477 2165 enim
488 2113 521 2163 td
532 2113 592 2179 glo-

56 2189 127 2241 riam
149 2187 341 2239 transferentur
364 2195 491 2253 optatam.
516 2185 592 2235 Unde

56 2259 183 2310 hortatur
206 2274 262 2318 eos,
278 2259 370 2309 dicens
393 2274 400 2309 e
428 2258 484 2308 His
504 2263 592 2307 antem

56 2329 163 2381 scilicet
177 2329 264 2394 signis
288 2328 431 2394 praedictis,
442 2328 509 2396 fieri
523 2327 592 2378 inci-

52 2399 193 2466 pientibus
212 2409 239 2450 et
261 2400 467 2466 apparentibus,
492 2398 594 2450 scilicet

58 2487 122 2523 cum
146 2471 231 2537 plagae
254 2470 349 2521 mundi
374 2479 503 2529 crescent,
531 2485 593 2520 cum

56 2554 146 2595 terror
166 2543 260 2607 iudicii
283 2542 428 2593 commotis
448 2542 594 2592 virtutibus

57 2614 231 2674 ostendetur,
257 2629 320 2664 cum
345 2622 494 2679 peccatores
517 2612 594 2663 tabe-

57 2695 145 2747 scent,
154 2700 218 2751 prae
236 2686 332 2736 timore
347 2691 374 2735 et
392 2683 594 2749 exspectatione

59 2759 210 2821 malorum
230 2773 279 2808 vos
301 2757 377 2808 electi
399 2758 526 2823 respicite
547 2771 595 2823 per

59 2828 154 2890 fidem,
166 2829 195 2880 id
207 2839 248 2880 est
260 2828 405 2895 diligenter
417 2829 553 2890 attendite,
569 2839 595 2879 et

60 2901 161 2953 mentis
183 2902 278 2952 oculos
299 2901 400 2967 aperite
417 2902 548 2952 credendo
569 2912 595 2952 et

60 2974 217 3025 nullatenus
234 2972 393 3031 dubitando,
408 2973 534 3023 allevate
548 2987 596 3039 per

60 3057 139 3108 spem
153 3042 247 3108 capita
267 3049 368 3107 rama,
384 3043 411 3092 id
429 3053 469 3094 est
491 3053 596 3094 mentes

59 3123 163 3164 vestras
172 3127 189 3162 a
201 3113 314 3164 terrenis
325 3115 358 3164 ad
374 3115 492 3164 coelestia
506 3128 596 3179 exspe-

58 3186 177 3238 ctatione
199 3187 326 3252 gaudiosa
348 3186 451 3253 erigite,
468 3198 496 3238 et
515 3188 596 3238 corda

58 3266 147 3307 sesua
166 3255 321 3316 exhilarate,
343 3272 373 3307 ac
398 3258 512 3324 gaudete
531 3273 594 3308 cum

59 3325 155 3377 leticia
174 3325 223 3392 qui
243 3326 271 3376 in
285 3326 394 3378 tristitia
412 3327 515 3391 fuistis3
528 3342 596 3394 quo-

15 3456 21 3467 ·
61 3397 136 3448 niam
144 3397 417 3463 posttribulationem
428 3399 527 3448 horum
536 3400 596 3450 die-

62 3481 143 3527 mm,
168 3477 231 3534 post
260 3483 399 3533 pressuras
428 3478 455 3519 et
484 3479 599 3520 terrores

51 3538 199 3588 'malorum
226 3538 427 3604 appropinquat
454 3539 600 3605 redemptio

63 3614 155 3660 restra
174 3609 253 3675 plena
272 3619 297 3659 et
315 3611 439 3675 perlecta,
453 3626 537 3677 quarn
551 3626 600 3662 ex-

65 3678 199 3745 spectatis,
208 3679 274 3746 quia
287 3681 353 3730 dum
367 3680 462 3732 finitur
471 3682 600 3747 mundus,

66 3751 143 3816 cuius
151 3751 232 3802 amici
245 3767 302 3802 non
311 3751 386 3812 estis,
398 3769 482 3819 prope
494 3764 534 3805 est
545 3755 601 3805 red·

69 3821 171 3888 emptio
182 3829 265 3890 quam
278 3823 429 3888 quaesisds3
444 3825 599 3890 redemptio,

70 3890 191 3959 inquam,
207 3900 308 3958 restra,
325 3893 354 3944 id
375 3905 416 3946 est
431 3896 600 3961 Sanctorum,
622 3907 624 3913 '

646 1615 693 1665 sed
702 1629 719 1665 e
728 1614 863 1666 contrario
877 1613 1105 1680 appropinquabit
1118 1628 1180 1680 per-

645 1685 714 1735 ditio
732 1686 877 1735 malorum.
894 1685 956 1734 Hcee
969 1695 1060 1733 autem
1074 1683 1180 1733 redem-

646 1761 703 1822 ptio
721 1757 772 1807 erit
793 1758 871 1822 plena
892 1756 927 1805 ab
949 1755 1079 1805 omnibus
1100 1755 1180 1806 malis

645 1826 779 1890 liberatio,
789 1837 852 1877 tunc
861 1826 934 1877 enim
944 1827 979 1876 ab
988 1825 1117 1875 omnibus
1126 1839 1180 1875 ser·

645 1897 789 1959 vitutibus,
800 1896 902 1948 scilicet
915 1912 922 1946 τ
935 1907 1103 1962 peccatorum
1117 1893 1179 1945 alli—

646 1968 763 2033 gatione,
772 1966 877 2017 fomitis
886 1966 1041 2024 infectione,
1048 1979 1178 2016 sensuum

646 2038 794 2099 illectione,
817 2037 976 2103 passionum
999 2035 1180 2095 infestatione,

646 2111 804 2161 damonum
816 2110 974 2168 tentatione,
989 2110 1122 2158 malorum
1134 2107 1181 2158 ho·

648 2181 754 2232 minum
764 2180 960 2247 persecutione,
971 2179 1181 2230 necessariorum

647 2253 840 2312 sollicitudine,
852 2263 879 2303 et
892 2253 926 2302 ab
941 2252 1071 2302 omnibus
1085 2250 1183 2316 hujus·
1257 2254 1260 2259 '

648 2328 724 2378 modi
738 2328 842 2378 erimus
861 2327 950 2386 liberi,
969 2326 1078 2392 quando
1098 2338 1184 2390 pone-

648 2416 711 2451 mnr
729 2403 756 2451 in
778 2401 928 2450 libertatem
948 2399 1050 2465 gloriae
1059 2398 1184 2464 filiorum

648 2472 709 2522 Dei.
724 2473 788 2521 Haec
802 2471 875 2521 enim
896 2470 1046 2534 redemptio
1070 2483 1125 2517 non
1145 2476 1185 2518 est

648 2543 731 2602 eliud,
745 2541 798 2591 nisi
817 2539 933 2607 perfecta
954 2541 1064 2589 libertas
1085 2539 1184 2589 anime

648 2626 675 2665 et
699 2614 837 2680 corporis,
869 2624 899 2664 ut
921 2623 986 2663 tunc
1009 2611 1071 2678 justi
1102 2611 1184 2662 dice-

649 2700 677 2735 re
698 2683 803 2750 possint
830 2683 940 2735 Christo
960 2683 1027 2733 illud
1047 2681 1183 2747 Apocaly-

649 2755 728 2822 pais:
744 2755 858 2806 Occisus
878 2768 918 2817 es,
935 2760 963 2805 et
982 2753 1120 2805 redemisti
1133 2764 1183 2802 nos

649 2830 710 2881 Dea
726 2838 820 2879 nostro
834 2829 860 2877 in
877 2829 1010 2893 sanguine
1023 2834 1083 2890 tuo,·
1097 2830 1125 2876 et
1137 2823 1182 2882 r'e·

649 2903 712 2953 cisti
732 2916 785 2953 nos
801 2903 860 2952 Deo
873 2907 968 2952 nostro
986 2914 1109 2967 regnum.
1124 2898 1181 2948 lloc

649 2973 752 3039 quippe
765 2974 798 3023 ad
813 2972 1025 3022 consolationem
1037 2972 1182 3021 electorum

650 3044 729 3104 cedit,
748 3043 821 3109 quod
846 3043 954 3093 videant
974 3043 1114 3093 Christum
1133 3054 1182 3090 ve·

651 3115 719 3175 nire,
734 3124 764 3165 ut
783 3114 822 3165 eis
839 3114 951 3180 praemia
971 3114 1108 3180 largiatur,
1123 3125 1184 3177 quae

649 3185 707 3236 suis
722 3185 857 3251 promisit.
875 3186 927 3236 Sed
942 3200 985 3236 vce
1005 3185 1081 3235 vobis
1095 3180 1184 3233 ambi-

650 3255 738 3316 tiosis,
755 3256 803 3322 qui
820 3256 922 3322 primas
942 3256 1081 3306 cathedras
1096 3250 1187 3318 diligi·

651 3328 695 3392 tis,
711 3328 813 3379 scilicet
827 3328 874 3394 qui
888 3329 919 3378 ad
932 3327 1075 3393 dignitates
1092 3321 1187 3388 diligi·

652 3401 688 3452 tis
700 3401 832 3461 accedere,
844 3402 884 3452 vel
895 3401 923 3451 in
934 3400 1002 3466 ipsis
1013 3395 1189 3464 dignitatibus

652 3470 766 3536 diligitis
779 3485 957 3536 perseverare,
976 3469 1041 3535 quia
1054 3477 1119 3518 tunc
1132 3478 1188 3514 non

652 3542 704 3593 erit
726 3542 804 3594 vobis
825 3557 886 3608 pars
908 3556 996 3606 neque
1013 3538 1115 3590 sorsin
1133 3549 1190 3587 ser·

653 3629 736 3664 mone
749 3615 811 3674 isto,
827 3629 876 3664 nec
895 3628 958 3663 cum
976 3611 1067 3661 electis
1089 3620 1190 3659 conso·

654 3685 731 3736 latio!
754 3687 823 3736 Nam
842 3684 982 3734 Christum
1006 3681 1124 3747 judicem
1143 3693 1191 3729 ve·

655 3755 775 3806 nientem
786 3772 841 3806 non
851 3755 976 3816 libenter,
987 3767 1035 3802 nec
1045 3752 1191 3818 gaudenter

654 3827 781 3878 videbitis
792 3827 840 3894 qui
855 3841 927 3876 nunc
943 3838 1061 3890 praesse
1078 3832 1104 3872 et
1116 3819 1190 3885 judi-
1231 3834 1234 3838 ’

656 3913 699 3949 ces
720 3912 779 3948 esse
793 3895 914 3963 diligitis.
931 3894 1010 3955 Quod
1032 3894 1100 3944 bene
1117 3891 1188 3943 Gre-
