2632 4320
104 274 154 325 356

102 391 153 442 fuit
170 394 267 442 coelum
284 391 366 453 carni,
382 393 423 442 vel
443 392 508 458 quia
522 408 537 443 a
552 393 631 443 nobis

100 480 155 513 non
178 464 282 528 videtur
306 463 334 512 in
360 464 495 528 praesenti,
518 464 632 513 tradidit

98 535 184 585 seruis
202 535 270 584 bona
295 548 354 595 sua,
378 533 479 583 scilicet
503 534 622 584 talenta:

99 606 232 671 quinque,
252 605 315 667 du0,
341 615 367 653 et
400 620 486 653 unum
513 604 545 654 ad
573 604 632 653 fru-

98 677 286 736 ctificandum,
316 678 456 743 unicuique
483 677 627 727 secundum

96 748 236 816 propriam
255 748 387 810 virtutem,
409 747 508 798 scilicet
538 762 630 797 susce-

102 823 218 889 ptivam,
243 837 276 871 ne
299 836 380 887 quem
409 830 546 886 gravaret,
583 837 630 871 nec

103 894 228 960 cuiquam
241 892 378 956 deficeret3
389 901 415 941 ct
428 900 468 940 est
483 906 631 956 argumen-

104 977 160 1015 tum
175 965 246 1024 inde‚
261 964 334 1030 quod
357 964 429 1012 Deus
445 978 499 1011 non
514 961 633 1028 praecipit

104 1037 281 1103 impossibile.
295 1037 334 1086 Et
352 1035 490 1103 profectus
511 1041 555 1086 est.
573 1040 633 1084 sta-

103 1110 159 1172 tim,
176 1108 286 1170 liberam
301 1108 339 1157 eis
349 1115 505 1173 potestatem
521 1120 634 1170 operan-

104 1181 132 1230 di
164 1179 330 1246 permittens.
358 1177 433 1228 Abiit
461 1183 557 1236 autem,
586 1191 633 1243 per

103 1253 226 1303 affectum
264 1250 418 1310 voluntatis,
444 1250 489 1314 qui
521 1250 634 1315 quinque

105 1325 204 1375 talenta
231 1329 380 1387 acceperat,
411 1322 438 1372 id
466 1332 505 1372 est
529 1322 632 1372 donum

103 1394 224 1461 quinque
252 1408 392 1452 sensuum,
418 1403 443 1443 et
470 1392 629 1442 exteriorem

103 1465 244 1517 scientiam
263 1464 384 1530 quinque
398 1465 523 1515 sensibus
538 1463 632 1530 acqui-

103 1536 191 1595 sitam,
215 1541 240 1584 et
257 1541 387 1601 operatus
408 1541 449 1585 est
471 1536 497 1584 in
518 1535 566 1596 eis,
585 1550 631 1599 per
655 1573 663 1609 ,

101 1606 257 1656 exercitium
274 1604 414 1655 exterioris
433 1603 530 1671 operis,
546 1611 572 1655 ct
584 1604 629 1653 iu-

101 1686 194 1730 cratus
208 1686 248 1729 est
264 1680 321 1729 alia
336 1679 457 1744 quinque,
475 1678 538 1744 quia
552 1677 631 1727 meri-

102 1762 127 1801 ta
150 1767 197 1801 sua
220 1750 419 1825 multiplicavit,
450 1765 482 1800 ex
505 1749 632 1800 creaturis

102 1822 266 1881 Creatorem,
292 1837 323 1871 ex
342 1820 525 1886 corporalibus
548 1819 630 1886 spiri-

102 1893 191 1953 tualia,
207 1909 238 1943 ex
252 1893 444 1957 temporalibus
456 1902 555 1941 aeterna
573 1907 633 1956 cog-

97 1982 226 2025 noscens,
243 1982 272 2016 ac
297 1965 414 2015 fructum
447 1964 634 2015 aedificationis

102 2039 130 2089 in
143 2037 273 2104 proximis
288 2035 396 2087 faciens.
408 2036 540 2087 Similiter
552 2043 578 2087 et
587 2037 632 2101 qui

102 2114 155 2163 duo
180 2116 326 2176 acceperat,
351 2108 452 2159 scilicet
466 2103 631 2159 intellectum

102 2181 288 2247 Scriptuarum
298 2189 323 2230 et
333 2179 530 2245 operationum,
541 2180 632 2230 lucra-

102 2261 145 2304 tus
167 2258 207 2303 est
231 2251 287 2300 alia
317 2250 377 2310 duo,
404 2249 502 2298 scilicet
527 2250 630 2300 bonum

101 2325 236 2392 sapientiae
251 2339 266 2374 a
281 2339 309 2373 se
329 2321 503 2372 diffundendo
524 2323 552 2372 in
574 2340 632 2389 pro.

38 2442 40 2444 ,
100 2397 204 2447 ximum
229 2411 276 2461 per
293 2395 406 2446 verbum
421 2393 627 2458 praedicationis,

100 2479 126 2518 et
137 2469 237 2518 bonum
248 2464 411 2531 operationis
422 2479 468 2528 per
477 2465 629 2530 exemplum

99 2537 291 2589 aedificationis.
307 2536 360 2597 Qui
368 2542 455 2585 autem
468 2551 548 2586 unum
559 2549 633 2588 acce-

97 2619 186 2679 perat,
205 2610 305 2662 scilicet
326 2610 410 2659 solam
425 2608 630 2674 intelligentiam

99 2684 305 2747 Scripturarum‚
320 2680 412 2730 abiens
420 2679 496 2744 fodit
508 2681 535 2730 in
547 2686 629 2741 terra,

98 2753 227 2803 curvitate
241 2761 353 2800 terrenae
368 2748 524 2799 intentionis
536 2761 562 2801 et
574 2766 633 2801 car-

81 2824 170 2874 ·nalis
191 2821 321 2882 actionis3
349 2826 375 2870 et
393 2821 533 2870 abscondit
547 2836 632 2886 pecu-

99 2895 171 2944 niam
187 2892 286 2942 domini
307 2892 357 2955 sui,
380 2891 438 2941 sine
456 2891 631 2945 aedificatione

100 2964 226 3030 proximi.
249 2964 325 3014 Unde
349 2963 529 3028 Gregorius:
546 2983 559 3011 a
574 2966 631 3016 Ta-

100 3038 202 3087 lentum
215 3034 242 3083 in
261 3044 331 3085 terra
344 3035 515 3099 abscondere,
533 3046 572 3086 est
587 3052 630 3087 ac-

378 274 552 326 SECUNDAE
569 276 694 326 PARTIS
710 277 826 329 CAPUT
842 279 933 330 XLIX.

687 391 789 443 faciunt
813 410 893 460 opera
915 395 1001 460 bona3
1020 396 1059 446 illi
1075 412 1137 447 vero
1161 399 1220 448 abs-

687 468 817 528 condunt,
839 469 886 534 qui
902 469 988 519 otiose
1002 470 1107 530 vivunt,
1123 473 1165 521 vcl
1189 488 1218 522 ex

687 537 726 586 eis
742 539 899 603 temporalia
919 540 991 589 lucra
1009 551 1147 606 quaerunt.

720 610 734 661 3
754 612 885 662 Paianion
898 628 1046 674 sanvonuu,
1058 630 1105 672 Qui
1115 631 1223 666 rnucri·

687 697 780 731 Ficana
788 698 909 732 racanas
919 699 1066 734 recuruum
1081 686 1222 736 -Exami-

687 751 810 801 nationes
836 752 968 818 judicium
997 755 1068 804 circa
1096 757 1220 821 praedicta

686 821 805 885 ponitur,
818 838 879 872 cum
891 823 993 874 dicitur
1007 841 1013 874 ε
1026 825 1097 876 Post
1108 827 1219 876 multum

686 905 748 940 vero
771 893 906 958 temporis,
931 893 1032 963 scilicet
1055 894 1084 943 in
1105 897 1220 946 secundo

686 963 810 1027 adventu,
837 966 906 1016 venit
930 966 1055 1016 dominus
1081 982 1218 1019 serrorum

686 1033 801 1098 illorum,
835 1039 976 1104 requirens
1004 1055 1018 1088 a
1046 1040 1165 1106 singulis
1189 1043 1219 1090 de

686 1120 832 1157 comm1sso
844 1109 985 1173 rationem,
1000 1110 1148 1176 exquirens
1161 1127 1219 1161 me-

686 1177 747 1237 rita,
768 1187 793 1228 et
819 1180 927 1244 exigens
952 1197 1015 1230 cum
1044 1197 1128 1232 usura
1147 1183 1218 1247 quod

686 1247 804 1298 tradidit.
818 1249 890 1308 Quid
901 1251 1016 1317 quisque
1028 1252 1140 1318 accepit,
1154 1269 1219 1302 con-

686 1316 798 1382 sideret3
816 1329 841 1368 et
856 1321 928 1385 quod
941 1321 1046 1371 lucrum
1061 1323 1095 1373 de
1106 1323 1219 1390 acceptis

686 1399 810 1454 reportet,
836 1401 937 1456 penset.
965 1393 1003 1443 Et
1030 1396 1162 1445 accedens
1175 1396 1218 1461 qui

685 1461 798 1525 quinque
824 1461 925 1513 talenta
949 1471 1102 1528 acceperat,
1130 1465 1157 1515 id
1181 1477 1220 1516 est

686 1544 839 1595 praeparans
857 1547 885 1582 se
906 1543 932 1584 et
956 1533 1096 1585 confidens
1113 1537 1146 1586 de
1163 1537 1220 1586 red·

684 1602 771 1652 denda
789 1603 900 1664 ratione,
918 1606 1015 1656 obtulit
1028 1607 1087 1656 alia
1102 1608 1215 1674 quinque

685 1673 802 1735 talenta;
816 1681 841 1724 et
855 1676 902 1740 qui
921 1676 973 1727 duo
994 1685 1148 1742 acceperat,
1170 1678 1218 1729 oi-

684 1746 748 1796 tulit
771 1746 828 1797 alia
854 1748 930 1810 duo;
950 1750 1131 1815 multiplicata
1149 1751 1219 1802 enim

684 1819 782 1868 talenta
817 1830 881 1870 sunt
906 1821 1086 1886 multiplicata
1113 1824 1217 1884 merita,

685 1904 745 1954 quae
769 1889 927 1951 offeruntur,
950 1907 1012 1940 cum
1030 1906 1046 1942 a
1066 1893 1123 1942 Deo
1151 1909 1219 1944 acce·

685 1968 802 2023 ptantur.
816 1959 925 2022 Obtulit,
950 1960 1073 2026 inquam,
1104 1962 1216 2015 dicens:

684 2032 805 2094 Domine,
827 2035 947 2097 quinque,
960 2035 1000 2083 vel
1027 2033 1090 2095 duo,
1116 2035 1215 2086 talenta

685 2105 823 2171 tradidisti
840 2105 911 2167 mihi,
931 2105 1074 2158 confitetur
1086 2108 1214 2174 gratifice,

683 2186 710 2226 et
726 2185 813 2226 totum
829 2173 852 2227 ei
874 2177 992 2241 deputat,
1017 2179 1083 2244 quia
1106 2181 1141 2230 ab
1161 2181 1216 2247 ipso

683 2248 798 2314 accepit3
819 2263 878 2299 ecce
891 2250 948 2299 alia
967 2251 1083 2317 quinque
1097 2254 1141 2304 vel
1156 2255 1213 2314 duo,

683 2320 885 2384 superlucratus
910 2336 977 2383 sum,
997 2322 1025 2371 id
1051 2333 1090 2373 est
1121 2324 1215 2375 multi·

685 2391 779 2454 plicata
801 2402 865 2442 sunt
891 2392 985 2442 merita
1003 2407 1035 2442 ex
1058 2395 1147 2459 gratia
1166 2405 1215 2454 tua,

684 2479 746 2514 cum
766 2480 817 2515 usu
834 2464 913 2514 liberi
934 2465 1048 2516 arbitrii.
1064 2467 1101 2517 Et
1124 2469 1164 2518 ait
1180 2467 1216 2518 illi

684 2537 794 2602 utrique
815 2537 938 2588 dominus
949 2538 1007 2604 ejus
1020 2556 1028 2589 :
1042 2540 1136 2606 Euge,
1149 2541 1215 2607 quod

684 2617 723 2657 est
755 2607 903 2672 interjectio
936 2609 1090 2673 gaudentis,
1118 2611 1145 2661 id
1171 2620 1213 2666 est,

683 2680 834 2729 secundum
854 2678 1089 2746 Chrysostomum
1103 2682 1171 2733 bene
1184 2681 1214 2731 sit

682 2748 731 2798 tibi
743 2765 750 2798 ι
761 2761 844 2810 seruc,
854 2763 899 2813 per
907 2749 1042 2814 propriam
1054 2751 1213 2802 humiliatio·

684 2836 746 2870 nem
768 2821 856 2886 quoad
878 2819 1004 2885 teipsum,
1021 2822 1097 2885 bone,
1113 2840 1160 2890 per
1173 2822 1211 2872 di-

682 2890 773 2940 vinam
783 2889 1014 2940 assimulationem
1022 2894 1114 2958 quoad
1123 2895 1209 2954 Deum,

683 2966 708 3012 et
726 2959 830 3025 fideliS,
855 2975 900 3024 per
921 2960 1016 3011 utilem
1042 2962 1209 3028 dispensatio
1253 2960 1256 2989 ³

684 3046 746 3080 nem
760 3031 847 3097 quoad
864 3030 1034 3096 proximum
1049 3036 1104 3096 vel,
1120 3036 1208 3086 ionert

99 3118 205 3174 ceptum
224 3105 364 3172 ingenium
384 3105 412 3155 in
432 3107 545 3157 terrenis
563 3109 630 3158 acti-
675 3103 780 3168 fidelis,
808 3117 932 3168 quaerens
958 3103 988 3152 in
1017 3105 1125 3158 actibus
1157 3105 1206 3157 suis

100 3183 151 3232 bus
180 3180 336 3244 implicare,
375 3187 400 3228 et
435 3195 489 3228 non
520 3180 627 3230 lucrum

99 3252 238 3313 spirituale
254 3264 380 3316 quaerere.
407 3267 421 3296 u
445 3250 476 3299 ln
503 3248 547 3299 his
565 3266 628 3316 ergo

98 3325 184 3375 tribus
207 3321 289 3372 servis
321 3319 507 3386 significantur
534 3321 628 3372 omnia

97 3409 195 3461 genera
208 3391 362 3451 hominum,
383 3391 484 3456 quibus
498 3393 626 3457 competit

97 3465 242 3532 negotiatio
259 3462 360 3514 ‘activae
387 3461 465 3525 vitae,
490 3462 590 3512 scilicet
618 3480 624 3514 :

96 3536 254 3602 imperfecti,
267 3533 375 3601 perlecti
395 3542 420 3583 et
441 3533 515 3583 mali.
530 3535 627 3599 lmper-

94 3605 165 3667 fecti,
181 3606 245 3672 quia
259 3605 383 3671 pluribus
398 3603 527 3669 indigent,
550 3604 623 3654 desi-

20 3730 24 3738 ,
95 3688 212 3743 gnantur
220 3677 247 3727 in
257 3677 303 3727 illo
318 3675 364 3742 qui
375 3674 475 3741 accepit
487 3674 624 3741 quinque;

95 3747 213 3812 perfecti,
246 3748 274 3798 in
300 3748 347 3798 illo
366 3746 413 3812 qui
437 3744 538 3810 accepit
556 3746 609 3796 duo
617 3763 624 3811 ;

96 3819 169 3882 mali,
188 3819 217 3868 in
232 3834 264 3869 eo
287 3818 334 3884 qui
350 3816 449 3883 accepit
469 3826 569 3866 unum.
584 3817 624 3867 llli

93 3899 184 3942 autem
196 3889 334 3956 duplicant
349 3890 455 3948 talenta,
471 3886 519 3954 qui
541 3903 573 3938 ex
586 3886 626 3939 eis

682 3174 794 3239 gloriam
822 3174 927 3225 domini
955 3175 1014 3235 sui,
1047 3194 1104 3229 non
1130 3193 1205 3231 suam.

683 3247 752 3307 Quia
783 3261 864 3312 super
886 3263 977 3314 pauca
1002 3249 1092 3314 suisti
1112 3252 1205 3320 fidelis,

683 3317 783 3368 scilicet
801 3333 882 3383 super
900 3319 971 3370 bona
989 3320 1053 3371 vitae
1068 3322 1206 3388 praesentis,

683 3410 765 3460 super
780 3396 864 3446 multa
880 3402 904 3447 tc
920 3398 1094 3464 constituam,
1118 3399 1207 3451 scilicet

682 3466 753 3516 bona
784 3465 844 3516 vitae
874 3468 1023 3533 sequentis,
1056 3471 1091 3522 de
1118 3471 1207 3539 quibus

683 3536 824 3586 Psalmista
854 3536 919 3587 dicit
951 3555 958 3588 :
992 3539 1083 3600 Quam
1117 3552 1207 3607 magua

681 3606 822 3658 multitudo
842 3607 992 3659 dulcedinis
1016 3617 1081 3676 tuae,
1097 3612 1208 3671 Domirm

680 3694 758 3745 quam
793 3680 959 3731 abscondisti
995 3683 1150 3737 timentibus
1182 3691 1208 3736 te.

679 3750 760 3801 Unde
775 3752 991 3820 Chrysostomus
1001 3772 1009 3804 :
1021 3771 1035 3801 n
1055 3757 1143 3810 Pauca
1158 3765 1209 3809 sunt

678 3836 739 3887 quae
761 3821 789 3871 in
813 3822 866 3873 hoc
885 3824 975 3873 seculo
990 3826 1073 3878 nobis
1087 3839 1209 3894 prestan-

681 3901 734 3953 tur,
750 3892 835 3944 multa
851 3907 912 3960 quae
932 3893 960 3945 in
975 3894 1023 3946 illo
1037 3911 1210 3954 servantur-³
