2632 4320
447 176 635 267 'SECUNDAE
652 200 776 266 annus
789 211 907 265 cnrur
917 215 951 266 x.

594 594 762 666 CAPUT
788 596 822 663 X

259 873 311 939 De
334 893 438 940 causa
462 869 670 940 dimittendi
685 893 843 952 uxorem,
864 882 898 940 et
920 872 963 940 de
979 869 1144 962 perutilis

545 985 697 1055 Domino
721 985 860 1055 oblatis.

547 1171 691 1272 Matthaei
709 1228 776 1291 cap.
798 1229 846 1290 19.

178 1468 187 1501 1
208 1449 250 1500 Da
275 1463 398 1498 oscitat
419 1464 530 1499 rnnusrr
549 1449 627 1500 lusus
650 1465 676 1499 ru

143 1537 217 1573 rmus
233 1520 333 1569 lunata
359 1535 541 1577 mrrnuosous
564 1536 600 1570 nn
629 1536 678 1571 cu·

142 1611 204 1646 aar.
229 1622 259 1632 -
278 1594 343 1644 Post
367 1594 424 1644 haec
445 1594 519 1645 venit
542 1595 677 1646 Dominus

142 1665 219 1714 Jesus
242 1664 276 1713 de
300 1663 408 1714 Galilaea
430 1663 457 1713 in
475 1664 549 1729 fines
572 1664 678 1716 Judaeae

144 1739 222 1783 trans
259 1733 416 1784 Jordanem.
447 1733 546 1784 Omnis
577 1734 678 1800 quippe

144 1806 281 1873 provincia
293 1807 449 1857 ludaeorum
468 1808 626 1873 generaliter
642 1807 679 1857 di·

144 1877 253 1929 cebatur
274 1877 384 1938 Judaea,
416 1878 447 1928 ad
477 1877 678 1928 distinctionem

144 1948 258 1999 aliarum
273 1948 406 2014 gentiumt
422 1959 608 1999 verumtamen
623 1964 680 2000 me-

143 2019 248 2070 ridiana
266 2019 324 2082 ejus
345 2019 431 2084 plaga,
449 2018 477 2067 in
496 2035 549 2086 qua
569 2020 679 2070 habita-

145 2091 209 2141 bant
229 2088 318 2139 tribus
338 2089 407 2139 luda
430 2098 455 2139 et
476 2089 563 2140 tribus
582 2091 679 2154 Benia-

145 2160 220 2218 min,
244 2157 393 2223 specialiter
419 2158 557 2209 dicebatur
578 2159 678 2219 iudaea,

145 2230 178 2280 ad
192 2228 395 2279 distinctionem
410 2229 523 2278 aliarum
538 2229 679 2297 regionum

144 2313 206 2360 quae
225 2298 253 2348 in
270 2297 328 2363 ipsa
341 2298 550 2354 continebantur
567 2302 679 2366 provin-

145 2369 194 2428 cia,
209 2368 311 2418 scilicet
325 2385 332 2418 :
345 2369 473 2428 Samaria,
492 2371 609 2430 Galilaea,
624 2373 680 2423 De-

144 2440 255 2506 capolis,
268 2450 294 2490 et
313 2440 423 2507 reliquae
441 2443 501 2493 aliae
520 2443 579 2494 sitae
595 2443 622 2494 in
640 2460 679 2495 ea.

145 2511 293 2563 Narrantur
307 2527 370 2578 ergo
385 2527 419 2563 ea
434 2527 495 2578 quae
511 2513 538 2563 in
557 2514 607 2566 hac
622 2531 680 2582 pro·

145 2585 244 2647 vincia,
263 2585 364 2637 scilicet
382 2586 482 2648 Judaea,
504 2586 609 2640 feritet
628 2590 680 2639 do-

144 2660 214 2719 cuit,
245 2675 274 2709 ac
295 2675 389 2725 passus
413 2671 453 2710 est
476 2661 628 2725 Dominus;
654 2672 680 2712 et

145 2729 232 2795 primo
240 2745 300 2795 quae
310 2741 384 2780 trans
393 2731 534 2781 Jordanem
546 2733 578 2782 ad
587 2732 681 2783 Orien·

145 2810 210 2860 tem,
225 2800 272 2850 ubi
288 2800 445 2851 habitabant
461 2802 520 2851 duae
539 2803 635 2861 tribus,
655 2814 681 2853 et

145 2869 259 2919 dimidia
274 2871 409 2934 Manasse3
424 2870 521 2922 deinde
536 2887 596 2937 quae
612 2872 681 2923 cirea

145 2939 299 2999 Jordanem,
319 2942 426 3007 quando
440 2942 512 2993 venit
527 2942 642 3004 Jerich0‚
655 2953 681 2994 et

146 3011 312 3073 Bethaniam,
327 3023 353 3063 et
364 3014 520 3066 Jerusalem.
534 3016 572 3066 Et
582 3021 681 3067 secutae

147 3088 210 3132 sunt
224 3097 282 3132 eum
297 3083 329 3133 de
344 3084 453 3135 Galilaea
475 3087 560 3137 turboe
579 3086 679 3150 multae,

145 3167 178 3203 ex
205 3168 260 3219 quo
288 3162 362 3218 patet
390 3154 497 3206 devotio
525 3156 618 3223 populi
648 3157 681 3208 ad

145 3239 208 3276 eurn
246 3239 253 3272 ι
289 3223 354 3289 quia
388 3225 466 3275 multi
501 3228 682 3293 sequebantur

145 3311 225 3346 causa
254 3309 310 3345 suae
343 3294 541 3360 praedicationis
570 3297 681 3348 audien-

145 3366 202 3429 dae3
218 3365 303 3432 aliqui
325 3378 405 3414 causa
427 3366 574 3418 curationis
597 3367 682 3434 impe-

145 3437 252 3489 trandae.
274 3433 327 3488 Ubi
355 3433 566 3503 chrysostomus
582 3456 591 3488 .·
607 3456 621 3485 α
643 3438 682 3488 Et

145 3513 244 3558 secutae
258 3513 321 3558 sunt
333 3520 391 3557 eum
406 3507 492 3558 turbae
503 3507 602 3570 multae,
617 3523 682 3575 qua-

145 3577 169 3628 si
204 3577 359 3630 testimonla
392 3576 518 3631 salutaris
554 3578 682 3630 doctrinae

147 3649 214 3712 ejus,
234 3650 311 3717 quasi
326 3664 389 3700 oves
409 3659 542 3715 pastorem
558 3649 586 3700 in
601 3665 682 3700 manu

149 3721 235 3786 ipsius
259 3723 354 3790 genitae
367 3732 395 3774 et
413 3723 536 3789 nutritae3
552 3722 683 3791 perduce-

151 3796 215 3848 bant
238 3812 310 3864 eum,
337 3797 414 3865 quasi
438 3797 541 3865 parvuli
566 3796 614 3849 filii
634 3813 683 3864 pa-

732 1458 801 1499 trem
825 1450 882 1514 ejus
909 1463 1017 1515 peregre
1044 1446 1266 1515 proficiscentem.

733 1519 792 1584 lpse
816 1530 907 1570 autem
925 1529 1052 1585 tanquam
1068 1527 1142 1584 pater
1157 1518 1266 1584 profici-

733 1605 813 1640 scens
838 1590 909 1640 bona
932 1589 1045 1655 pignora
1061 1588 1181 1639 caritatis
1203 1588 1267 1640 filiis

733 1661 790 1711 suis
804 1660 923 1726 reliquit,
939 1676 987 1726 pro
1011 1659 1124 1720 exsiliis,
1147 1659 1266 1710 remedia

732 1731 875 1782 sanitatum
897 1747 904 1780 :
925 1750 939 1779 n
963 1732 1020 1781 haec
1045 1731 1266 1797 chrysostomus.

733 1801 810 1853 Unde
824 1801 946 1868 sequitur
962 1802 1021 1852 :Et
1039 1802 1144 1852 curavit
1159 1814 1206 1851 eos
1222 1801 1267 1862 ibi,

733 1873 834 1924 scilicet
857 1872 883 1923 in
905 1873 1005 1935 Judaea,
1033 1883 1059 1922 et
1083 1887 1139 1921 non
1157 1881 1220 1922 ante
1241 1870 1268 1920 in

733 1947 853 2010 Galilaea,
874 1955 903 1996 ut
927 1947 1026 1996 Gentes
1041 1945 1069 1996 in
1084 1961 1142 1995 eam
1160 1944 1269 1996 miseri-

733 2020 852 2069 cordiam
875 2035 923 2069 seu
945 2019 1062 2078 veniam,
1086 2034 1146 2085 quae
1171 2019 1269 2070 Judaeae

733 2092 884 2158 parabatur,
899 2091 1064 2153 admitteret3
1081 2101 1107 2141 et
1120 2090 1147 2140 in
1160 2090 1268 2156 signum

733 2163 806 2229 quod
829 2177 861 2212 ex
875 2163 967 2213 Judaea
983 2161 1117 2212 Gentibus
1137 2162 1210 2212 salus
1226 2176 1269 2212 es·

734 2242 783 2282 set.
808 2232 959 2282 Secundum
987 2232 1140 2298 origenem,
1166 2229 1270 2282 sanavit

733 2301 865 2352 Dominus
891 2303 983 2352 turbas
1008 2311 1083 2352 trans
1106 2302 1268 2360 Jordanem,

733 2372 780 2423 ubi
795 2372 949 2438 Baptismus
961 2373 1082 2432 dabatur,
1093 2371 1158 2438 quia
1173 2386 1269 2423 omnes

734 2460 749 2495 a
763 2445 950 2512 spiritualibus
960 2443 1165 2496 infirmitatibus
1175 2445 1203 2495 in
1216 2447 1268 2496 Ba·

735 2516 834 2582 ptismo
849 2517 994 2567 salvantur.
1011 2517 1044 2567 Et
1059 2516 1097 2567 sic
1110 2525 1183 2582 patet
1196 2517 1269 2583 quod

734 2587 905 2654 Evangelista
935 2587 963 2661 iq
988 2602 1044 2637 uno
1073 2587 1155 2637 verbo
1188 2588 1272 2637 multa

735 2660 864 2710 miracula
887 2658 1032 2709 sanitatum
1058 2657 1182 2721 includit,
1208 2658 1271 2724 quia

734 2740 843 2796 propter
852 2729 1055 2779 multitudinem
1067 2728 1269 2790 miraculorum,

734 2815 789 2849 non
810 2809 932 2865 poterant
954 2799 1047 2849 omnia
1067 2799 1095 2849 in
1116 2799 1270 2864 particulari

735 2869 859 2921 describi.

768 2957 782 2991 2
800 2942 860 2992 Cura
874 2942 980 2991 Mousas
994 2956 1115 2991 rannrsrr
1134 2954 1269 2992 aruerunt

735 3027 853 3070 narbon,
874 3011 1007 3062 Cnnrsrus
1020 3026 1089 3061 vano
1105 3025 1158 3061 uon
1173 3025 1270 3061 ranut-

735 3082 793 3133 srr?
820 3110 850 3119 -
872 3080 976 3131 Deinde
1005 3079 1130 3131 subditur
1154 3080 1270 3132 narratio

734 3155 768 3204 de
781 3151 880 3219 triplici
896 3151 1085 3218 religiosorum
1096 3150 1269 3216 perfectione,

735 3223 864 3274 scilicet:
887 3222 1073 3280 continentiae,
1111 3220 1272 3273 obedientia

735 3305 761 3345 et
784 3293 957 3361 paupertatis.
971 3292 1007 3343 Et
1022 3292 1111 3358 primo
1132 3293 1166 3344 de
1184 3292 1271 3343 conti·

736 3367 836 3428 nentia,
863 3383 925 3418 cum
949 3366 1068 3417 dicitur:
1084 3365 1123 3416 Et
1148 3377 1272 3417 accesse-

735 3446 799 3491 runt
813 3438 850 3489 ad
864 3454 931 3503 eum,
953 3436 1055 3488 scilicet
1076 3438 1180 3497 lesum,
1192 3436 1271 3488 Pta-

735 3510 820 3574 rt'saei,
835 3509 882 3577 qui
894 3509 924 3559 in
936 3509 1037 3575 populo
1049 3507 1206 3559 Judaeorum
1218 3520 1272 3575 prae

736 3582 798 3632 aliis
817 3579 977 3632 videbantur
992 3577 1121 3644 religiosi,
1141 3583 1273 3629 tentantes

738 3667 805 3715 eum,
823 3651 924 3703 scilicet
947 3666 1040 3717 capere
1054 3650 1083 3701 in
1099 3649 1199 3700 verbis.
1214 3649 1273 3699 No-

738 3727 816 3778 tanda
831 3736 872 3778 est
884 3726 1017 3778 mentium
1030 3724 1160 3776 distantia
1170 3724 1201 3775 in
1214 3732 1274 3775 tur·

740 3798 782 3850 bis
798 3805 825 3849 et
837 3795 988 3849 Pharisaeis.
1004 3796 1053 3849 Hae
1065 3793 1232 3847 conveniunt
1244 3802 1276 3845 ut
