2632 4320
262 251 309 300 DE
321 249 443 300 DECEM
460 248 627 300 LEPROSIS
642 248 666 298 A
680 247 825 300 DOMINO
841 249 1002 301 CURATlS.

71 371 130 418 lum
144 366 294 417 secundum
308 375 415 431 tempus
433 381 489 432 quo
506 363 608 415 assumi

73 437 187 488 debebat
196 451 243 501 per
256 435 412 486 Passionem
423 437 456 486 de
469 436 521 485 hoc
532 451 610 484 mun-

74 509 110 558 do
134 507 168 556 ad
192 506 305 570 Patrem,
329 506 393 572 quia
416 507 534 572 oportuit
549 505 611 570 pati

75 577 225 640 Christum,
240 583 265 627 et
280 578 319 627 ila
331 577 435 628 intrare
449 576 604 642 ingloriam

74 665 167 713 suam,
182 649 228 700 sed
245 647 325 699 etiam
342 649 491 699 secundum
511 661 610 714 praece-

75 731 154 787 ptum
166 721 201 770 de
213 735 283 785 agno
298 719 426 785 paschali,
440 719 487 785 qui
504 719 609 768 decimo

75 795 121 844 die
140 792 244 844 mensis
267 792 349 858 primi
372 793 559 842 assumebatur
577 792 611 840 de

75 880 165 931 grege,
196 873 222 913 et
247 863 280 913 ad
307 863 420 913 domum
449 862 611 914 inferebatur

76 947 103 987 et
125 936 281 986 servabatur
297 950 384 1000 usque
415 935 448 984 ad
473 949 611 1000 vesperam

76 1005 265 1073 quartidecimi
281 1006 347 1069 diei;
363 1015 389 1056 et
405 1016 469 1056 tunc
482 1006 611 1056 immola-

76 1082 164 1131 batur.
193 1081 224 1129 ln
252 1079 326 1129 hunc
348 1079 461 1129 modum
484 1078 612 1129 Christus

76 1151 182 1201 decima
195 1151 249 1210 die,
265 1150 292 1199 id
305 1159 343 1200 est
354 1150 437 1200 ramis
449 1151 609 1208 Palmarum,

76 1220 152 1272 venit
173 1220 208 1270 ad
234 1221 323 1270 locum
343 1219 488 1279 Passionis,
512 1218 614 1269 scilicet

78 1293 107 1342 in
129 1293 289 1356 Jerusalem,
307 1292 355 1342 ubi
380 1302 510 1357 tanquam
535 1305 615 1340 verus

78 1365 173 1429 Agnus
190 1372 247 1412 erat
261 1379 309 1428 pro
324 1362 404 1412 nobis
417 1361 613 1425 immolandum

79 1437 238 1502 mansitque
261 1436 297 1486 ibi
322 1446 348 1485 et
368 1436 446 1496 circa,
461 1435 614 1501 usquedum

79 1523 176 1574 passus
190 1517 241 1567 est,
255 1517 286 1556 ut
300 1506 340 1556 sic
356 1507 453 1557 veritas
466 1505 559 1572 figurae
572 1521 616 1555 re·

80 1723 163 1782 Deus,
176 1730 204 1771 et
217 1720 290 1786 quod
304 1729 448 1786 spontanee
460 1736 515 1770 non
529 1728 618 1769 coacte

81 1802 122 1845 est
131 1807 228 1859 passus
236 1809 245 1857 ;
253 1792 325 1842 unde
327 1792 460 1858 firmavit,
472 1792 498 1842 id
512 1800 617 1842 estnon

82 1864 175 1915 leviter
190 1863 285 1921 voluit,
304 1863 352 1912 sed
374 1863 488 1914 firmiter
505 1873 532 1914 et
552 1879 618 1912 oon·

82 1944 184 1986 stanter
197 1933 341 1999 disposuit,
356 1939 385 1983 ut
394 1935 447 1984 iret
460 1935 487 1983 in
498 1934 614 1983 Jerusa-

84 2007 193 2070 lem,ad
221 2007 410 2057 sustinendum
435 2017 560 2065 mortem,
589 2015 619 2055 ut

84 2079 240 2130 ostenderet
262 2092 290 2127 se
313 2087 407 2142 sponte
425 2091 569 2142 passurum
593 2085 619 2125 et

84 2165 136 2200 suo
149 2147 427 2214 exemplodiscipulos
441 2148 574 2197 animaret
583 2146 616 2196 ad

81 2219 255 2287 Passionem.
278 2218 324 2268 Sic
339 2227 365 2268 et
389 2228 428 2279 tu,
452 2233 533 2269 omne
552 2232 621 2283 opus

86 2292 191 2341 bonum
213 2288 310 2340 firmus
323 2299 349 2340 et
364 2289 468 2339 stabilis
481 2290 561 2339 debes
576 2303 621 2338 as-

85 2375 203 2420 sumere,
218 2375 265 2410 nec
283 2369 391 2426 propter
411 2360 572 2410 tentationes
586 2359 620 2408 ab

37 2425 46 2444 ⁸
86 2448 118 2482 eo
133 2431 278 2481 dimittere.
292 2431 410 2480 Instante
425 2446 488 2496 ergo
512 2440 620 2495 tempo-

88 2520 116 2555 re
140 2503 287 2563 Passionis,
309 2519 364 2569 quo
385 2502 622 2568 transmigraturus

89 2585 145 2626 erat
160 2575 196 2625 de
211 2574 314 2623 mundo
328 2575 361 2624 ad
378 2574 495 2634 Patrem,
515 2582 624 2639 praestat

88 2649 202 2699 dorsum
219 2647 347 2706 Galilaeae,
359 2656 385 2697 et
401 2646 495 2696 faciem
511 2646 540 2695 in
553 2647 625 2696 Jeru-

91 2720 174 2770 salem
180 2718 321 2778 convertit,
336 2734 366 2768 ac
378 2717 484 2768 firmata
490 2727 517 2768 et
528 2717 624 2784 imper-

86 2791 183 2842 territa
196 2800 297 2850 mente,
320 2790 410 2840 locum
432 2806 487 2855 quo
506 2790 560 2855 pati
574 2789 624 2840 de-

57 2878 61 2887 '
93 2871 210 2914 creverat
219 2860 297 2927 petit.
309 2861 368 2910 Non
380 2861 434 2911 huc
448 2871 475 2911 et
484 2861 548 2911 illuc
560 2861 624 2923 ibat,

96 2934 142 2984 sed
162 2933 215 2984 iter
236 2946 330 2982 versus
345 2932 491 2982 Jerusalem
513 2932 626 2982 tenebat.

98 3007 175 3058 Unde
187 3005 234 3072 qui
248 3005 373 3070 superius
385 3006 486 3070 pluries
495 3005 627 3066 excitavit,

98 3087 124 3127 et
138 3077 264 3128 hortatus
288 3085 328 3126 est
348 3075 496 3141 discipulos
511 3085 538 3125 et
560 3075 628 3125 alios

98 3148 132 3199 ad
155 3147 333 3213 martyrium,
359 3156 385 3197 et
412 3146 454 3198 sui
482 3147 628 3212 sequelam,

99 3221 191 3283 rerb03
208 3220 254 3270 hic
270 3220 322 3270 hoc
335 3220 405 3270 idem
419 3219 481 3269 facit
493 3218 573 3279 facto,
584 3234 630 3269 eos

98 3301 230 3358 tanquam
244 3291 370 3357 Magister
384 3301 412 3341 et
425 3291 520 3341 ductor
531 3305 629 3355 praece-

100 3363 175 3424 dens,
202 3372 229 3412 et
251 3361 328 3427 quasi
350 3361 420 3412 facto
440 3377 499 3420 suo,
514 3361 631 3410 dicens:

100 3436 133 3489 St
142 3435 204 3502 quis
215 3433 272 3484 vult
282 3439 347 3499 post
355 3448 395 3484 me
405 3433 502 3496 venire,
516 3433 631 3498 abneget

101 3508 285 3572 ammissum
301 3512 327 3556 el
338 3507 417 3557 tollat
428 3519 532 3556 marem
545 3520 632 3568 suam,

100 3583 127 3629 et
148 3582 278 3644 sequatur
310 3591 358 3627 me.
389 3576 632 3642 appropinquante

10 3666 13 3707 ξ
102 3663 163 3715 ergo
178 3659 299 3712 tempore
311 3646 448 3697 Passionis
463 3662 529 3707 suae,
543 3646 636 3697 Domi·

10 3720 12 3731 '
102 3738 154 3774 aus
164 3723 253 3781 lesus,
263 3720 311 3787 qui
326 3720 426 3786 pluries
441 3720 554 3786 fugerat,
568 3719 636 3770 inci-

104 3795 143 3861 pit
155 3794 261 3849 teverti.
279 3793 354 3843 Sicut
374 3793 492 3843 enimin
512 3791 635 3858 superio-

105 3865 179 3921 ribus
210 3865 244 3916 ad
282 3874 404 3915 nostram
431 3861 635 3915 instructionem

1139 248 1193 308 >151

665 378 729 413 usus
744 373 785 412 est
798 364 950 429 prudentia,
963 365 1108 416 ostendens
1121 366 1195 431 quod

664 451 712 500 pro
726 436 784 485 loco
798 445 824 486 et
838 447 959 502 tempore
971 436 1088 487 furorem
1106 452 1198 502 perse-

664 507 805 573 quentium
827 519 902 558 caute
928 509 1059 560 debemus
1076 509 1197 561 declina-

665 593 706 640 re;
720 578 757 627 ita
771 594 842 628 nunc
852 580 939 630 utitur
952 579 1120 640 fortitudine,
1133 579 1198 645 quia

664 649 753 701 debito
776 660 896 716 tempore
918 652 1088 713 imminente,
1105 661 1199 718 sponte

665 723 756 783 rediit,
774 733 804 773 ut
831 739 859 774 se
884 724 1006 774 Passioni
1031 725 1147 784 offerret,
1174 732 1199 775 et

665 795 692 844 in
707 795 833 846 manibus
844 797 1063 862 persequentium
1076 797 1200 848 traderet.

666 867 710 916 Sic
738 866 804 917 alias
837 867 889 918 fuit
915 883 981 918 usus
1007 867 1199 933 temperantia,

665 954 727 988 cum
745 937 815 1004 fugit
829 938 971 1001 honorem,
986 939 1094 1004 quando
1114 939 1200 989 turbae

665 1009 810 1058 voluerunt
829 1024 891 1059 eum
912 1009 997 1059 facere
1019 1025 1118 1074 regem,
1139 1019 1200 1059 ete

666 1080 801 1130 contrario
827 1080 878 1130 fuit
905 1095 974 1131 usus
997 1080 1114 1145 justitia,
1140 1094 1202 1130 cum

666 1153 753 1204 voluit
764 1163 892 1219 tanquam
907 1169 954 1203 rex
967 1152 1106 1211 honorari,
1119 1167 1202 1218 quan·

667 1224 703 1273 do
730 1224 846 1289 populus
874 1239 935 1273 cum
963 1223 1046 1274 ramis
1075 1222 1202 1272 arborum

668 1294 783 1344 occurrit
807 1294 911 1358 eidem3
935 1293 1000 1344 satis
1027 1304 1117 1343 tamen
1141 1307 1204 1341 mo-

669 1366 742 1415 deste
761 1366 886 1414 eumdem
907 1365 1040 1415 honorem
1059 1363 1153 1423 voluit,
1178 1374 1203 1412 et

670 1437 730 1486 ideo
752 1437 863 1486 asellum
883 1437 1012 1487 ascendit.
1037 1436 1098 1486 istis
1121 1434 1205 1499 igitur

642 1558 645 1567 ‚
670 1518 785 1574 quatuor
800 1508 945 1559 virtutibus
961 1525 1028 1561 usus
1049 1519 1089 1559 est
1107 1506 1206 1557 Domi-

34 1596 38 1603 ·
79 1580 235 1644 sponderet.
252 1578 292 1627 Ex
305 1593 361 1644 quo
374 1587 444 1643 patet
455 1577 529 1644 quod
545 1587 616 1626 tem·
640 1570 647 1593 ”

80 1667 131 1718 pus
157 1665 215 1701 suae
241 1650 376 1701 Passionis
396 1650 518 1715 praevidit
540 1647 631 1714 quasi

671 1599 723 1633 nus
740 1582 880 1641 virtutum,
897 1591 1006 1647 propter
1022 1591 1143 1632 nostram
1161 1581 1205 1629 in-

671 1653 868 1711 structionem,
896 1652 997 1717 quibus
1023 1667 1118 1701 omnes
1144 1649 1204 1701 aliae

670 1724 783 1774 virtutes
802 1722 917 1771 morales
930 1721 1097 1772 descendunt
1113 1730 1138 1771 et
1155 1722 1205 1771 de-

671 1794 801 1852 rivantur,
820 1801 928 1857 propter
949 1791 1025 1856 quod
1046 1790 1204 1849 cardinales,

671 1881 701 1916 ac
723 1863 882 1930 principales
904 1877 962 1912 esse
980 1862 1117 1911 dicuntur.
1143 1861 1205 1912 Nou

672 1951 735 2001 ergo
754 1933 928 1984 aestimandus
946 1942 985 1984 est
1005 1932 1087 1982 fuisse
1108 1931 1207 1980 incon·

672 2019 746 2058 stans
762 2008 804 2057 rel
826 2004 931 2070 varius;
951 2005 1020 2054 sicut
1041 2019 1089 2066 nec
1109 2000 1208 2067 aliquis

672 2082 751 2144 alius,
764 2080 811 2147 qui
826 2079 974 2129 secundum
987 2079 1107 2129 diversos
1121 2089 1207 2135 casus,

673 2153 702 2203 in
718 2151 831 2201 diversis
845 2164 874 2200 se
888 2160 992 2200 exercet
1004 2148 1159 2200 virtutibus.

706 2238 721 2271 a
747 2221 884 2272 Occursus
903 2237 938 2271 rr
958 2236 1095 2270 sonnatio
1124 2231 1210 2268 υκαι

674 2308 857 2343 nannosonuu.
873 2319 903 2330 --
917 2291 957 2342 Et
963 2291 1072 2357 saelum
1083 2295 1133 2352 est,
1146 2288 1209 2339 dum

676 2364 775 2414 Pascha
793 2364 972 2413 celebraturus
988 2364 1040 2413 iret
1053 2363 1080 2412 in
1092 2362 1210 2412 Jerusa-

675 2438 734 2500 lem,
751 2437 885 2486 transibat
900 2449 952 2501 per
973 2434 1088 2484 mediam
1107 2433 1209 2482 Sama-

676 2509 745 2559 riam
775 2513 801 2556 ει
829 2505 983 2556 Goliloeam.
1010 2501 1128 2554 Samaria
1155 2510 1211 2552 erat

676 2590 746 2629 terra
760 2578 899 2635 Gentium,
913 2575 1023 2626 Galilaea
1038 2575 1209 2636 Judaeorum3

677 2663 703 2702 et
716 2652 775 2701 ideo
790 2649 914 2700 Christus
932 2650 1031 2699 vadens
1051 2647 1084 2696 ad
1105 2645 1212 2695 Passio-

678 2737 750 2782 nem,
765 2719 870 2771 transiit
882 2735 929 2784 per
941 2720 1041 2770 Gentes
1054 2727 1081 2768 et
1094 2717 1107 2766 J
1110 2716 1209 2775 udaeos,

678 2795 746 2843 dans
767 2791 914 2857 intelligere
936 2791 1010 2856 quod
1030 2788 1133 2838 fruetus
1155 2800 1210 2836 sure

680 2862 825 2914 Passionis.
841 2861 870 2911 in
896 2877 990 2910 omnes
1011 2868 1068 2911 erat
1091 2859 1211 2919 futurus,

680 2946 760 3000 atque
774 2934 840 2984 fides
852 2931 972 2982 nominis
985 2932 1041 2996 ejus
1056 2939 1117 2995 post
1136 2943 1212 2978 mor-

681 3017 736 3056 tem
754 3019 781 3054 et
802 3004 909 3054 ludaeos
933 3013 960 3053 et
983 3001 1103 3053 Gentiles
1125 3012 1213 3050 uuum

681 3075 795 3126 debebat
806 3073 910 3125 efficere
927 3075 1068 3140 populum.
1082 3071 1153 3130 Quia
1170 3084 1215 3120 er-

683 3166 716 3217 go
740 3158 796 3198 erat
813 3147 948 3199 discordia
969 3147 1040 3196 inter
1060 3146 1166 3195 ludaeos
1190 3148 1218 3192 et

684 3220 874 3280 samaritanos,
889 3219 947 3285 ipse
966 3218 1037 3268 inter
1049 3227 1178 3279 utrosque
1192 3219 1219 3262 et

685 3307 732 3358 per
751 3290 872 3342 medium
891 3290 1032 3354 utriusque
1048 3297 1126 3336 terrae
1135 3293 1219 3332 trans·

687 3364 734 3424 iit,
751 3373 782 3413 ut
806 3372 934 3428 tanquam
955 3359 1085 3410 mediator
1103 3369 1149 3403 eos
1169 3367 1219 3417 pa-

687 3434 810 3494 cificaret,
824 3434 871 3500 qui
889 3432 922 3482 ad
940 3429 1080 3481 salvandos
1099 3422 1219 3474 Gentiles

686 3517 713 3557 et
732 3508 837 3557 Judaeos
853 3511 968 3554 venerat.
983 3501 1022 3550 Et
1043 3498 1072 3546 in
1096 3494 1221 3559 ingressu

686 3578 826 3642 cujusdam
846 3573 946 3624 castelli
968 3572 996 3620 in
1022 3565 1147 3618 terminis
1169 3564 1221 3614 Sa·

689 3648 790 3711 mariae,
811 3648 986 3698 occurrerunt
1008 3641 1034 3691 ei
1058 3639 1147 3689 decem
1167 3634 1222 3686 riri

689 3718 798 3784 leprosi,
823 3716 887 3782 quia
907 3713 1046 3764 audierant
1069 3710 1169 3759 famam
1189 3706 1223 3757 de

690 3787 859 3839 mirabilibus
890 3782 1002 3835 Christi.
1035 3781 1065 3830 ln
1099 3779 1223 3844 ingressu

676 3858 783 3918 urbia,
808 3866 835 3907 et
863 3866 964 3906 tamen.
981 3859 1042 3903 ante
1071 3852 1222 3916 ingressum
