2632 4320
192 234 241 285 DE
257 230 454 285 EFFUSIONE
469 227 658 281 UNGUENTI
675 225 791 277 SUPER
808 224 927 274 CAPUT
943 222 1034 276 JESU.

46 361 113 406 cunt
134 369 142 402 z
161 350 220 401 Deo
231 355 320 401 autem
333 347 444 414 gratias
460 346 506 412 qui
516 359 584 396 sem-

42 439 97 493 per
113 421 262 488 triumphat
277 434 326 471 nos
341 419 367 469 in
389 417 493 469 Christo
505 415 582 477 Jesu,

47 502 74 547 et
92 493 203 546 odorem
224 490 327 542 notitia
348 503 405 540 sure
427 487 585 552 mam'festat

43 581 97 634 per
112 579 162 616 nos
184 564 210 614 in
230 564 301 614 omni
315 561 388 623 loco,
403 561 466 626 quia
482 557 586 609 Christi

49 639 135 689 bonus
150 635 217 686 odor
234 647 325 684 sumus
338 633 405 682 Deo.
423 629 586 694 Quicunque

49 705 201 774 potentiam
215 704 314 754 divinae
323 703 433 754 virtutis
449 702 516 766 ejus,
526 715 585 766 quae

49 779 92 832 illi
109 793 242 830 unacum
258 777 333 826 Patre
352 784 401 835 est,
416 773 496 839 digna
512 786 586 822 reve-

49 851 139 904 rentia
152 848 302 909 confitetur,
326 848 425 906 laudat,
446 856 472 896 et
488 842 587 911 praedi-

52 932 104 983 cat,
120 930 200 986 caput
219 919 337 986 profecto
354 918 428 968 illius
447 925 587 982 unguento

52 991 173 1060 perfudit
201 989 328 1057 pretioso.
353 989 423 1040 Cum
454 1003 517 1039 vero
541 1001 587 1037 as-

53 1074 170 1129 sumptae
178 1058 306 1128 mysteria
316 1060 502 1120 humanitatis,
511 1073 588 1125 reque

53 1135 137 1201 digna
151 1132 300 1182 reverentia
318 1130 440 1196 suscipit,
460 1130 489 1181 in
508 1130 588 1196 pedes

53 1205 150 1271 utique
174 1203 286 1254 Domini
315 1211 484 1268 unguentum
512 1199 588 1251 nardi

54 1275 196 1343 pisticum,
220 1273 246 1323 id
272 1282 311 1322 est
339 1271 426 1333 fidele,
447 1287 477 1322 ac
494 1285 589 1321 verum

54 1343 184 1412 perfudit,
210 1342 257 1409 qui
286 1341 360 1392 illam
384 1343 441 1406 ejus
466 1350 590 1391 naturam

54 1430 109 1484 qua
139 1424 238 1464 terram
271 1411 437 1478 contingere,
467 1411 521 1461 hoc
551 1420 591 1461 est

54 1488 127 1538 inter
146 1484 274 1534 homines
294 1482 444 1533 conversari
467 1482 591 1548 dignatus

56 1567 106 1618 est,
129 1555 173 1622 pia
200 1553 386 1619 praedicatione
410 1553 591 1612 commendat,

56 1644 86 1681 ac
96 1626 202 1678 devotis
215 1635 355 1676 veneratur
369 1624 515 1691 obsequiis.
533 1624 592 1674 Do-

57 1714 117 1751 mus
144 1706 235 1748 autem
257 1696 363 1762 impleta
386 1703 427 1746 est
449 1711 486 1746 ex
511 1696 593 1746 odore

59 1770 200 1839 unguenti,
229 1770 301 1836 quod
324 1768 458 1836 significat
482 1770 592 1819 odorem

50 1843 211 1898 'sanctitatis
248 1842 350 1892 Christi
385 1843 511 1908 implesse
542 1842 594 1892 Ec·

59 1915 179 1976 clesiam,
205 1914 238 1964 ad
260 1929 342 1980 quem
366 1914 477 1964 odorem
498 1927 593 1962 omnes

58 1988 198 2040 festinant.
209 2005 223 2034 n
236 1985 290 2036 Ubi
305 1996 330 2036 et
346 1985 478 2052 Origenes
491 2002 500 2035 :
515 1983 593 2043 «Qui

61 2058 248 2123 eleemosynas
284 2065 311 2105 et
341 2056 393 2105 alia
423 2055 594 2121 hujusmodi,

61 2144 122 2196 quoe
140 2128 174 2178 ad
197 2126 341 2177 utilitatem
359 2127 502 2178 hominum
517 2125 595 2186 liunt,

62 2199 124 2251 iacit
139 2199 169 2249 in
192 2196 370 2257 Christianos,
385 2198 466 2262 pedes
485 2196 595 2247 Domini

62 2271 152 2338 ungit3
169 2269 216 2336 qui
232 2280 322 2320 autem
333 2269 445 2320 castitati
458 2269 556 2330 studet,
571 2277 597 2318 et

63 2343 92 2394 in
104 2341 215 2408 iejuniis
227 2350 254 2390 et
268 2339 436 2390 orationibus
449 2349 596 2405 permanet,

64 2422 89 2465 et
111 2411 208 2464 ceteris
231 2426 292 2477 quae
306 2419 411 2460 tantum
428 2411 461 2460 ad
485 2410 598 2476 gloriam

65 2483 111 2535 Dei
120 2480 276 2550 proficiunt,
287 2481 364 2546 ungit
373 2491 452 2546 caput
462 2480 573 2532 Christi.
585 2499 599 2527 n

66 2558 127 2617 Aut,
152 2553 274 2605 doctrina
298 2569 359 2620 quae
387 2554 534 2604 necessaria
560 2562 601 2603 est

66 2624 242 2685 hominibus,
265 2634 305 2675 est
330 2625 382 2674 hoc
409 2634 599 2690 unguentum,

68 2712 120 2763 quo
131 2695 213 2763 pedes
225 2695 337 2744 Domini
352 2705 492 2760 unguntur
498 2711 506 2758 ;
522 2695 600 2762 agni-

69 2767 104 2818 tio
120 2777 213 2818 autem
229 2765 302 2826 fidei,
318 2782 378 2832 quae
393 2766 426 2816 ad
439 2767 528 2816 solum
540 2782 601 2832 per-

70 2837 135 2889 tinet
157 2837 256 2894 Deum,
283 2847 324 2886 est
354 2847 524 2902 unguentum
547 2853 602 2904 quo

71 2907 179 2974 ungitur
199 2916 278 2973 caput
298 2907 410 2958 Christi.
433 2907 545 2974 Capillis
559 2924 604 2959 au-

71 2990 122 3030 tem
147 2979 230 3045 pedes
254 2979 385 3045 extergit,
411 2981 459 3047 qui
486 2996 516 3032 ea
543 2997 603 3048 quae

72 3050 158 3101 fluunt
180 3065 197 3100 a
217 3060 307 3100 mente
330 3061 458 3117 tanquam
475 3052 564 3117 capilli
589 3067 604 3102 a

72 3121 163 3188 capite,
176 3122 208 3172 in
221 3121 385 3188 obsequium
399 3123 448 3174 Dei
459 3134 604 3190 retorquet.

73 3191 147 3244 Unde
160 3192 190 3243 in
208 3192 328 3243 Canticis
350 3211 357 3244 :
385 3194 539 3245 Vulnerasti
559 3210 606 3246 cor·

73 3276 164 3326 meum,
189 3275 269 3313 soror
294 3277 360 3326 mea,
374 3277 482 3328 sponsa,
504 3264 530 3314 in
556 3281 606 3316 uno

11 3350 15 3361 ·
73 3334 208 3386 oculorum
233 3340 348 3399 tuorum,
367 3343 394 3386 et
413 3336 440 3386 in
461 3352 512 3387 uno
535 3338 608 3389 crine

73 3404 135 3457 colii
146 3405 196 3469 tui,
222 3405 275 3456 hoc
295 3417 343 3471 est,
371 3408 479 3459 caritate
497 3409 608 3461 affecisti

75 3491 125 3537 me,
151 3486 263 3542 propter
291 3477 492 3544 simplicitatem
522 3481 610 3530 oculo.

75 3562 134 3598 rum
156 3557 269 3598 tuorum
286 3564 330 3598 me
355 3551 608 3616 contemplantium,

74 3628 99 3670 ct
131 3629 244 3687 propter
273 3619 474 3684 simplicitatem
502 3632 609 3674 tuarum

72 3688 280 3757 cogitationum,
301 3691 406 3756 quaein
423 3707 466 3743 me
481 3693 610 3744 continue

73 3759 240 3827 diriguntur.
263 3761 321 3810 Hoc
337 3760 411 3811 enim
431 3764 513 3813 modo
527 3764 609 3815 devo-

10 3890 12 3899 ,
73 3830 158 3883 tionis
175 3832 323 3898 extergitur
336 3847 352 3883 a
366 3833 480 3899 pedibus
508 3835 608 3886 Christi

1118 243 1165 296 191

636 340 771 408 quidquid
793 340 879 391 ineis
897 350 937 392 est
956 341 1124 395 lassitudinis
1144 359 1171 400 et

637 412 778 473 tarditatis,
799 413 900 480 quibus
913 415 945 464 ad
961 431 1011 465 nos
1024 416 1170 483 aliquando

637 485 724 536 tardat
744 483 843 534 venire.
867 484 903 534 Et
926 487 1074 537 notandum
1097 491 1171 556 quod

639 557 689 606 hac
702 555 756 616 die,
776 553 876 605 scilicet
889 557 1008 617 sabbato,
1021 575 1076 626 quo
1089 562 1172 612 Maria

637 627 702 678 lavit
728 627 808 693 pedes
831 626 943 676 Domini
965 641 1118 695 unguento,
1144 633 1172 682 in

639 700 799 751 memoriam
823 698 903 764 hujus
925 701 973 761 rei,
994 704 1089 753 eodem
1108 706 1173 756 sab-

639 771 701 821 bato
723 769 859 820 Dominus
878 770 950 836 Papa
970 774 1111 824 consuevit
1125 791 1174 826 va-

638 857 716 902 care,
751 851 777 891 et
812 840 952 891 intendere
991 845 1174 909 pauperibus,

639 911 729 963 dando
751 911 951 977 eleemosynas,
967 922 992 962 et
1011 914 1090 978 pedes
1105 931 1175 980 pau-

641 999 735 1050 perum
743 982 871 1046 lavando;
883 998 1012 1048 pauperes
1024 985 1098 1034 enim
1111 998 1176 1038 sunt

641 1055 722 1121 pedes
736 1053 848 1103 Domini
864 1054 981 1104 sedentis
995 1054 1023 1104 in
1036 1057 1111 1119 coela,
1124 1058 1175 1108 ad-

641 1125 695 1175 huc
708 1123 910 1174 deambulantes
922 1123 950 1174 in
965 1135 1041 1176 terra.
1060 1127 1089 1176 ln
1100 1143 1176 1178 coena

642 1198 716 1249 enim
735 1198 858 1258 Domini,
882 1208 991 1264 propter
1012 1200 1093 1250 officii
1115 1217 1177 1253 ma·
1226 1236 1230 1242 ·

642 1270 830 1338 gnitudinem,
852 1272 885 1321 ad
901 1272 953 1322 hoc
967 1289 1022 1323 non
1038 1283 1110 1325 vacat
1132 1274 1178 1325 in·

642 1342 760 1402 tendere,
796 1352 835 1404 et,
850 1344 1007 1395 mandatum
1035 1346 1177 1397 celebrare.

643 1414 726 1478 Cujus
750 1412 788 1462 rei
815 1413 996 1479 occupatione,
1020 1416 1115 1468 eadem
1134 1417 1179 1468 die

644 1486 787 1536 stationem
807 1486 840 1535 ad
860 1486 972 1537 missam
992 1490 1178 1541 celebrandam

644 1572 699 1606 non
715 1555 874 1615 facit,1sicut
887 1557 982 1607 ceteris
995 1558 1091 1610 diebus
1105 1560 1179 1619 Qua-

644 1625 800 1691 dragesimae
813 1625 899 1675 facere
913 1629 1065 1692 consuevit;
1081 1640 1107 1680 et
1119 1630 1179 1680 ideo

644 1706 719 1747 vacat
736 1696 787 1746 hoc
806 1696 945 1747 sabbatum
957 1713 972 1748 a
984 1700 1094 1765 proprio
1108 1701 1178 1751 mis-

645 1782 681 1817 sae
695 1765 794 1817 officio.

679 1836 693 1887 5
720 1837 874 1887 lunrounrro
903 1853 937 1887 er
964 1855 1078 1890 uuauua
1104 1841 1180 1890 iunia

647 1912 808 1961 Iscintoras.
833 1939 864 1948 -
882 1911 1076 1978 Indignabatur
1089 1924 1180 1964 autem

647 1993 673 2034 et
687 1983 874 2033 murmurabat
894 1984 991 2035 dehoc
1008 1986 1077 2036 facto
1090 1987 1181 2037 Mariae

646 2053 736 2104 Jtcrias
756 2053 911 2118 iscariotes,
932 2056 1043 2107 dicens:
1057 2095 1106 2108 .....
1130 2058 1183 2108 Ut-

648 2123 712 2189 quid
729 2123 848 2188 perditio
872 2125 929 2176 hac
953 2128 1082 2192 unguenti
1100 2128 1182 2193 sacta

649 2195 718 2245 est?
755 2196 868 2247 Putabat
903 2197 977 2248 enim
1011 2208 1182 2265 unguentum

650 2265 794 2332 perditum,
821 2279 929 2334 propter
956 2270 1008 2320 hoc
1031 2271 1104 2335 quod
1127 2286 1183 2320 non

652 2339 766 2389 habebat
779 2340 850 2405 apud
872 2357 900 2391 se
919 2343 1053 2408 pretium;
1078 2343 1107 2392 in
1129 2359 1183 2410 quo

651 2409 733 2459 verbo
745 2425 800 2459 non
813 2412 902 2460 solum
915 2413 1070 2478 increpabat
1087 2414 1185 2463 mulie-

653 2495 720 2540 rem,
746 2494 829 2544 quare
852 2481 905 2531 hoc
934 2481 1055 2543 faciebat,
1082 2484 1129 2532 sed
1158 2493 1184 2532 et

653 2549 794 2600 Christum
808 2550 856 2615 qui
871 2552 922 2601 hoc
936 2551 994 2602 fieri
1005 2553 1185 2617 permittebat.

655 2619 721 2670 Ecce
746 2621 819 2685 quod
846 2621 873 2670 in
898 2622 1060 2688 obsequium
1085 2622 1185 2672 Christi

654 2689 819 2754 ponebatur,
838 2692 973 2756 perditum
998 2694 1186 2759 reputabatur3

654 2761 744 2813 simile
770 2762 854 2829 aliqui
885 2763 1004 2826 faciunt,
1032 2765 1080 2831 qui
1104 2781 1187 2816 omne

655 2835 728 2902 quod
749 2851 781 2885 ex
795 2837 937 2888 devotione
951 2839 1007 2889 Deo
1024 2839 1053 2888 in
1069 2840 1189 2890 oratione

655 2907 698 2957 vel
710 2907 886 2959 meditatione
901 2909 1075 2975 impenditur,
1096 2911 1188 2977 perdi-

658 2989 717 3028 tum
734 2993 791 3028 esse
811 2978 913 3042 dicunt,
931 2981 995 3047 quia
1015 2998 1064 3033 nos
1078 2981 1189 3033 utilitati
1206 3041 1209 3050 ν

659 3051 845 3116 proximorum
857 3052 996 3104 intendere
1006 3071 1059 3104 non
1069 3064 1189 3106 cernunt.

658 3122 788 3173 Similiter
804 3123 828 3174 si
847 3124 946 3191 aliquis
972 3127 1132 3194 religionem
1153 3128 1192 3177 in·

659 3202 719 3253 trat,
733 3193 814 3244 talem
832 3196 911 3246 multi
926 3197 1029 3248 fatuum
1048 3206 1190 3263 reputant;

659 3264 683 3314 si
696 3273 786 3314 autem
801 3265 906 3317 actibus
915 3268 1081 3319 secularibus
1094 3283 1122 3318 se
1136 3267 1192 3316 im-

661 3337 756 3404 plicet,
780 3339 861 3389 talem
885 3341 1045 3406 prudentem
1070 3354 1128 3390 esse
1154 3338 1195 3387 di·

661 3417 736 3459 cunt.
752 3407 829 3459 Unde
849 3411 1029 3461 communiter
1048 3409 1146 3459 dicitur
1160 3408 1193 3460 de

662 3497 785 3547 persona,
794 3498 858 3532 cum
873 3484 969 3534 debilis
985 3494 1025 3534 est
1036 3493 1063 3534 et
1076 3483 1195 3547 infirma,

662 3552 735 3617 quod
760 3552 830 3602 nihil
853 3555 936 3613 valet,
951 3553 1004 3603 nisi
1025 3554 1059 3604 ad
1075 3553 1194 3603 dandum

662 3639 712 3688 pro
729 3623 795 3675 Deo.
817 3625 870 3674 Res
884 3623 964 3674 etiam
979 3639 1050 3690 saepe
1071 3639 1119 3689 pro
1137 3624 1194 3673 Deo

664 3709 719 3744 non
743 3695 850 3758 dantur,
873 3695 958 3746 donec
977 3696 1137 3746 deteriorare
1152 3695 1196 3745 vi-

662 3767 768 3819 dentur.
788 3768 863 3819 Unde
877 3767 992 3819 dicitur:
