2632 4320
267 246 314 296 DE
330 245 450 296 DlVlTE
465 243 635 297 EPULONE
654 242 702 294 ET
712 201 860 297 'marco
877 246 1046 298 MENDICO.

93 362 204 447 lationis
236 371 421 430 augmentum.
451 362 530 414 Unde
556 360 630 410 Boe-

92 444 170 488 trus:

122 579 240 631 Dulcior
254 586 297 630 est
308 593 387 646 mum
401 591 482 643 mage
497 576 584 639 labor,

126 650 161 701 Si
175 650 267 700 malus
276 664 327 700 ora
335 649 417 715 prius
430 661 514 712 sapor
527 645 598 697 edat.

93 791 173 842 Forte
196 790 284 841 dives·
299 791 349 841 iste
369 789 472 854 aliquid
493 786 557 838 boni
580 786 630 836 ha-

94 861 162 922 buit,
176 861 251 927 quod
267 860 380 911 felicitas
393 859 557 910 transeuntis
568 857 630 908 vitre

95 931 293 994 remuneravi13
322 942 350 982 et
384 932 500 981 Lazarus
525 927 629 995 aliquid

96 1003 168 1062 mali,
188 1001 264 1068 quod
286 1001 359 1068 ignis
379 1001 477 1066 inopiae
498 998 631 1068 purgavit.

96 1072 131 1124 Et
151 1073 224 1132 ideo,
248 1073 394 1122 secundum
414 1071 587 1138 Gregorium,
607 1067 631 1119 si

96 1143 228 1194 honorem
248 1144 291 1194 vel
314 1143 431 1204 divitias,
456 1158 504 1193 seu
528 1139 631 1208 aliquid

95 1215 167 1268 aliud
189 1216 330 1267 exterioris
345 1217 409 1266 boni
423 1216 472 1286 ¹vel
493 1213 632 1282 prosperi-

96 1286 155 1337 tatis
170 1287 199 1337 in
218 1288 271 1338 boc
285 1288 388 1339 mundo
401 1287 559 1353 accipimus,
570 1300 632 1352 per-

96 1356 236 1407 timescere
256 1358 396 1416 debemus,
419 1371 452 1407 ne
476 1355 555 1406 nobis
584 1369 632 1421 pro

96 1429 277 1496 quorumdam
294 1440 448 1480 nostrorum
461 1439 570 1479 actuum
589 1427 634 1477 bo

97 1517 194 1552 norum
223 1501 473 1568 recompensatione
497 1499 633 1550 Dominus

97 1573 207 1632 dederit,
223 1583 249 1623 et
272 1588 287 1623 a
306 1572 484 1623 retributione
507 1571 571 1622 boni
588 1570 633 1620 in-

97 1643 156 1693 timi
171 1642 300 1708 repellat;
321 1653 347 1694 et
370 1642 394 1692 si
415 1657 545 1709 pauperes
566 1641 634 1692 forte

98 1713 326 1780 reprehensibiles
339 1712 529 1778 conspicimus,
543 1711 634 1778 despi-

98 1799 154 1836 cere
178 1800 236 1834 non
263 1784 403 1847 debemus,
430 1783 495 1850 quia
521 1782 635 1832 fortasse

98 1869 142 1906 eos
173 1855 299 1906 caminus
331 1854 494 1922 paupertatis
527 1864 633 1921 purgat.

99 1927 204 1978 Habent
215 1927 281 1992 justi
294 1927 366 1978 bona
378 1927 530 1989 mundana;
544 1927 591 1976 sed
605 1925 634 1974 in

99 2000 377 2066 recompensationem
394 2000 554 2050 meritorum
568 2013 634 2054 suo,-

100 2084 158 2121 rum
174 2086 229 2120 non
249 2071 396 2136 recipiunt,
411 2070 474 2137 quia
490 2070 523 2120 ad
538 2079 636 2120 aeterna

99 2141 198 2192 sanctis
218 2141 363 2191 desideriis
387 2151 550 2201 aestuantes,
574 2155 635 2208 quae

99 2211 197 2262 adeunt
217 2211 333 2261 minima
353 2211 421 2262 bona
439 2221 573 2278 reputant.
588 2213 636 2260 ln-

100 2282 161 2346 justi
191 2298 255 2335 vero
287 2300 369 2334 omne
392 2284 521 2350 gaudium
554 2298 635 2334 suum

100 2353 256 2406 felicitatem
287 2354 471 2405 transitoriam
500 2363 635 2422 putantes,

101 2425 234 2477 exteriora
256 2426 319 2482 sola
339 2440 447 2476 summa
469 2425 540 2476 bona
560 2424 637 2476 aesti-

102 2509 186 2551 mant.
202 2499 282 2550 Unde
293 2499 504 2566 Chrysostomus
515 2516 524 2549 .·
537 2517 552 2545 u
564 2497 638 2549 Dixit

103 2572 184 2624 etiarn
200 2589 207 2623 ι
223 2572 361 2639 Recepisti
383 2573 451 2622 bona
469 2571 496 2621 in
509 2572 565 2621 vita
579 2577 636 2633 tua,

102 2644 178 2710 quasi
193 2643 293 2694 debita.
307 2646 346 2694 Ac
359 2640 498 2694 situicerer
509 2660 515 2694 ι
527 2643 554 2693 Si
572 2643 637 2708 quid

104 2714 169 2765 boni
188 2713 376 2774 reostende
396 2714 540 2780 praemium
557 2713 639 2763 debe-

104 2796 185 2847 retur,
202 2786 297 2836 omnia
311 2786 437 2852 recepisti
450 2786 479 2835 in
494 2785 541 2836 illo
555 2801 639 2836 mun·

105 2857 167 2908 do:
188 2858 323 2923 epulans,
349 2856 463 2918 ditatus,
491 2857 640 2907 oblectatus

105 2929 276 2980 secessibus
300 2928 449 2994 prosperis.
475 2928 528 2980 Hic
550 2937 639 2978 autem

106 2998 130 3062 si
152 2998 221 3064 quid
252 2999 315 3049 mali
343 2998 489 3059 commisit,
516 2998 641 3049 universa

105 3069 207 3135 recepit
221 3087 229 3120 z
242 3080 402 3136 paupertate,
417 3070 496 3130 fame,
512 3079 538 3120 et
552 3079 642 3120 extre-

108 3140 160 3192 mis
174 3155 322 3206 oppressus
335 3141 470 3205 miseriis3
489 3150 516 3190 et
529 3149 642 3206 uterque

108 3223 225 3277 rostrum
257 3215 309 3264 huc
337 3217 426 3266 nudus
450 3214 569 3278 accessit,
599 3214 643 3264 hic

108 3287 220 3354 quidem
236 3288 269 3338 de
291 3289 416 3354 peccatis,
439 3288 642 3354 propterquod

108 3369 135 3410 et
156 3360 366 3411 consolationem
390 3361 509 3420 sortitur,
535 3370 566 3410 tu
581 3375 644 3410 vero

109 3444 125 3479 a
143 3429 257 3494 justitia,
273 3443 382 3496 propter
397 3431 470 3496 quod
484 3440 511 3481 et
526 3429 644 3481 immiti-

110 3499 226 3564 mbilem
242 3500 344 3565 perfers
357 3517 473 3567 poenam.
491 3520 507 3548 s>

143 3588 172 3624 rr
199 3573 276 3624 Boua
295 3589 329 3624 ar
343 3590 414 3624 uana
429 3590 500 3624 viras
517 3586 644 3623 ararum

111 3669 141 3709 -ss
153 3642 233 3695 Unde
245 3643 367 3709 sequitur
382 3661 389 3694 :
406 3645 488 3695 Nunc
498 3650 589 3694 autem
602 3643 646 3694 hir

111 3715 274 3778 cormolatur,
290 3714 391 3767 scilicet
410 3724 508 3766 aeterna
521 3714 646 3768 consola·

111 3783 195 3845 tione,
216 3799 266 3850 pro
287 3786 392 3837 modica
415 3785 596 3847 tribulatione,
619 3793 646 3835 et

111 3865 221 3923 propter
234 3855 360 3907 meritum
374 3856 527 3924 patientiae3
544 3863 571 3907 tu
583 3869 646 3907 vero

1166 248 1214 300 131

684 361 824 423 moriaris,
849 362 950 413 scilicet
970 374 1070 414 aterno
1089 363 1218 423 cruciatu,

685 434 889 497 protemporali
910 434 1096 495 delectatione,
1117 444 1143 485 et
1161 451 1220 501 pro

684 513 743 568 pter
775 503 909 554 defectum
949 505 1149 556 misericordiae.
1184 506 1220 557 Ut

683 573 756 623 enim
783 573 847 623 dicit
873 574 1027 642 Gregorius
1049 593 1057 626 .·
1079 592 1092 621 u
1112 577 1219 627 lustum

684 655 724 695 est
746 654 776 696 ut
798 644 827 695 in
843 660 872 695 se
890 647 1011 696 dolorem
1028 647 1156 707 inveniat,
1169 648 1217 714 qui

683 717 775 767 relicto
794 733 857 768 vero
886 718 995 783 gaudio,
1023 718 1051 769 in
1078 734 1106 770 se
1131 730 1158 769 et
1186 719 1215 770 in

684 791 787 840 mundo
814 791 910 856 gaudia
941 806 1009 842 vana
1030 792 1175 857 quaerebat.
1202 811 1216 839 »

685 859 761 910 Unde
780 860 938 911 Bernartius
958 877 996 909 :a
1016 860 1146 922 Quantos,
1172 861 1218 912 iu·

683 931 752 996 quit,
775 932 872 982 videtis
894 942 921 982 et
941 931 991 998 ipsi
1016 932 1129 983 lazaros
1152 949 1218 985 esu-

683 1002 794 1063 rientes,
808 1004 905 1064 nudos,
921 1013 1053 1070 aegrotos;
1070 1014 1096 1054 et
1111 1005 1172 1070 plus
1186 1006 1218 1057 de

684 1075 811 1138 jumentis
837 1076 943 1136 vestris,
969 1077 1031 1143 plus
1061 1073 1106 1125 de'
1123 1092 1216 1140 eorum

684 1146 803 1212 phaleris
818 1163 901 1214 quam
918 1147 951 1197 de
971 1146 1085 1196 istorum
1100 1147 1219 1197 miseriis

684 1215 821 1282 cogitatis?
837 1218 890 1267 Sed
904 1217 936 1267 ad
951 1217 1121 1267 tremendum
1136 1217 1219 1268 Abra·

685 1287 728 1338 hae
743 1287 874 1353 judicium
899 1288 1049 1339 veniamus.
1064 1287 1124 1337 Non
1144 1286 1220 1337 enim

684 1359 810 1418 Abmhm,
825 1360 871 1410 sed
885 1358 995 1409 Domini
1009 1358 1143 1409 sententia
1154 1365 1195 1408 est
1212 1373 1219 1406 :

685 1429 829 1493 Memento,
858 1431 951 1495 inquit,
969 1430 1025 1496 fili,
1052 1430 1123 1495 quod
1146 1441 1222 1480 rece-

681 1502 750 1568 pisti
772 1502 839 1552 bona
855 1502 882 1552 in
902 1502 957 1551 vita
972 1508 1028 1564 tua,
1049 1508 1075 1551 et
1096 1502 1222 1568 Lazarus

686 1572 810 1622 similiter
837 1572 919 1622 mala.
950 1573 1031 1622 Nunc
1061 1578 1150 1622 autem
1177 1570 1221 1621 hic

686 1646 849 1706 consolatur,
866 1650 895 1694 tu
906 1659 968 1695 vero
982 1645 1126 1695 cruciaris.
1143 1645 1221 1694 llaec·

687 1716 746 1766 cine
773 1716 940 1766 cruciatuum
970 1729 1049 1765 causa
1079 1725 1133 1765 tota
1163 1724 1221 1773 est,

687 1786 760 1852 quod
777 1785 805 1834 in
822 1786 874 1835 hoc
898 1785 987 1834 seculo
1013 1785 1084 1834 bona
1106 1781 1222 1849 recepit?

688 1859 747 1923 Ipsa
763 1856 850 1923 plane.
866 1855 959 1921 Neque
972 1853 1045 1903 enim
1060 1853 1093 1904 ad
1107 1854 1159 1903 boc
1172 1867 1222 1904 nos

688 1926 811 1992 paradiso
845 1924 992 1990 voluptatis
1025 1923 1221 1974 animadversio

687 1998 779 2048 divina
798 1997 907 2063 ejecisse
928 1996 1044 2055 videtur,
1061 2005 1091 2045 ut
1108 1995 1221 2045 alterum

689 2069 741 2120 sibi
764 2068 807 2118 hic
831 2067 984 2134 paradisum
1000 2065 1156 2117 adinventio
1169 2065 1222 2115 hu-

689 2159 768 2195 mana
788 2153 906 2209 pararet;
927 2141 973 2192 sed
992 2150 1024 2191 ut
1044 2139 1072 2189 in
1093 2139 1181 2190 cinere
1197 2149 1223 2189 et

689 2215 777 2266 cilicio
802 2214 938 2264 miseriam
961 2227 1017 2262 suae
1042 2209 1224 2261 subversionis

688 2287 846 2352 deploraret.
861 2285 986 2334 Ceterum
1001 2281 1023 2331 si
1038 2281 1077 2331 sic
1087 2279 1223 2331 cruciandi
1270 2313 1273 2317 -

689 2367 754 2407 sunt
775 2356 822 2423 qui
841 2356 871 2405 in
890 2354 945 2404 vita
965 2367 1013 2404 sua
1029 2354 1101 2402 bona
1114 2365 1224 2415 recepe-

689 2436 761 2489 runt,
786 2435 811 2475 et
830 2423 992 2474 habentibus
1006 2420 1220 2471 consolationem

688 2505 848 2561 praesentem
864 2507 906 2543 vae
921 2491 1068 2556 repositum
1091 2498 1129 2538 est
1152 2503 1225 2538 sem-

690 2566 837 2631 piternum,
857 2561 985 2628 quisnam
1008 2574 1103 2608 eorum
1127 2556 1224 2623 poterit

691 2653 749 2689 esse
767 2636 837 2695 linis,
856 2635 878 2685 si
896 2633 1046 2684 secundum
1068 2629 1223 2680 multitudi-

693 2725 754 2760 nem
776 2706 994 2758 consolationum
1008 2719 1128 2765 suarum,
1144 2702 1224 2752 dolo-

692 2799 734 2834 res
751 2778 977 2847 apprehenderint
989 2778 1096 2828 animas
1109 2775 1225 2825 misero-

693 2854 773 2904 rumt
795 2852 972 2916 Consequens
988 2848 1063 2898 enim
1077 2847 1183 2896 videtur
1196 2854 1225 2893 ut

693 2926 764 2975 bona
785 2921 886 2981 omnia,
909 2931 935 2971 et
950 2933 1057 2970 omnem
1073 2915 1155 2967 seculi
1171 2915 1225 2964 hu·

693 2996 736 3060 jus
771 2991 961 3057 recipientibus
996 2986 1224 3046 consolationem3

694 3063 875 3115 nihilominus
889 3062 1047 3112 universum
1066 3073 1104 3108 vae
1118 3068 1144 3108 et
1161 3055 1226 3118 uni,-

693 3137 762 3187 versi
776 3144 901 3186 maneant
921 3133 1063 3184 cruciatus.
1076 3132 1112 3180 At
1125 3144 1189 3179 vero
1201 3136 1226 3177 et

695 3207 761 3258 illud
778 3217 857 3273 atque
870 3222 902 3256 ex
917 3206 1010 3256 eadem
1030 3201 1146 3252 Abrahae
1162 3214 1227 3247 sen-

696 3280 781 3332 tentia
805 3278 1005 3343 conjiciendum
1031 3275 1153 3327 videtur,
1169 3284 1228 3348 ’eos

696 3353 744 3420 qui
767 3349 900 3402 eontrario
934 3347 1006 3399 ducti
1029 3342 1126 3409 spiritu
1150 3349 1228 3405 ritae,

697 3421 837 3488 praesentia
850 3419 941 3470 omnia
958 3416 1028 3466 bona
1042 3419 1182 3476 respuunt,
1203 3419 1230 3475 et

692 3497 801 3563 ,eligunt
815 3495 899 3558 mala;
918 3491 1012 3542 omnia
1025 3489 1095 3538 bona
1114 3481 1230 3563 ‘Domini

697 3557 1233 3618 etomnemhabiturosconsolatronem.r›

699 3639 734 3689 Et
746 3639 844 3688 iterum
856 3652 863 3684 ε
877 3653 890 3680 u
903 3632 931 3683 Si
950 3632 983 3680 de
997 3639 1136 3694 poenarum
1151 3621 1235 3688 dimi-

699 3709 810 3759 nutione
833 3703 959 3756 solatium
983 3696 1099 3764 prebere
1116 3695 1234 3751 voluero,

698 3780 814 3833 crudelis
838 3792 900 3836 ero,
933 3783 959 3823 et
988 3785 1043 3820 non
1071 3765 1232 3817 misericors.

699 3853 836 3915 Quantum
846 3847 920 3899 enim
932 3841 1088 3896 subtraham
1102 3839 1135 3889 de
1147 3851 1239 3904 poenas
