2632 4320
150 257 203 307 114

105 400 108 405 .
147 359 201 422 uia,
216 365 258 410 est
275 373 335 425 quae
351 358 424 409 ducit
444 359 481 409 ad
490 359 675 425 perditionem,

148 436 174 481 et
187 430 339 481 multisunt
359 429 404 496 qui
423 428 526 481 intrant
536 445 587 496 per
608 444 676 480 eam.

148 501 236 563 Quem
250 507 369 566 angusta
384 507 475 565 porta,
497 507 523 552 et
542 507 618 551 arcta
633 501 677 565 uia

147 580 196 636 est,
212 587 272 640 quae
293 573 366 623 ducit
385 573 536 636 advitam,
554 578 580 623 et
595 571 679 638 pauci

149 650 211 694 sunt
229 643 275 708 qui
290 643 427 692 inveniunt
439 644 517 694 eam!
531 643 680 709 Dupliciter

147 724 237 764 autem
250 723 326 763 vocat
342 728 392 763 nos
403 713 476 764 Deus
490 731 497 764 ι
512 713 538 763 in
554 712 679 779 prasenti

79 816 81 820 ·
148 787 181 838 ad
194 787 324 847 laborem,
339 786 367 836 in
389 786 480 838 futuro
500 787 533 837 ad
548 787 678 854 requiem.

436 243 610 293 SECUNDAE
624 240 749 291 PARTIS
765 242 882 295 CAPUT
894 247 964 297 XIV.

730 356 765 407 tis
778 358 914 424 prioribus
928 378 984 412 non
1001 363 1039 414 sic
1054 363 1221 417 ferventibus
1235 366 1263 419 in

731 429 843 492 praemio
862 432 988 483 anteferri
1018 450 1025 483 :
1049 453 1064 480 n
1086 434 1145 485 haec
1171 436 1265 506 Chry·

730 507 872 553 sostomns.
888 504 985 555 Nullus
999 521 1063 572 ergo
1075 506 1264 573 desperationi,

732 573 823 623 nullus
844 575 918 625 locus
936 586 1018 626 restat
1031 578 1207 641 excusationi,
1226 579 1266 631 si-

731 643 841 708 quidem
861 644 982 696 inomni
1006 657 1082 698 aetate
1098 660 1124 699 et
1141 649 1169 699 in
1190 651 1265 703 omni

732 713 799 764 hora
813 726 934 781 peccator
947 717 1093 784 suscipitur
1108 735 1115 769 :
1129 721 1264 773 Peccator

732 786 805 836 enim
833 803 987 856 quacunque
1020 790 1088 841 hora
1119 807 1265 846 conversus

149 860 227 913 Unde
241 874 350 910 necesse
367 868 407 911 est
422 871 452 910 ut
466 860 620 927 quicunque
634 860 679 910 fu·
725 857 816 923 suerii
835 867 861 912 et
878 862 1046 928 ingemuerit,
1066 863 1122 914 uita
1142 865 1222 928 vivet,
1241 872 1267 918 et

148 942 236 984 turam
262 933 509 984 remunerationem
532 932 679 993 desiderat,

149 1013 306 1071 praesentem
332 1020 387 1054 non
412 1003 526 1070 refugiat
547 1005 678 1066 laborem;

149 1077 215 1143 quia
226 1077 266 1128 illi
279 1077 326 1144 qui
342 1093 390 1143 pro
404 1078 459 1127 Deo
471 1076 584 1128 fideliter
598 1077 681 1128 susci-

147 1148 230 1216 piunt
244 1149 374 1207 laborem,
393 1147 506 1199 feliciter
524 1148 680 1215 pervenient

148 1220 182 1270 ad
207 1219 471 1280 remunerationem,
500 1220 607 1285 quando
629 1235 680 1269 au·

147 1289 223 1339 client
237 1289 325 1338 Deum
345 1288 478 1338 dicentem
499 1306 507 1338 ε
536 1290 627 1340 Venite
643 1289 681 1339 ad

146 1374 189 1409 me
208 1371 299 1411 omnes
318 1359 365 1425 qui
386 1359 518 1409 laboratis
533 1366 559 1409 et
576 1361 681 1411 onerati

146 1430 221 1493 estis,
237 1435 263 1479 et
278 1443 330 1494 ego
344 1429 465 1496 reficiam
480 1444 536 1480 vos.
550 1430 588 1480 Et
606 1440 679 1481 tanto

146 1501 276 1566 majorem
288 1501 529 1552 remunerationem
540 1502 679 1568 accipient,

147 1583 246 1641 quanto
259 1574 388 1638 majorem
403 1575 521 1625 laborem
536 1575 679 1635 sustinent,

146 1644 221 1709 quia,
235 1654 302 1695 teste
318 1646 472 1710 Apostolo:
495 1647 681 1712 Unusquisque

144 1716 287 1781 propriam
308 1717 454 1768 mercedem
475 1718 621 1768 secundum
639 1719 680 1767 la-

148 1787 240 1837 borem
261 1803 341 1838 suum
355 1789 478 1856 accipitet.
498 1789 601 1839 Omnes
616 1804 680 1855 ergo

146 1859 195 1926 qui
209 1861 293 1911 vocati
309 1876 413 1922 sumus,
428 1861 569 1925 novimus;
587 1871 679 1912 utrum

147 1949 210 1984 vero
235 1933 322 1994 electi,
343 1935 432 1984 adhuc
454 1934 620 2000 ignoramus.
647 1936 680 1985 Et

147 2003 208 2053 ideo
231 2012 306 2052 tanto
327 2003 497 2054 sollicitiores
518 2020 575 2055 esse
599 2005 680 2056 debe-

147 2089 210 2125 mus
227 2073 256 2124 in
273 2075 345 2125 bono
368 2091 457 2141 opere,
478 2087 580 2143 quanto
600 2077 679 2127 inex-

147 2145 279 2195 cusabiles
297 2163 347 2196 nos
363 2162 421 2197 esse
435 2147 536 2198 scimus
551 2149 584 2198 de
599 2164 680 2198 voca-

146 2216 232 2268 tione.
264 2218 342 2268 Unde
371 2219 525 2285 Gregorius
549 2237 559 2271 :
584 2238 597 2266 u
620 2221 679 2271 Duo

146 2302 210 2353 ergo
222 2298 295 2348 sunt,
313 2304 373 2353 quae
387 2288 499 2339 sollicite
513 2305 625 2356 pensare
638 2291 680 2341 de-

146 2357 242 2409 bemus
258 2375 264 2408 :
278 2358 399 2424 primum
414 2365 462 2421 est,
478 2370 509 2411 ut
522 2361 556 2410 de
569 2376 597 2411 se
605 2361 680 2428 quis·

142 2444 200 2499 que
226 2432 339 2483 minime
361 2443 516 2499 praesumat,
542 2433 606 2500 quia
629 2435 678 2485 etsi

143 2502 196 2569 jam
210 2504 243 2554 ad
255 2503 337 2555 fidem
347 2514 457 2556 vocatus
466 2505 511 2567 sit,
521 2515 612 2557 utrum
624 2521 680 2572 per-

143 2575 209 2625 euni
228 2591 310 2642 regno
333 2576 431 2643 dignus
448 2576 492 2638 sit,
509 2576 608 2640 nescit,
634 2591 679 2626 sc-

143 2649 264 2699 oandum
286 2667 348 2701 vero
369 2661 418 2712 est,
441 2660 472 2702 ut
490 2650 679 2718 unusquisque

144 2718 315 2783 proximum,
331 2735 412 2786 quem
427 2721 510 2784 jacere
523 2720 636 2771 fortasse
650 2721 679 2770 in

144 2786 219 2838 titiis
240 2789 382 2854 conspicit,
403 2790 543 2854 desperare
558 2806 613 2839 non
627 2806 679 2840 au-

144 2855 215 2920 deat,
229 2858 293 2924 quia
308 2859 407 2911 divinae
424 2858 615 2910 misericordiae
636 2861 679 2909 di-

144 2927 225 2980 vitias
236 2929 350 2995 ignorat.
367 2931 439 2992 Quid
452 2931 526 2982 enim
542 2932 578 2982 sit
588 2931 678 2992 hodie,

143 2999 308 3065 aspicimus3
336 3004 383 3053 sed
404 3002 470 3070 quid
493 3019 551 3055 cras
572 3002 679 3054 futurus

145 3067 181 3120 sit
192 3072 389 3139 unusquisque,
403 3073 548 3125 nescimus.
562 3074 679 3125 Plerum-

144 3155 208 3209 que,
227 3152 253 3193 et
271 3144 319 3210 qui
342 3156 402 3210 post
416 3161 467 3197 nos
484 3146 576 3197 venire
591 3146 678 3197 cerni-

144 3224 199 3281 tur,
213 3233 262 3283 per
277 3219 424 3285 agilitatem
443 3220 509 3270 boni
524 3221 613 3287 operis
628 3237 678 3271 nos

142 3288 288 3354 antecedit;
311 3300 337 3342 et
356 3290 480 3343 vitreum
503 3307 560 3343 cras
582 3307 678 3358 seque-

143 3374 215 3422 mur,
236 3376 320 3427 quem
344 3361 426 3413 hodie
448 3363 542 3429 preire
565 3362 677 3413 videba-

141 3447 213 3483 mur.
234 3451 248 3480 u
272 3432 349 3483 Unde
375 3444 401 3485 et
431 3434 643 3500 chrysostomus
668 3452 676 3484 :

140 3502 230 3563 «ilaec
240 3505 367 3570 parabola
376 3504 464 3570 posita
473 3513 520 3565 est,
529 3513 561 3554 ut
570 3503 617 3570 qui
627 3514 677 3554 tar·

140 3572 174 3623 de
188 3584 381 3627 convertuntur
395 3591 452 3625 non
465 3576 615 3640 desperent,
629 3576 676 3625 sed

122 3643 124 3649 '
140 3642 273 3697 aridiores
286 3645 368 3712 fiant;
383 3644 513 3712 quoniam
528 3644 558 3693 in
572 3644 623 3695 hac
637 3645 677 3696 vi-

140 3719 167 3763 ta
176 3730 233 3767 non
247 3727 289 3768 est
302 3717 339 3767 ita
351 3731 409 3766 sera
425 3714 592 3781 poenitentia,
607 3715 675 3781 quin

139 3781 163 3832 Si
184 3787 264 3838 corde
283 3786 400 3854 perfecto
422 3785 479 3846 fiat,
495 3784 581 3851 possit
601 3793 674 3836 tanto

139 3852 243 3911 terrene
256 3861 408 3927 procedere,
420 3869 451 3911 ut
463 3868 597 3910 mereatur
607 3859 675 3910 mul-

732 946 783 981 non
805 933 941 983 morietur.
962 934 995 983 Et
1018 934 1084 1000 quia
1107 935 1209 987 incerta
1228 947 1268 989 est

732 1004 761 1053 in
776 1005 904 1056 omnibus
920 1006 1054 1067 aetatibus,
1069 1006 1182 1059 cuilibet
1201 1010 1269 1062 hora

731 1077 880 1129 vocationis
902 1094 966 1140 suae,
987 1072 1095 1145 paratus
1115 1083 1267 1148 unusquis-

731 1163 784 1215 que
798 1149 878 1199 debet
888 1165 948 1200 esse
970 1150 998 1200 in
1014 1152 1085 1202 bona
1102 1153 1268 1218 operatione,

732 1229 762 1269 ut
780 1219 851 1270 sicut
864 1221 981 1271 incertus
995 1232 1035 1273 est
1049 1223 1147 1287 exitus,
1164 1224 1205 1274 sic
1218 1240 1270 1277 cer·

731 1302 776 1342 tus
799 1291 836 1341 sit
854 1290 884 1341 in
904 1291 977 1342 bono
991 1309 1071 1360 opere
1084 1294 1210 1359 animus;
1235 1312 1269 1347 ne

731 1363 801 1413 forte
814 1362 838 1413 si
852 1365 960 1430 quando
972 1375 1068 1430 potest,
1082 1382 1136 1415 non
1150 1367 1211 1417 vult
1222 1367 1269 1419 bo·

733 1449 799 1484 num
823 1434 943 1500 operari,
969 1446 1035 1486 tunc
1066 1435 1179 1502 incipiat
1201 1438 1269 1489 velie

732 1505 842 1570 quando
868 1521 923 1556 non
944 1506 997 1556 erit
1019 1522 1108 1573 posse.
1132 1508 1269 1559 Debemus

721 1590 795 1641 ergo
810 1576 889 1626 omni
903 1575 947 1626 die
957 1576 1006 1627 sic
1025 1577 1124 1638 vivere,
1139 1586 1270 1644 tanquam
1285 1640 1289 1649 ⁸

733 1646 779 1696 illa
795 1647 839 1698 die
852 1647 993 1711 morituri,
1011 1658 1042 1698 ut
1065 1648 1104 1699 sic
1127 1649 1268 1701 residuum

732 1717 862 1782 temporis
878 1718 964 1770 nostri
980 1718 1119 1784 possimus
1136 1730 1270 1784 exspecta·

733 1802 762 1837 re
775 1788 872 1839 securi.
888 1789 968 1839 Unde
983 1789 1087 1839 Seneca
1104 1807 1113 1839 .·
1133 1807 1147 1836 ι
1164 1789 1210 1840 Sic
1222 1805 1268 1840 or-

732 1858 868 1909 dinandus
884 1869 924 1909 est
937 1859 996 1909 dies
1015 1858 1115 1920 omnis,
1137 1868 1267 1926 tanquam

732 1938 811 1996 cogat
825 1945 941 1997 agonem
957 1941 1038 1997 atque
1054 1931 1159 1996 expleat
1175 1931 1267 1982 vitam.

732 2002 779 2052 llle
794 2002 965 2053 beatissimus
981 2012 1008 2052 et
1025 2017 1135 2052 securus
1152 2002 1195 2053 sui
1210 2018 1269 2070 pos

733 2089 821 2123 sessor
835 2084 884 2135 est,
899 2073 947 2140 qui
969 2073 1115 2124 crastinum
1131 2072 1193 2124 sine
1211 2072 1268 2123 sol-

731 2145 872 2197 licitudine
880 2155 1023 2212 exspectat.
1034 2147 1106 2196 Inter
1120 2155 1207 2195 cetera
1216 2159 1268 2195 ma·

731 2216 773 2279 la,
797 2216 849 2266 hoc
872 2216 953 2267 habet
976 2216 1090 2267 stultitia
1114 2216 1267 2282 proprium,

732 2286 804 2351 quod
828 2301 934 2352 semper
955 2285 1051 2352 incipit
1070 2285 1171 2336 vivere.
1195 2284 1267 2347 Quid

732 2365 772 2406 est
788 2356 904 2421 turpius,
918 2371 1000 2422 quam
1017 2370 1099 2406 senex
1117 2355 1210 2406 rivere
1223 2355 1268 2406 in·

731 2426 853 2492 cipiens?
880 2427 1027 2478 Considera
1049 2441 1132 2492 quam
1156 2425 1268 2492 pulchra

731 2515 775 2550 res
786 2500 822 2551 sit
832 2515 1022 2550 consummare
1030 2500 1113 2549 vitam
1126 2510 1190 2550 ante
1199 2513 1269 2550 mor·

732 2582 797 2631 tem,
812 2570 909 2621 deinde
923 2580 1076 2637 exspectare
1096 2585 1191 2621 secure
1203 2568 1269 2622 reli·

732 2662 814 2714 quam
831 2646 874 2696 sui
889 2645 1020 2711 temporis
1041 2653 1154 2710 partem.
1171 2644 1268 2695 Nullus

732 2717 805 2768 enim
824 2716 906 2767 vitam
928 2716 957 2766 in
982 2715 1131 2766 crastinum
1156 2724 1271 2783 spectat.

733 2788 794 2837 Non
804 2787 877 2837 enirn
891 2787 995 2846 vivunt,
1006 2787 1052 2837 sed
1065 2785 1165 2836 victuri
1176 2784 1267 2837 omnia

731 2856 860 2908 differunt
879 2873 886 2907 ι
906 2876 920 2905 n
940 2857 999 2907 haec
1017 2856 1130 2907 Seneca.
1149 2856 1266 2906 Multum

731 2927 833 2994 quippe
852 2929 927 2992 juvat
947 2928 981 2978 ad
1006 2927 1171 2978 vincendam
1193 2926 1266 2977 dele-

731 2998 876 3050 ctationem
891 2998 1001 3066 peccati,
1021 2995 1171 3048 recordatio
1193 3010 1266 3047 mor-

732 3069 768 3120 tis
788 3080 815 3120 et
830 3069 893 3120 finis
911 3068 1007 3120 nostri.
1030 3068 1108 3119 Unde
1128 3066 1264 3132 Sapiens:

731 3141 764 3193 In
778 3134 1038 3207 omnibus¹operibus
1052 3139 1106 3189 iuis
1117 3149 1266 3189 memorare

731 3213 878 3264 norissima
897 3216 952 3274 tuo,
973 3217 1001 3262 et
1020 3210 1047 3261 in
1066 3214 1200 3260 aeternum
1214 3218 1265 3257 nor

726 3287 862 3353 peccabis.
878 3287 913 3337 Et
927 3284 1081 3352 Gregorius
1095 3300 1105 3334 .·
1120 3300 1137 3329 u
1152 3281 1199 3333 Nil
1213 3289 1265 3331 tau

730 3370 790 3410 tum
815 3359 848 3409 ad
874 3358 1042 3411 domandum
1069 3354 1264 3407 desideriorum

730 3430 878 3481 carnalium
897 3428 1049 3496 appetitum
1071 3426 1156 3488 valet,
1180 3438 1264 3493 quen-

729 3513 788 3554 tum
803 3513 834 3555 ut
854 3502 1044 3569 unusquisque
1059 3508 1179 3551 mortem
1196 3512 1262 3567 peu·
1300 3534 1314 3561 .·.

729 3585 778 3627 set.
795 3594 809 3624 n
824 3575 860 3627 Et
877 3574 1038 3627 Bernardus
1053 3589 1064 3625 .·
1078 3591 1093 3620 n
1107 3566 1261 3625 Saluberti·
1296 3576 1310 3623 ·.'

729 3661 806 3696 mum
831 3654 871 3696 est
896 3644 1049 3695 remedium
1076 3638 1212 3693 redeundi
1232 3634 1261 3689 td

728 3717 887 3778 Dominum,
901 3716 1001 3768 habere
1021 3729 1075 3781 prae
1090 3713 1180 3765 oculis
1196 3721 1262 3763 mos·
1301 3710 1305 3739 ²

728 3797 792 3839 tem.
808 3807 822 3836 »
837 3788 955 3837 Multum
969 3785 1052 3836 etiam
1066 3784 1140 3845 iuvat
1155 3792 1207 3859 nos
1223 3774 1262 3827 de·
1306 3805 1307 3808 =

726 3859 800 3911 sides
813 3867 839 3910 et
851 3858 954 3926 pigros,
969 3857 1062 3906 Jesum
1082 3859 1109 3903 et
1127 3848 1261 3903 studioso!
1304 3878 1308 3885 -
