2632 4320
205 216 258 300 ΒΕ,
268 249 527 301 1NsT1TUT10NE
538 249 767 302 sncuaueuut
782 251 1038 306 EUCHARISTIAE.

61 383 124 418 non.
139 365 193 416 fuit
211 375 301 416 coctus
324 381 406 432 aqua,
425 367 476 417 sed¹
492 375 597 418 assatus

59 438 143 504 igne,
170 446 198 487 et
231 438 401 487 manducans
424 439 506 489 debet
536 454 595 490 esse

58 509 162 574 ignitus
189 507 310 559 caritate.
336 507 463 559 Christus
484 509 541 559 Rex
570 520 596 560 et

58 580 188 630 Sacerdos
217 595 297 629 verus
323 579 520 630 Eucharistiam
544 581 595 631 sub

58 650 152 716 specie
165 649 246 715 panis
269 658 295 699 et
318 649 376 699 vini
400 649 483 710 dedit,
503 659 529 701 et
543 651 595 701 hoc

59 732 264 773 sacramentum·
279 721 407 781 instituit,
429 723 502 788 quod
527 723 595 774 olim

58 792 259 844 Melchisedech
276 807 322 842 rex
344 803 371 842 et
396 793 519 843 sacerdos
545 793 594 843 Dei

58 863 189 914 altissimi
239 863 385 928 figuravit3
428 873 595 929 quapropter

60 935 198 996 Christus,
221 935 367 996 Sacerdos,
387 937 532 986 secundum
546 949 595 986 or-

61 1008 151 1058 dinem
185 1006 386 1058 Melchisedech
425 1008 593 1074 appellatur,

58 1078 124 1144 quia
138 1078 191 1127 hoc
212 1089 413 1129 sacramentum
429 1078 457 1128 in
475 1077 595 1129 oblatio-

58 1165 98 1200 ne
109 1147 309 1201 Melchisedech
331 1149 562 1216 praefigurabatur.

93 1238 122 1274 11
142 1223 231 1273 Fieri
249 1237 434 1273 conrsnrronn
454 1239 535 1273 turra
550 1238 594 1272 or-

57 1313 190 1357 sctrueos,
204 1296 327 1346 nonnus
343 1313 385 1347 urs
409 1312 594 1348 nuurnrrnrnu

59 1383 230 1421 comannis.
243 1369 380 1418 --Facta
400 1375 441 1418 ert
458 1375 547 1419 autem
567 1373 594 1418 el

60 1442 203 1504 contentio,
225 1440 252 1489 id
271 1450 313 1490 est
336 1441 502 1506 disquisitio,
523 1441 594 1492 inter

45 1503 221 1578 ‘discipulos
234 1512 295 1577 quis
304 1526 395 1563 eorum
405 1513 594 1564 videretures-

61 1586 196 1652 sesmap'or.
219 1585 272 1636 Ubi
289 1585 430 1635 sciendum
444 1587 592 1652 quodcum

59 1657 184 1724 Apostoli
200 1657 342 1707 audierunt
358 1657 499 1709 Christum
523 1674 593 1725 prae-

58 1730 197 1780 di'cantem
214 1727 389 1779 traditionem
407 1728 452 1779 sui
468 1731 500 1779 ad
516 1746 595 1781 mor-

60 1809 126 1859 tam,
153 1808 292 1864 coeperuut
315 1813 435 1862 quaerere
460 1799 531 1850 inter
555 1816 592 1859 se,

57 1870 118 1936 quis
145 1883 237 1921 aarum
265 1875 337 1918 esset
370 1870 468 1936 muj'or,
495 1869 522 1920 id
552 1879 594 1920 est

57 1941 150 2006 aptior
167 1948 195 1989 et
209 1939 415 1989 convenientior
436 1941 469 1990 ad
491 1956 593 2006 praece-

57 2012 178 2064 dendum
204 2010 272 2061 alios
291 2013 349 2062 loco
373 2011 484 2072 Christi,
509 2023 534 2064 et
559 2015 592 2063 ad

57 2083 211 2134 tenendum·
240 2083 298 2147 eius
326 2084 425 2133 locum.
461 2084 495 2134 Et
531 2084 592 2135 ideo

57 2155 186 2206 Christus
205 2154 241 2203 de
260 2154 311 2204 boc
335 2170 381 2204 eos
397 2154 499 2216 docuit,
521 2156 596 2207 vide·

57 2225 119 2277 licet
142 2225 215 2291 quod
229 2224 275 2274 ille
289 2234 361 2274 esset
383 2225 414 2274 ad
430 2226 482 2275 hoc
495 2225 591 2291 aptior,

58 2299 105 2365 qui
126 2309 200 2349 esset
219 2313 281 2348 rere
303 2298 445 2362 humilior,
461 2315 593 2350 revocan-

58 2371 93 2420 do
107 2384 156 2420 eos
166 2369 200 2419 ab
217 2368 313 2419 effectu
328 2370 450 2435 superbe
464 2372 593 2423 domina-

57 2440 148 2492 tionis
168 2449 195 2490 et
221 2440 365 2505 primatus,
396 2442 520 2506 exemplo
546 2458 592 2492 re-

57 2528 125 2578 gum
141 2511 280 2572 Gentium,
298 2522 324 2563 et
344 2528 391 2578 per
415 2513 591 2574 contrarium,

56 2582 235 2635 dominorum
259 2593 441 2634 terrenorum.
471 2584 592 2636 Gentiles

56 2654 133 2707 enim
155 2663 182 2706 et
204 2655 304 2705 terreni
326 2654 432 2704 domini
461 2665 592 2721 appetunt

57 2727 220 2792 primatum,
245 2727 423 2779 dominantur
451 2728 590 2794 subjectis,

56 2809 87 2851 et
105 2799 215 2865 benefici
242 2802 382 2864 uocantur,
407 2798 472 2866 quia
499 2798 591 2849 blandi

54 2888 199 2926 sermones
208 2889 225 2924 a
236 2873 355 2925 subditis.
372 2874 414 2924 eis
427 2873 589 2925 offeruntur.

56 2944 144 3005 Unde,
168 2943 219 2995 hos
233 2945 369 2995 Dominus
389 2944 485 2995 nolens
506 2943 592 2995 disci-

55 3017 137 3082 puios
150 3031 215 3067 suos
228 3015 338 3077 imitari,
353 3017 492 3083 subjungit
508 3033 518 3067 ·.
537 3017 591 3068 Vos

56 3094 149 3139 autem
168 3103 222 3138 non
241 3088 281 3138 sic
300 3087 386 3139 facere
408 3087 527 3152 debetis;
543 3087 592 3138 sed

56 3159 102 3224 qui
116 3158 205 3225 major
227 3165 269 3208 est
289 3159 317 3208 iu
330 3160 413 3221 vobis,
430 3159 531 3210 scilicet
544 3174 591 3225 per

56 3229 189 3279 uirtutum
222 3229 421 3291 excellentiam,
441 3230 498 3296 fiat
521 3230 591 3280 sicul

56 3303 161 3365 nunus,
194 3317 242 3367 per
268 3301 469 3366 humilitatem
489 3311 515 3354 cl
545 3303 592 3368 qui

53 3386 218 3439 precessor,
242 3374 343 3425 scilicet
371 3374 520 3440 dignitate,
548 3374 592 3425 vel

56 3447 139 3498 etiam
170 3445 319 3507 sanctitate,
336 3447 391 3513 fiat
413 3447 481 3497 sicut
509 3445 592 3497 mini-

55 3523 169 3580 strator,
184 3517 283 3569 humili
299 3518 340 3568 sui
356 3517 534 3582 reputatione,
549 3516 591 3567 uel

55 3590 156 3641 humili
177 3591 259 3642 officii
276 3591 456 3650 exsecutione,
471 3599 497 3640 et
510 3590 592 3640 exhi.-

54 3661 164 3713 bitione
183 3678 232 3728 pro
256 3663 316 3713 loco
341 3671 367 3712 et
385 3671 516 3726 tempore.
538 3662 591 3710 Sed

56 3731 131 3784 heu!-
145 3733 228 3785 hodie
245 3733 323 3785 multi
341 3733 474 3784 habentes
490 3748 593 3783 nomeu
622 3790 625 3795 ‚

56 3803 288 3870 ossismorum,
301 3804 422 3855 Gentiles
438 3803 590 3865 imitantur,
621 3798 851 3872 {prophetizanm
887 3800 954 3850 dicit
984 3799 1040 3850 illis
1069 3798 1177 3850 Jesus:

56 3887 213 3945 appetentes
242 3877 388 3944 primatum
425 3876 540 3938 habere,
564 3887 592 3930 et

1132 261 1186 323 415

650 367 779 431 subjectis
802 369 958 434 dominari5.
984 386 1066 436 seque
1089 374 1122 423 ab
1144 375 1184 427 eis

648 441 822 506 supervacuis
837 442 962 492 laudibus
977 445 1081 506 extolli,
1095 457 1121 497 et
1141 448 1184 500 be-

653 510 729 561 nefici
750 512 849 563 vocari.
872 513 1028 577 Specialiter
1043 527 1134 567 autem
1153 520 1183 569 in

649 584 771 635 Ecclesia
801 584 831 634 fit
864 585 1018 650 frequenter
1044 591 1182 642 contentio

649 671 697 720 pro
711 655 889 722 dignitatibus
902 658 1073 724 ,obtinendis
1085 671 1111 711 et
1126 679 1180 713 non

651 727 741 776 solum
768 727 838 777 inter
863 729 1005 793 seculares,
1031 732 1183 783 sedetiam

648 798 724 847 inter
733 797 882 864 religiosos,
899 798 968 848 sicut
983 815 1066 852 canes·
1077 816 1183 854 conten·

648 868 718 919 dunt
742 869 775 918 ad
803 868 981 919 obtinendum
1002 887 1033 921 os
1056 874 1180 925 carnibus

648 939 760 1004 plenum
778 950 803 989 et
820 940 967 991 medullis:
984 953 1093 1008 propter
1106 946 1185 1012 quod.

646 1008 755 1060 viliores
781 1010 894 1060 canibus
914 1010 1043 1061 videntur
1068 1015 1181 1080 quidam

647 1081 780 1148 religiosi,
798 1081 845 1148 qui
864 1083 1031 1133 contendunt
1048 1101 1097 1150 pro
1118 1087 1180 1137 offi-

647 1155 698 1206 ciis
718 1156 891 1221 praesidendi,
908 1173 969 1207 curn
993 1167 1083 1208 tamen
1108 1160 1180 1210 nihil

647 1229 765 1279 habeant
777 1244 922 1291 annexum,
934 1229 987 1279 nisi
1003 1230 1141 1280 miseriam
1154 1243 1180 1282 et

647 1300 776 1351 laborem.
791 1303 824 1352 Et
835 1301 899 1367 quia
911 1301 1024 1351 monuit
1033 1302 1183 1368 discipulos

647 1373 680 1421 ad
697 1371 891 1432 humilitatem,
904 1372 1060 1438 superbiam
1073 1375 1179 1424 secula-

646 1441 719 1492 rium
753 1442 950 1504 dissuadend0,
983 1454 1178 1510 consequenter

646 1511 709 1562 facit
723 1512 785 1572 hoc,
802 1528 848 1562 eos
860 1515 893 1563 ad
908 1514 951 1564 sui
966 1516 1122 1580 exemplum
1136 1515 1180 1565 in-

646 1583 764 1633 vitando.
784 1584 862 1645 Nam,
876 1585 1025 1634 secundum
1047 1586 1180 1651 judicium

646 1656 809 1717 humanum,
824 1656 911 1721 major
923 1663 963 1706 est
978 1657 1025 1722 qui
1038 1659 1175 1717 recumbit¹

645 1743 727 1792 quum
737 1729 782 1793 qui
791 1729 936 1792 ministrat,
951 1729 1013 1779 licet
1029 1731 1184 1781 secundum

646 1797 777 1858 iudicium
791 1798 839 1848 Dei
856 1814 927 1864 saepe
949 1799 986 1849 sit
1010 1799 1105 1862 aliter;
1122 1800 1180 1866 ipse

646 1878 737 1919 autem
757 1870 806 1936 qui
833 1871 983 1921 contrarius
1004 1880 1043 1920 est
1065 1872 1182 1932 mundo,

646 1939 677 1990 in
688 1940 783 2002 medio,
798 1956 895 1991 eorum
911 1950 962 2000 est,
980 1939 1051 1990 sicut
1069 1941 1114 2006 qui
1126 1941 1179 1991 mi-

646 2011 753 2074 nistrat,
769 2010 895 2078 quamvis
917 2010 1004 2075 major
1025 2010 1062 2061 sit
1082 2012 1130 2072 eis,
1147 2021 1178 2063 ut

646 2083 727 2133 etiarn
750 2084 804 2149 jam
821 2083 850 2133 in
869 2081 972 2133 lotione
995 2084 1095 2148 pedum
1109 2082 1182 2148 ipso·

645 2169 708 2203 rum
722 2155 881 2214 ostenderat,
903 2163 929 2203 et
941 2153 1001 2203 ideo
1014 2163 1054 2203 est
1069 2153 1180 2204 imitan-

645 2227 706 2277 dus.
719 2227 752 2277 Et
765 2243 797 2278 ex
812 2227 864 2276 hoc
879 2225 997 2277 intendit
1009 2227 1179 2287 concludere,

646 2299 719 2364 quod
744 2299 789 2349 ille
814 2308 854 2349 est
875 2307 953 2364 aptus
976 2297 1009 2347 ad
1028 2298 1179 2348 succeden-

645 2370 711 2421 dum
744 2370 797 2421 sibi
830 2370 859 2420 in
886 2368 1019 2436 regimine
1044 2369 1178 2429 Ecclesiae,

645 2444 697 2508 qui.
708 2453 749 2493 est
762 2443 891 2493 fundatus
902 2442 931 2490 in
941 2457 1006 2492 vera,
1016 2441 1179 2492 humilitate.

646 2514 684 2563 Ut
696 2512 770 2562 enim
788 2512 941 2562 humilitate
958 2511 1113 2575 superbiam
1128 2527 1179 2560 cu-

646 2593 723 2645 raret,
741 2582 799 2648 ipse
820 2583 894 2632 Deus
907 2582 941 2631 ad
954 2597 1004 2631 nos
1021 2582 1180 2633 descendere

646 2665 672 2705 et
692 2654 808 2705 humilis
828 2653 890 2704 fieri.
915 2653 1011 2714 voluit,
1032 2653 1180 2704 ostendens

645 2729 768 2792 exemplo
785 2725 859 2793 quod
882 2724 979 2775 merito
996 2740 1059 2775 eum
1074 2724 1181 2775 imitan-

645 2799 679 2848 do
691 2796 833 2848 humiliari
846 2797 941 2846 debeat
952 2806 979 2846 et
991 2796 1085 2846 horno.
1101 2795 1181 2846 Unde

643 2870 836 2935 Augustinus:
851 2888 865 2916 a
883 2869 956 2929 Quid
976 2867 1112 2934 superbis,
1128 2867 1181 2917 hof

644 2941 710 2992 mo?
726 2942 799 2992 Deus
823 2951 932 3007 propter
952 2952 979 2991 te
1000 2939 1114 2991 humilis
1135 2938 1179 2990 fa.-

645 3023 704 3065 ctus
721 3022 771 3063 est.
788 3013 901 3063 Puderet
916 3023 942 3064 te
954 3013 1066 3063 fortasse
1078 3010 1179 3061 imitari

644 3087 780 3138 humilem
795 3087 949 3149 hominem,
967 3087 1062 3137 saltem
1072 3083 1180 3135 imitare

644 3160 778 3211 humilem
795 3160 884 3210 Deum
902 3178 909 3212 ι
930 3181 944 3210 u
962 3161 1019 3211 haec
1043 3157 1181 3224 Augusti-

644 3247 703 3282 nus.
720 3231 882 3283 Humilieris
903 3248 966 3300 ergo
984 3228 1176 3286 ministrando,

646 3312 674 3353 et
685 3303 829 3369 abjectiora
843 3303 1003 3362 ministeria,
1018 3309 1044 3350 et
1057 3313 1117 3365 quae
1132 3296 1179 3347 alii

645 3374 826 3440 dedignantur
835 3374 965 3433 laetanter,
976 3386 1037 3422 curn
1048 3383 1117 3434 opus
1127 3375 1178 3430 est,

644 3444 827 3511 suscipiendo.

680 3517 863 3568 12Pnn1>1crr
885 3515 1018 3564 Cnnrsrus
1046 3525 1178 3561 necario-

644 3604 693 3639 nes
715 3588 800 3639 Perat
817 3602 851 3637 er
864 3600 952 3634 runnu
968 3599 1088 3633 neronun
1101 3596 1179 3632 urser-

644 3675 821 3710 runonuu.—
834 3656 937 3706 Deinde
961 3653 1130 3720 subjungens
1150 3660 1178 3702 et

645 3748 706 3800 quae
736 3745 799 3781 mox
833 3727 891 3778 fieri
931 3727 1073 3787 debebant,
1098 3723 1177 3791 quasi

645 3879 743 3931 Omnes
759 3890 806 3929 uos
821 3873 980 3928 scandulum
993 3870 1135 3939 patiemini
1147 3869 1176 3923 iu
