2632 4320
148 301 200 351 270
263 326 265 331 ,
419 280 597 334 securium
614 281 739 332 PARTls
755 280 875 334 carur
890 285 1000 335 xxxv.

143 401 218 451 enim
233 397 342 464 proprie
358 397 487 448 dicuntur
501 397 640 459 mulieres,
653 406 680 447 et

141 469 195 521 riri
209 484 307 519 uxores
319 469 435 531 ducere;
450 470 497 519 sed
514 468 559 519 hic
570 467 678 532 simpli·

146 540 213 590 citer
231 538 414 604 intelligamus
434 540 508 605 quod
530 540 632 590 nubere
646 539 679 588 de

144 610 225 671 viris,
238 620 264 660 et
277 611 343 660 nubi
355 612 389 662 de
403 611 563 662 mulieribus
574 610 679 660 dictum

145 681 190 740 sit,
208 682 282 731 unde
297 697 353 730 non
370 681 421 731 erit
432 681 554 741 carnalis,
567 681 615 732 sed
627 680 680 746 spi-

146 750 251 801 ritualis
264 752 441 802 conversatio.
453 753 487 802 Et
496 751 547 801 hoc
557 761 596 801 est
605 750 679 817 quod

144 823 269 873 subditur
286 841 293 873 ι
310 823 367 874 Sed
388 831 465 875 eruat
485 824 557 874 siem
578 823 680 888 Angeli

145 892 199 943 Dei
215 893 242 943 in
253 894 329 956 coelo,
342 909 397 944 non
414 893 443 943 in
463 905 560 944 natura
569 892 677 958 Angeli,

146 963 175 1013 in
207 965 368 1030 proprietate
404 964 621 1030 spiritualitatis,
653 974 679 1016 et

145 1037 367 1098 immortalitatis,
392 1038 609 1104 incorruptibiles
632 1037 679 1088 sci-

144 1106 206 1157 licet
235 1116 262 1156 et
291 1105 488 1171 ingenerabiles
500 1144 508 1170 ,
535 1120 583 1156 nec
605 1106 678 1171 quod

143 1177 200 1228 sint
220 1175 346 1242 spiritus;
372 1176 419 1226 sed
445 1177 519 1243 quod
546 1178 601 1227 sint
619 1177 679 1242 spi·

144 1248 263 1307 rituales,
280 1261 310 1296 ac
335 1246 417 1296 vitam
442 1257 468 1297 et
494 1247 677 1298 conversatio-

144 1333 208 1368 nem
224 1316 391 1382 spiritualem
406 1317 545 1376 habentes,
568 1327 594 1366 et
619 1318 677 1367 siue

142 1388 202 1439 labe
225 1386 404 1452 corruptionis
424 1387 530 1438 visione
558 1398 583 1437 et
604 1387 677 1437 frui-

144 1461 218 1514 tione
242 1461 291 1510 Dei
310 1461 439 1512 viventes.
457 1461 584 1512 Cessante
601 1461 675 1513 enim

144 1546 233 1591 causa,
248 1542 332 1581 cessat
357 1531 475 1590 effectus,
500 1532 602 1597 nuptiae
624 1547 675 1582 au-

143 1614 198 1655 tem
209 1605 338 1655 ordinatae
349 1606 454 1656 suntad
467 1604 675 1671 procreationem

144 1676 264 1728 filiorum
291 1678 493 1728 educandorum
515 1679 549 1728 ad
572 1679 675 1729 cultum

144 1748 209 1809 Dei,
235 1765 379 1816 quousque
415 1766 544 1801 numerus
571 1751 676 1816 prade-

143 1821 305 1871 stinatorum
319 1821 356 1870 sit
370 1822 528 1886 completus,
535 1822 582 1887 qui
597 1836 674 1871 com-

145 1894 233 1960 pletus
267 1893 317 1943 erit
349 1893 378 1942 in
411 1893 622 1957 resurrectione;
648 1905 675 1945 et

143 1975 253 2031 propter
276 1965 328 2015 hoc
341 1975 405 2015 tunc
421 1965 522 2016 erimus
539 1967 609 2017 sicat
621 1969 674 2018 An-

139 2038 197 2103 geli
207 2076 216 2100 ,
240 2052 346 2102 semper
379 2039 600 2104 contemplationi
624 2055 673 2090 va-

141 2118 240 2168 cantes,
268 2118 294 2157 et
331 2108 383 2158 hoc
418 2119 458 2159 est
487 2111 560 2175 quod
595 2111 674 2160 debet

141 2179 222 2229 corda
245 2194 352 2228 movere
380 2179 413 2229 ad
433 2181 615 2241 devotionem,
628 2182 673 2231 vi-

141 2250 238 2300 delicet
273 2249 451 2300 consideratio
489 2251 562 2302 illius
590 2253 673 2304 beatae

140 2321 213 2381 vitae,
236 2336 319 2387 quarn
343 2330 403 2386 post
417 2322 554 2372 modicum
577 2338 674 2390 exspe-

142 2402 257 2444 ctamus.

172 2466 310 2530 7Ssrrarr
340 2480 460 2515 vraoaurt
485 2474 602 2516 avsrren:
631 2483 674 2518 sr-

139 2550 346 2586 ararrrcarrours.
355 2563 380 2572 -
390 2534 511 2601 Mystice,
526 2539 673 2588 secundum

140 2608 251 2670 Bedam,
280 2623 327 2671 per
352 2617 454 2673 septem
480 2608 553 2658 viros
580 2624 674 2674 repro-

143 2678 240 2728 borum
252 2678 415 2728 universitas
430 2679 594 2745 designatur,
611 2697 675 2746 quo·

140 2765 201 2800 rum
224 2764 293 2798 uxor
315 2758 354 2798 est
381 2749 518 2799 mundana
539 2765 675 2801 conversa·

140 2822 197 2881 tio,
226 2821 273 2887 qui
304 2821 445 2871 discedunt
479 2821 538 2872 sine
565 2822 673 2883 liberis,

139 2891 204 2958 quia
228 2901 283 2941 tora
318 2892 367 2941 hac
400 2893 455 2942 vita
484 2907 545 2958 quae
572 2904 674 2958 septem

138 2962 234 3020 diebus
260 2962 348 3027 agitur
373 2965 477 3014 steriles
496 2973 559 3014 sunt
586 2980 603 3015 a
629 2965 678 3016 bo-

139 3031 184 3083 nis
216 3033 362 3097 operibus,
384 3035 484 3099 quibus
508 3045 603 3086 morter·
618 3037 673 3086 mi-

141 3117 200 3153 sera
240 3104 387 3168 praeraptis,
407 3105 439 3154 ad
477 3106 604 3157 ultimum
648 3117 675 3158 et

141 3172 201 3240 ipsa
230 3173 364 3222 mundana
395 3176 560 3225 conversatio
592 3193 674 3244 quarn

140 3247 181 3298 illi
204 3247 263 3297 siue
284 3245 358 3296 vitali
378 3261 457 3311 opere
482 3257 673 3316 transegerant,

141 3320 218 3386 quasi
238 3335 307 3370 uxor
327 3319 469 3370 infecunda
484 3323 618 3374 transibit.
643 3353 673 3362 -

143 3392 233 3442 Potest
259 3391 340 3441 etiam
368 3390 478 3440 nornine
505 3391 587 3457 hujus
611 3409 674 3444 mu-

140 3461 217 3512 lieris
241 3461 355 3527 intelligi
378 3461 503 3520 Ecclesia,
528 3479 588 3528 quae
614 3464 673 3514 viro

139 3532 324 3598 desponsatur,
343 3532 451 3598 quando
468 3534 576 3598 praelato
596 3549 672 3584 com-

141 3601 277 3667 mittitur;
307 3602 472 3669 septenarius
493 3613 583 3654 autem
596 3605 671 3655 viro·

140 3687 202 3723 rum
226 3690 281 3725 non
300 3673 485 3740 generantium
502 3689 534 3724 ex
556 3675 673 3726 Ecclesia

141 3742 211 3794 filios
245 3746 378 3812 significat
399 3746 601 3798 universitatem
617 3764 672 3799 ma-

142 3813 230 3866 lorum
250 3820 429 3884 praelatorum,
445 3819 487 3870 vel
504 3819 672 3881 clericorum,

141 3888 290 3940 secundum
314 3889 478 3942 differentias
500 3899 603 3957 septem
625 3905 672 3943 or·

734 397 831 449 diuum
856 399 1097 450 ecclesiastieorum
1122 417 1130 451 :
1156 385 1272 467 quorum

734 467 840 534 primus
861 480 901 520 est
924 471 1117 534 Ostiariorum,
1138 474 1278 525 secundus

735 539 888 600 Locrorum,
927 541 1023 592 tertius
1053 542 1276 606 Exorcistarum,

733 620 847 677 quartus
856 613 1061 678 Acolythorum,
1075 613 1191 679 quintus
1205 616 1273 666 Sub

735 683 922 744 diaconorum,
946 693 1038 734 sextus
1055 684 1212 738 Levitarum
1225 701 1271 738 seu

731 752 923 814 Diaconorum,
938 754 1070 819 septimus
1087 755 1272 808 Sacerdotum.

733 823 768 874 Hi
796 823 868 875 filios
894 840 949 875 non
976 835 1113 890 generant,
1141 825 1207 892 quia
1243 827 1271 878 in

735 893 852 944 Ecclesia
881 893 930 944 Dei
960 893 1078 944 fructum
1113 910 1171 944 non
1195 911 1271 962 quae-

732 973 813 1028 runt;
830 973 856 1015 et
879 964 939 1015 ideo
967 964 1133 1015 daemonium
1155 981 1205 1016 eos
1232 983 1271 1018 oo

731 1033 809 1084 cidit.
837 1063 868 1074 ·-·
904 1036 1003 1086 Mulier
1046 1050 1174 1101 quoque,
1193 1037 1267 1098 ista,

731 1105 868 1156 moraliter
902 1107 1062 1173 loquendo,
1093 1116 1187 1172 potest
1216 1110 1268 1160 dici

733 1176 866 1242 peccatrix
880 1176 981 1238 anima,
994 1187 1098 1243 septem
1112 1178 1271 1244 capitalium

731 1246 861 1299 vitiorum
892 1248 1062 1301 universitati
1099 1248 1268 1314 desponsata

730 1318 900 1371 Resurrectio
927 1329 1018 1369 autem
1046 1318 1199 1384 spiritualis
1231 1332 1270 1372 est

729 1405 745 1441 a
769 1400 857 1441 morte
875 1391 960 1456 culpae
986 1391 1020 1440 ad
1042 1390 1127 1440 vitam
1156 1392 1270 1457 gratiae,

731 1479 794 1530 quae
829 1475 869 1515 est
903 1465 982 1514 arrha
1011 1463 1118 1530 gloriae;
1152 1474 1180 1516 et
1209 1465 1265 1517 ideo

729 1535 838 1601 quando
854 1535 911 1585 haec
924 1533 1083 1584 resurrectio
1098 1533 1207 1587 firmata
1219 1546 1269 1597 est,

729 1623 779 1674 per
820 1607 989 1673 propositum
1024 1607 1134 1658 cavendi
1169 1609 1265 1660 recidi·

729 1694 804 1737 vum,
836 1677 974 1728 firmatum
1008 1676 1180 1743 professione
1203 1680 1283 1731 reli··

730 1751 831 1818 gionis,
857 1763 883 1804 et
904 1752 983 1802 etiam
1001 1751 1187 1814 observatum,
1201 1764 1263 1807 tunc

728 1831 770 1872 est
795 1822 947 1873 similitudo
980 1823 1014 1873 ad
1043 1822 1195 1888 angelicam
1220 1825 1263 1877 vi-

728 1903 795 1954 tam,
822 1894 887 1960 quia
908 1909 956 1958 per
977 1893 1128 1944 castitatem
1147 1894 1180 1948 fit
1200 1911 1268 1947 con·

726 1964 850 2015 formitas
873 1965 1000 2031 angelicae
1027 1964 1152 2030 puritati.
1171 1965 1264 2033 Angeh‘

726 2051 835 2102 quoque
849 2036 975 2087 similiter
993 2036 1064 2086 nihil
1083 2036 1262 2102 possidentia

726 2107 778 2157 hoc
798 2107 911 2167 mundo,
927 2117 953 2157 et
979 2105 1110 2156 obediunt
1137 2107 1265 2159 continue

726 2175 776 2241 ipsi
793 2176 857 2226 Deo.
886 2177 949 2226 Mali
969 2192 1032 2242 ergo
1060 2185 1124 2226 sunt
1148 2177 1261 2242 desides,

726 2246 773 2312 qui
797 2262 830 2297 ex
855 2247 912 2297 suis
940 2247 1066 2312 operibus
1093 2247 1178 2300 bonis
1209 2263 1261 2298 non

726 2318 892 2384 reliquerunt
915 2335 1016 2381 semen,
1036 2328 1063 2369 et
1078 2319 1184 2386 aliquid
1203 2335 1260 2372 rne-

726 2390 812 2440 moria
842 2391 970 2456 dignum3
995 2401 1021 2440 et
1041 2390 1131 2441 adhuc
1161 2391 1262 2457 peiores

726 2470 791 2511 sunt
812 2460 859 2527 qui
881 2461 1039 2511 memoriam
1059 2461 1103 2511 sui
1129 2462 1164 2511 de
1185 2461 1267 2513 malis

727 2532 855 2598 operibus
879 2533 936 2583 suis
966 2532 1145 2598 reliquerunt.

760 2605 1027 2658 Slnuoaranrrarnu
1036 2623 1178 2659 aamercort
1198 2623 1261 2659 eoa-

726 2695 868 2737 roauuoun
894 2694 1133 2730 assumerrourrr
1159 2694 1261 2730 ηοω

729 2752 909 2801 Donamus-
932 2750 1076 2815 Postquam
1099 2759 1191 2801 autem
1204 2751 1261 2802 Do·

727 2821 818 2870 minus
839 2821 978 2886 respondit
999 2821 1033 2871 ad
1056 2835 1153 2871 eorum
1176 2821 1262 2872 inter-

727 2892 902 2957 rogationem,
931 2902 958 2942 et
988 2891 1112 2956 ipsorum
1137 2891 1266 2943 confuta·

725 2964 764 3015 vit
808 2979 942 3024 errorem,
981 2963 1072 3013 statim
1107 2963 1203 3014 subdit
1232 2963 1265 3014 de

728 3037 937 3098 resurrectione,
957 3035 1144 3087 confirmando
1161 3037 1261 3089 verita-

728 3120 783 3161 tem
800 3109 1004 3161 resurrectionis
1016 3109 1177 3160 auctoritate
1188 3109 1262 3161 Scri-

727 3182 990 3249 ptumeProbaturus
1008 3197 1071 3246 ergo
1085 3182 1264 3233 resurrectio·

727 3268 788 3304 nem
802 3267 954 3318 corporum,
966 3252 1264 3304 inducitauctoritatem

726 3328 760 3378 de
798 3328 890 3378 Exodo
930 3336 1082 3392 sumptam,
1111 3337 1138 3378 et
1168 3327 1265 3393 probat

726 3398 817 3465 primo
853 3398 1050 3463 perennitatem
1086 3399 1262 3462 animarum,

726 3487 808 3538 quam
844 3471 884 3521 illi
925 3466 1076 3536 negabant3
1106 3485 1161 3536 qua
1196 3485 1262 3537 pro·

726 3541 786 3592 bata
807 3550 1002 3606 consequenter
1022 3539 1119 3604 probat
1136 3554 1264 3591 resurre-

725 3609 840 3661 ctionem
857 3625 1011 3676 corporum,
1024 3624 1085 3675 quae
1115 3624 1181 3659 curn
1202 3609 1265 3661 ani·

726 3681 822 3731 mabus
853 3681 933 3743 bona,
969 3680 1072 3729 malave
1108 3689 1261 3746 gesserunt.

725 3749 830 3801 Dicitur
853 3750 927 3801 enim
951 3750 980 3800 in
1007 3749 1104 3799 Exodo
1134 3764 1150 3800 a
1179 3751 1263 3802 Deo:

723 3820 789 3887 Ego
804 3835 863 3871 sum
888 3821 963 3871 Deus
976 3817 1123 3882 Abraltam,
1139 3825 1168 3870 et
1187 3821 1264 3872 Dana

724 3893 814 3959 Isaac,
828 3899 854 3947 et
866 3893 941 3946 Deus
960 3891 1054 3946 Jacob.
1076 3891 1198 3954 Quando
1209 3894 1267 3946 hoc
