2632 4320
140 275 192 326 368

141 405 182 446 tra
196 391 321 442 universa
335 388 392 438 haec
408 383 535 434 homines
549 395 596 446 per
609 393 674 429 ava-

141 464 231 514 ritiam
253 466 418 512 excoecantur
438 470 445 503 :
467 471 480 499 n
506 451 563 501 haec
579 449 674 515 Chry-

142 542 284 588 sostomus.

174 606 190 656 8
208 607 343 655 Avxmrrra
354 611 533 649 aauxacurro.
545 622 575 631 -
590 591 625 641 Et
639 605 677 639 re-

143 691 205 729 vera
229 690 276 740 per
299 671 439 722 avaritiam
465 665 589 717 homines
609 661 689 738 circa

145 760 225 812 opera
239 740 428 793 misericordiae
439 735 584 788 exercenda
598 747 678 782 excre-

89 862 98 879 ,
146 826 247 873 cantur,
264 823 290 863 et
309 813 342 862 ad
363 825 393 861 ea
413 806 473 858 duri
497 815 523 856 et
541 802 618 870 quasi
634 802 677 850 in-

145 887 287 940 sensibiles
315 885 480 942 redduntur3
510 877 578 928 sicut
604 875 678 926 enim

144 959 240 1010 caritas
264 970 324 1021 quae
338 953 437 1003 directe
451 947 597 1015 opponitur
615 960 678 995 ava-

146 1032 224 1089 ritiae,
249 1030 306 1079 vult
333 1025 462 1076 omnibus
483 1019 624 1072 subvenire
653 1026 679 1066 et

146 1100 310 1157 benefacere,
326 1096 365 1146 sic
376 1093 486 1145 avaritia
500 1091 593 1141 suadet
609 1104 624 1138 a
638 1099 679 1138 ta-

146 1171 218 1222 libus
244 1166 391 1223 abstinere,
420 1172 445 1213 et
471 1177 524 1211 non
552 1159 679 1225 operibus

147 1237 339 1290 misericordiae
372 1233 519 1284 intendere.
554 1228 680 1295 Suggerit

146 1312 219 1362 enim
234 1307 310 1375 quasi
325 1304 490 1356 consulendo
507 1301 559 1368 ipsi
580 1301 679 1350 misero

147 1397 229 1448 quem
244 1377 373 1445 possidet,
395 1384 426 1424 ut
450 1374 483 1424 de
505 1371 603 1422 talibus
628 1385 680 1419 non

147 1461 233 1510 curet,
259 1447 322 1514 quia
350 1455 454 1496 tantum
481 1450 629 1500 constaret,
655 1454 681 1488 et

147 1530 250 1570 tantum
284 1519 415 1567 damnum
446 1515 509 1565 inde
542 1513 681 1577 reciperet.

148 1589 199 1639 Hic
222 1589 287 1638 siste
304 1598 342 1647 tu,
358 1586 440 1636 miser
456 1599 541 1644 avare,
558 1582 605 1649 qui
620 1580 681 1632 aliis

150 1662 176 1711 in
210 1658 365 1710 necessitate
394 1656 490 1723 positis
520 1671 574 1705 non
606 1668 681 1704 curas

115 1758 118 1763 ·
150 1745 312 1790 succurrere,
338 1739 364 1779 et
387 1727 503 1778 maxime
519 1735 547 1775 tu
568 1722 683 1774 crudelis

150 1803 299 1870 praesidens
320 1815 370 1851 seu
390 1800 506 1865 praelate,
530 1806 556 1847 et
578 1795 682 1861 specia-

149 1875 210 1924 liter
239 1871 379 1937 religiose,
408 1869 455 1936 qui
486 1867 602 1918 infirmis
631 1864 682 1915 tibi

149 1943 302 1995 commissis
319 1942 352 1991 de
366 1939 499 1990 ministris
520 1949 545 1988 et
563 1936 683 1987 custodi-

149 2018 209 2079 bus,
224 2016 265 2065 vel
279 2013 486 2079 quibuscunque
509 2009 569 2058 aliis
589 2023 683 2058 neces·

148 2089 227 2141 sariis
240 2103 293 2136 non
305 2086 396 2136 studes
408 2083 555 2150 providere.
569 2080 684 2131 Attende

149 2170 176 2211 et
187 2159 256 2218 vide,
271 2156 336 2224 quia
350 2157 401 2204 lroc
413 2154 531 2204 terribile
542 2152 683 2218 judicium,

150 2230 179 2279 in
202 2243 257 2294 quo
284 2227 317 2275 de
344 2224 469 2289 operibus
492 2220 683 2272 misericordiae

150 2297 306 2363 disceptatio
328 2295 367 2355 fit,
389 2295 438 2345 tibi
463 2293 612 2359 specialiter
630 2293 684 2341 im·

152 2371 247 2432 minet,
262 2367 327 2435 quia
343 2366 476 2432 praecipue
491 2363 685 2413 immisericor-

150 2441 199 2490 des
215 2448 308 2506 arguet
330 2437 415 2487 Judex
439 2446 465 2486 et
490 2434 599 2500 puniet;
622 2444 684 2484 tunc

151 2512 243 2562 audies
256 2509 437 2576 correptiones
447 2507 615 2567 durissimas,
628 2505 685 2572 qui·

153 2586 203 2635 bus
225 2600 279 2635 non
304 2582 404 2650 poteris
429 2581 619 2640 contradicere,
637 2579 684 2646 qui

152 2656 233 2706 modo
252 2654 344 2720 abjicis
367 2652 531 2702 monitiones
553 2651 685 2701 mollissi-

154 2744 221 2789 mas,
245 2728 346 2793 quibus
368 2741 423 2774 non
444 2724 543 2775 vereris
556 2739 686 2790 repugna·

152 2813 196 2859 re;
224 2807 288 2847 tunc
315 2795 366 2845 erit
389 2795 455 2844 hora
474 2804 528 2854 tua,
557 2810 610 2860 qua
635 2793 684 2843 tibi

152 2866 264 2917 instabit
279 2865 412 2915 horrenda
434 2863 550 2923 miseria,
572 2874 602 2914 ut
624 2880 686 2914 cum

153 2935 302 2985 maledictis
322 2950 365 2985 eas
388 2934 416 2984 in
442 2935 531 3000 ignem
546 2944 686 2995 aeternum,

152 3005 261 3055 diabolo
291 3014 316 3055 et
340 3004 443 3071 angelis
470 3006 526 3070 ejus
554 3016 686 3070 paratum.

154 3077 218 3128 llluc
244 3091 339 3141 perges
362 3075 503 3127 derelictus
531 3092 546 3127 a
573 3092 636 3127 cura
661 3087 687 3127 et

153 3147 276 3199 custodia
290 3145 389 3205 divina,
407 3147 455 3213 qui
470 3147 514 3199 hic
528 3158 590 3199 tuos
610 3147 687 3198 iniir'·

154 3234 215 3270 mos
228 3215 396 3282 dereliquisti
410 3217 468 3266 sine
481 3229 581 3268 curaer
595 3229 687 3269 custo-

135 3289 137 3294 “
154 3289 200 3338 dia
221 3287 357 3349 humana;
377 3295 404 3335 et
425 3296 490 3336 tunc
510 3287 579 3337 nihil
594 3303 688 3337 eorum

154 3375 216 3426 quae
229 3368 320 3409 contra
333 3356 468 3407 caritatem
484 3358 592 3407 servasti
606 3368 632 3408 et
646 3373 688 3408 ne-

155 3432 324 3483 cessitatibus
347 3429 527 3496 indigentium
547 3431 689 3481 crudeliter

154 3503 320 3566 subtraxisti,
343 3512 369 3553 te
393 3517 408 3552 a
428 3500 535 3552 miseria
555 3501 688 3564 liberabit,

154 3575 200 3625 sed
216 3583 262 3624 tua
282 3571 427 3623 crudelitas
449 3581 474 3621 te
493 3570 551 3622 sine
566 3571 620 3622 fine
633 3571 688 3622 im-

154 3645 269 3694 maniter
287 3643 425 3695 cruciabit.
441 3643 520 3693 Tunc
536 3642 600 3692 boni
616 3653 689 3708 pote·

154 3725 218 3765 runt
239 3725 331 3765 contra
352 3725 378 3765 te
400 3728 507 3764 sumere
522 3713 687 3778 parabolam,

156 3797 182 3837 et
206 3787 295 3838 dicere
317 3789 350 3838 ad
375 3785 589 3853 exaggerandum
615 3797 688 3836 tuam

156 3859 293 3911 miseriam
310 3878 316 3912 :
335 3860 472 3922 Quomodo
490 3859 607 3910 cessavit
620 3873 690 3911 exa-

479 262 654 316 SECUNDAE
670 259 800 312 PARTlS
813 256 930 308 CAPUT
947 257 978 307 L.

727 383 800 437 ctor,
827 372 926 439 quievit
951 369 1109 420 tributum?
1138 370 1260 422 Cessavit

728 454 851 509 exactor,
867 446 930 512 quia
949 444 1010 494 aliis
1029 444 1182 494 necessaria
1196 446 1261 495 sub-

728 518 869 578 trahendo,
884 515 962 583 quasi
977 514 1144 565 exactionare
1159 529 1207 566 eos
1220 516 1262 565 vi·

728 590 855 651 debatur;
888 586 989 653 quievit
1016 586 1161 649 tributum,
1192 586 1263 652 quod

729 661 777 710 alii
796 658 929 709 defectum
954 656 1089 722 patiendo,
1109 656 1190 721 quasi
1206 657 1261 706 sol-

730 749 790 783 vere
805 731 979 797 cogebantur.
1002 728 1074 788 Quid
1095 729 1155 792 tibi,
1173 728 1264 784 miser,

730 813 795 853 tunc
830 801 950 867 proderit
982 809 1028 849 tua
1061 799 1206 849 crudelitas
1241 811 1265 849 et

731 873 850 936 avaritia,
863 888 912 938 pro
931 886 984 938 qua
996 869 1109 920 habebis
1123 870 1179 934 pati
1194 880 1265 920 tanta

731 954 757 995 et
776 945 838 994 talia
857 944 916 994 sine
938 942 992 992 line
1018 941 1164 991 mansura?
1190 941 1264 990 Tunc

732 1031 779 1082 per
807 1030 924 1081 poenam,
946 1013 993 1064 sed
1017 1011 1100 1062 nimis
1117 1012 1193 1061 tarde
1209 1027 1266 1076 ape·

731 1089 835 1139 cientur
860 1087 931 1137 oculi
959 1086 1009 1149 tui,
1037 1084 1084 1151 qui
1112 1085 1195 1134 modo
1221 1100 1266 1150 per

731 1157 868 1213 avaritiam
883 1165 974 1206 contra
988 1169 1066 1220 opera
1077 1153 1267 1205 misericordiae

733 1237 794 1279 sunt
810 1225 941 1286 excaecati,
959 1235 984 1276 et
998 1236 1061 1276 tunc
1082 1224 1140 1275 sola
1164 1223 1267 1274 vexatio

733 1300 806 1350 dabit
826 1298 1002 1358 intellectum,
1024 1297 1071 1363 qui
1094 1296 1177 1345 modo
1199 1294 1268 1345 circa

733 1383 840 1424 vexatos
857 1372 940 1422 habes
958 1386 1005 1420 cor
1020 1369 1188 1419 induratum.
1209 1368 1268 1418 Haec

735 1460 826 1510 pauca,
849 1459 865 1492 o
885 1457 970 1501 avare,
988 1440 1080 1506 impie,
1104 1438 1231 1498 crudelis,
1245 1449 1270 1488 et

734 1515 791 1565 dire
811 1523 932 1580 tyranne,
958 1510 1101 1576 diligenter
1124 1508 1232 1560 attende
1245 1519 1269 1558 et

734 1587 800 1637 dum
826 1585 917 1634 adhuc
953 1582 1025 1632 vales
1054 1591 1080 1632 te
1108 1579 1268 1635 emendare,

735 1656 812 1706 stude
826 1664 856 1713 ut
873 1655 942 1704 mala
960 1662 1088 1718 perpetua
1102 1649 1202 1716 possis,
1215 1650 1268 1699 Deo

735 1726 890 1784 auxiliante,
904 1724 1022 1775 evadere.
1035 1723 1134 1772 Amen.

768 1813 784 1864 9
799 1797 934 1856 Quouono
951 1809 1087 1844 auurarrna
1105 1811 1213 1846 oaunuu
1227 1812 1269 1846 irr-

735 1883 896 1918 samconuraa
914 1866 1119 1916 surrrcraxrrx‘t
1140 1895 1171 1904 -
1186 1867 1268 1917 Suffi-

736 1938 833 1988 cientia
847 1947 936 1987 autem
953 1935 1144 2001 praedictorum
1158 1953 1268 2003 operum

737 2008 929 2060 misericordia
958 2007 1009 2057 hoc
1024 2008 1106 2057 modo
1123 2009 1269 2075 accipitur:

736 2081 820 2131 homo
837 2079 908 2130 enim
929 2077 958 2127 in
975 2078 1028 2128 vita
1043 2079 1169 2144 praesenti
1184 2080 1270 2145 primo

736 2153 839 2218 indiget
853 2167 885 2201 ex
905 2160 979 2216 parte
995 2151 1115 2216 corporis
1130 2152 1268 2209 alimento,

736 2225 794 2275 sine
815 2240 870 2289 quo
894 2239 949 2273 non
972 2233 1059 2288 potest
1081 2240 1150 2284 esse,
1174 2224 1272 2274 scilicet

736 2298 796 2347 cibo
810 2307 836 2347 et
855 2307 929 2362 potu,
943 2308 969 2346 et
981 2296 1018 2346 sic
1034 2306 1075 2347 est
1088 2299 1191 2363 duplex
1206 2311 1272 2362 opus

737 2368 940 2431 misericordiae,
959 2367 1063 2418 scilicet
1086 2384 1195 2433 pascere
1210 2383 1272 2418 esu-

736 2439 859 2497 rientem,
886 2447 913 2488 et
936 2447 1028 2504 potare
1055 2437 1202 2489 sitientem.
1224 2439 1272 2488 Se-

737 2513 834 2572 cundo,
850 2511 952 2576 indiget
963 2510 1128 2576 tegumento,
1142 2511 1204 2562 sine
1217 2526 1270 2577 quo

738 2599 792 2633 non
809 2591 896 2648 potest
910 2583 977 2632 bene
991 2597 1058 2642 esse,
1074 2581 1178 2632 scilicet
1192 2582 1272 2632 indu-

738 2665 828 2706 mento
851 2664 876 2704 et
896 2654 1042 2714 domicilio,
1067 2655 1150 2704 etsie
1172 2654 1270 2705 iterum

737 2736 777 2776 est
790 2726 888 2791 duplex
900 2740 969 2791 opus
985 2724 1187 2785 misericordiae,
1199 2725 1272 2776 scili-

738 2806 778 2846 cet
798 2795 895 2846 vestire
918 2795 1033 2856 nudum,
1047 2805 1073 2845 et
1088 2796 1218 2861 colligere
1232 2797 1272 2845 vel

737 2869 854 2934 recipere
872 2869 1020 2935 hospitem.
1045 2870 1150 2930 Tertio,
1173 2870 1273 2936 indiget

739 2949 799 3004 post
820 2939 904 2989 vitam
927 2939 1006 2990 istam
1018 2941 1168 3006 sepultura,
1190 2951 1215 2991 et
1238 2939 1273 2991 sic

739 3019 778 3061 est
809 3010 938 3075 quintum
966 3026 1035 3077 opus
1065 3010 1273 3068 misericordie,

740 3079 840 3131 scilicet
856 3080 968 3146 sepelire
990 3090 1122 3132 mortuos.
1152 3083 1205 3132 lsta
1227 3096 1273 3131 au-

740 3164 794 3203 tem
809 3152 930 3220 quinque
947 3152 1073 3218 praedicta
1092 3164 1159 3204 sunt
1186 3152 1273 3203 omni-

741 3222 792 3272 bus
807 3223 974 3273 communia.
987 3221 1049 3271 Alia
1058 3232 1123 3272 sunt
1133 3223 1189 3274 duo
1198 3236 1273 3286 opera

741 3292 953 3353 misericordiae,
988 3308 1049 3359 quae
1081 3293 1273 3359 impenduntur

740 3362 829 3422 alicui,
851 3379 883 3413 ex
908 3363 1000 3430 aliquo
1023 3362 1161 3415 accidente
1183 3377 1272 3429 super-

740 3433 873 3494 veniente,
896 3443 926 3484 ut
946 3433 969 3483 si
990 3432 1091 3499 aliquis
1106 3434 1224 3486 incurrat
1239 3433 1273 3482 in·

741 3503 905 3565 firmitatem,
920 3505 961 3555 vel
984 3504 1104 3570 capiatur
1129 3506 1164 3556 ab
1190 3502 1272 3556 hosti·

742 3574 812 3624 bus:
829 3584 856 3624 et
874 3574 912 3625 sic
927 3573 1098 3640 accipiuntur
1121 3576 1179 3626 duo
1199 3585 1273 3640 opera

743 3643 944 3705 misericordia,
959 3659 1019 3709 quae
1034 3653 1099 3695 sunt
1110 3644 1221 3696 visitare
1234 3643 1272 3692 in-

741 3715 835 3768 firmos
864 3727 891 3768 et
919 3717 1052 3768 redimere
1087 3718 1219 3785 captivos.
1246 3715 1274 3767 u

744 3789 856 3841 nomine
892 3790 1092 3857 redemptionis
1119 3790 1274 3858 intelligitur

744 3879 826 3914 omne
857 3862 1015 3915 beneficium
1042 3864 1083 3916 eis
1117 3865 1274 3933 impensum.
