2632 4320
159 259 211 309 322

434 258 610 311 SECUNDAE
625 260 750 313 rnatts
766 262 886 314 CAPUT
898 262 990 314 xLut.

158 372 196 422 lta
215 370 291 421 enlm
308 370 459 436 poterimus
479 382 506 423 et
524 373 690 439 ignoscentia
737 373 791 425 Irni
810 375 889 427 bonis
905 393 939 427 :s
956 377 1014 429 haec
1033 376 1206 427 Bernartius.

156 441 315 494 delictorum
330 442 422 508 potiri,
431 453 461 494 et
475 444 617 510 promissis
630 459 690 511 ptr·

646 618 781 672 ORATIO

184 762 301 813 Domine
310 763 372 815 lesu
383 763 501 823 Christe,
511 764 546 815 da
557 762 626 815 mihi
641 762 742 814 imitari
756 762 869 829 signain
884 761 1022 821 sole,luna
1030 769 1056 811 et
1062 758 1160 822 stellis,
1173 758 1228 810 hoc
1237 769 1277 811 est

113 897 116 901 ,
156 832 289 901 bonorum
312 850 428 902 operum
445 834 569 901 exempla
583 833 611 884 in
624 842 650 884 te
663 835 727 884 Sole
741 833 850 898 justitiae
867 844 893 884 et
907 843 991 882 matre
1003 830 1126 898 Virgine,
1135 831 1200 881 etin
1213 845 1276 881 om-

155 903 237 955 nibus
252 906 359 956 Sanctis
372 905 437 965 tuis,
451 916 481 957 ut
496 906 542 956 fiat
560 905 588 955 in
612 913 682 955 terra
703 904 865 955 carnalitatis
879 919 947 954 meae
960 917 1085 969 pressura
1098 901 1234 968 gentium,
1248 901 1274 952 id

155 983 195 1024 est
208 985 334 1026 motuum
350 976 599 1026 incircumcisorum
620 990 675 1041 prae
694 974 851 1026 confusione
867 975 972 1025 sonitus
985 973 1165 1025 confessionIs
1177 982 1205 1023 et
1218 988 1276 1023 ma·

156 1045 194 1096 ris
213 1047 392 1108 contritionis,
410 1058 437 1097 et
454 1046 642 1098 fluctuantium
654 1046 841 1102 afflictIonurm
854 1041 1037 1096 arescentibus
1051 1045 1078 1095 in
1089 1061 1134 1096 me
1147 1044 1276 1094 humanis

156 1120 389 1186 concupiscentiis,
401 1135 456 1186 prae
479 1121 577 1171 timore
591 1120 723 1186 gehennae
738 1128 765 1169 et
779 1119 976 1185 exspectatione
995 1117 1088 1185 gloriae
1108 1132 1170 1184 quae
1182 1131 1276 1183 super·

157 1189 265 1240 venient
285 1191 410 1242 universo
433 1190 510 1254 orbi,
526 1191 635 1257 quando
656 1189 805 1256 unicuique
829 1190 978 1239 secundum
1003 1204 1083 1254 opera
1108 1203 1159 1238 rua
1183 1187 1274 1249 dabis3

157 1258 269 1312 virtutes
285 1262 366 1312 etiam
379 1261 518 1324 coelorum,
537 1260 638 1311 scilicet
655 1260 782 1327 potentiae
800 1259 898 1310 animae
911 1270 1070 1310 moveantur
1089 1258 1122 1308 de
1136 1257 1238 1308 rirtme
1247 1257 1275 1307 in

156 1329 292 1394 virtutem,
306 1343 336 1384 ut
354 1342 462 1398 paratus
479 1331 600 1384 inveniar
613 1331 642 1382 in
657 1331 774 1382 adventu
787 1341 843 1382 tuo.
857 1330 955 1382 Amen.

554 1709 723 1780 CAPUT
745 1708 869 1776 XLIII

237 1936 250 1967 Ο

427 1960 478 2027 De
500 1959 651 2029 adventu
677 1958 820 2027 Christi
840 1957 992 2037 dedicit.

376 2205 520 2268 Matthaei
545 2227 612 2288 cap.
648 2228 690 2287 24
717 2220 746 2268 et
774 2205 870 2269 Lucae
897 2226 965 2288 cap.
994 2227 1046 2268 21.

188 2460 198 2493 1
214 2444 361 2494 Arrantrro
378 2445 685 2506 cnucrs,urstsnuuF1·

153 2530 191 2564 ιττ
214 2519 385 2567 noturus'-
407 2516 447 2566 Et
475 2523 550 2579 tutte,
582 2515 685 2566 scilicet

146 2597 215 2654 ,post
234 2589 360 2654 praedicta
373 2587 451 2654 signa
474 2603 521 2653 per
534 2587 684 2637 Dominum

152 2669 228 2718 tacta,
248 2660 356 2725 parebit
381 2659 448 2709 hora
462 2674 516 2724 qua
530 2674 586 2708 non
604 2668 684 2724 puta-

152 2738 204 2789 tur,
231 2730 298 2779 hora
321 2730 394 2779 enim
422 2729 515 2793 judicii
537 2729 683 2794 ignoratur,

151 2800 259 2866 tIgnum
284 2799 353 2850 Filii
374 2800 497 2863 hominis,
523 2799 624 2849 scilicet
643 2800 684 2850 si-

151 2885 237 2934 gnum
262 2871 356 2930 crucis,
379 2871 406 2920 in
430 2870 504 2932 caelo,
528 2870 578 2919 hoc
598 2870 683 2919 estin

151 2954 224 3004 aere,
251 2940 299 3006 qui
325 2942 471 3007 ailquando
495 2940 524 2990 in
548 2939 684 3006 Scriptura

152 3015 248 3064 coelum
263 3025 380 3076 vocatur,
393 3026 423 3066 ut
440 3030 535 3080 passus
549 3014 578 3064 in
589 3015 684 3065 humi-

149 3085 226 3136 litate
251 3085 430 3152 ignominIam
452 3087 547 3147 crucis,
564 3088 685 3137 ostendat

152 3159 182 3208 in
196 3173 245 3209 sua
265 3159 373 3209 veniens
389 3160 525 3223 maiestate
538 3160 684 3209 salutarem

151 3231 269 3282 fructum
280 3241 306 3281 et
319 3231 478 3296 dignitatem
491 3232 612 3296 ejusdem
624 3232 684 3298 glo·

151 3302 231 3353 riosae
247 3302 344 3353 crucis.
366 3302 467 3352 Filium
480 3302 602 3363 hominis,
628 3318 682 3351 non

151 3374 254 3424 Filium
269 3373 317 3424 Dei
328 3389 356 3425 se
365 3373 410 3423 hic
419 3374 543 3438 appellat,
554 3373 617 3439 quia
628 3389 681 3422 non

151 3446 180 3496 in
198 3446 285 3498 forma
299 3445 357 3509 Dei,
374 3446 420 3496 sed
431 3445 562 3495 'hominis
581 3445 682 3510 judica-

150 3517 199 3567 bit.
209 3518 362 3568 Secundum
376 3516 607 3582 Chrysosiomum‚
617 3530 681 3565 crux

151 3588 289 3654 apparebit
310 3590 367 3638 sole
380 3585 543 3636 luculentior
556 3584 681 3649 existens,

149 3669 180 3708 ut
203 3675 257 3709 non
282 3659 319 3709 sit
341 3657 483 3708 necessitas
504 3656 682 3706 accusationis

150 3744 211 3779 cum
224 3729 342 3780 viderint
353 3745 471 3787 crucem,
484 3728 532 3777 scd
543 3742 590 3793 per
600 3742 638 3787 se,
648 3727 682 3777 si-

150 3814 184 3849 ne
195 3801 364 3851 excusatione
373 3799 578 3850 condemnabile
587 3813 680 3848 eorum

149 3869 285 3922 efficiatur
293 3883 441 3938 peccatum,
452 3871 680 3937 quemadmodum

740 2448 763 2497 si
790 2447 854 2512 quis
880 2445 968 2512 lapide
993 2447 1164 2504 vulneratus,
1183 2446 1269 2512 Ipsum

739 2518 857 2567 ostendit
881 2517 1016 2582 lapidem,
1043 2518 1087 2568 vel
1111 2517 1270 2568 vestimenta

738 2589 872 2656 sanguine
890 2589 1047 2639 madefacta.
1063 2589 1106 2653 Et,
1121 2590 1269 2640 secundum

739 2659 865 2711 eumdem
889 2659 1123 2726 Chrysostomm,
1143 2677 1199 2711 non
1220 2660 1269 2711 erit

739 2746 804 2781 crux
813 2731 926 2796 lignum,
945 2730 974 2779 in
990 2745 1044 2794 quo
1060 2730 1164 2782 scilicet
1177 2745 1269 2797 passus

740 2812 780 2851 est
803 2802 948 2863 Dominus,
970 2802 1016 2850 sed
1040 2802 1087 2850 lux
1113 2801 1143 2851 in
1158 2803 1269 2852 modum

738 2871 827 2922 crucis
853 2871 1020 2937 splendidior
1049 2872 1116 2922 sole.
1142 2872 1195 2923 Per
1220 2873 1270 2923 hoc

738 2953 829 2993 autem
844 2943 955 3009 signum
970 2942 1057 2992 crucis
1076 2943 1191 3010 intelligi
1206 2959 1270 3010 pos·

738 3023 803 3064 sunt
827 3015 907 3064 etiarn
933 3013 985 3064 alia
1010 3014 1095 3079 signa,
1122 3025 1150 3065 et
1175 3015 1272 3066 instru-

738 3095 829 3136 menta
842 3101 898 3135 suae
915 3085 1050 3135 Passionis
1071 3095 1098 3136 et
1115 3087 1270 3137 mortiszut

738 3156 815 3218 clavi,
833 3158 939 3215 lancea,
971 3171 1077 3217 corona,
1105 3167 1134 3208 et
1157 3158 1269 3224 flagella,

738 3244 799 3295 quae
825 3228 902 3295 quasi
920 3229 1017 3280 vexilla
1028 3227 1174 3294 ttiumphi,
1188 3238 1217 3279 et
1228 3228 1269 3277 vi-

737 3303 828 3353 ctoriae
842 3303 870 3353 in
884 3302 1013 3368 judicium
1030 3300 1193 3352 deferentur.
1208 3300 1269 3361 Qui·

737 3374 799 3425 dam
828 3386 918 3425 autem
947 3391 994 3440 per
1029 3374 1082 3424 hoc
1114 3374 1267 3441 intelligunt

737 3446 869 3497 cicatrices
894 3461 941 3497 seu
955 3446 1089 3512 stigmata,
1103 3454 1131 3496 et
1144 3446 1267 3497 testimo-

737 3517 814 3569 nium
841 3516 976 3569 Passionis
997 3517 1024 3567 in
1047 3531 1129 3567 carne
1152 3518 1226 3579 Jesu,
1239 3525 1266 3568 ut

736 3588 879 3654 impleatur
898 3588 966 3638 illud
992 3588 1128 3638 Zachariae
1153 3605 1161 3638 :
1186 3589 1266 3657 ,4ῃί-

737 3658 807 3709 cient
828 3659 864 3709 ad
893 3673 951 3721 me,
980 3674 1056 3724 quem
1086 3660 1267 3729 confixerunt.

736 3729 816 3780 Unde
829 3731 1039 3797 Hieronymus:
1056 3749 1070 3778 a
1086 3730 1205 3798 Signum
1219 3746 1265 3782 att·

736 3810 791 3850 tem
818 3800 864 3850 hic
891 3801 979 3851 crucIs
1008 3801 1212 3869 intelligamus,
1239 3811 1265 3851 ut

735 3871 820 3922 Judaei
833 3871 943 3922 videant
959 3871 1089 3939 inquens
1104 3886 1265 3941 compunxe-
