2632 4320
123 255 177 307 266

388 252 562 303 SECUNDAE
580 250 704 302 PARTIS
718 250 835 302 CAPUT
851 252 958 302 XXXV.

523 684 696 756 CAPUT
722 685 856 754 XXXV

151 939 206 1006 De
231 938 421 1028 quastione
440 959 545 1028 super
570 936 707 1004 tributo
735 937 917 1016 solvendo,
942 948 977 1005 et
1000 938 1043 1005 de
1069 937 1221 1006 mrrlr'ere

480 1061 605 1144 septem
624 1051 722 1122 viros
736 1051 889 1122 habente.

371 1301 515 1363 Matthaei
536 1321 608 1384 cap.
625 1323 666 1364 22
686 1315 717 1364 et
741 1302 837 1364 Lucre
866 1322 933 1386 cap.
954 1324 1005 1366 20.

165 1557 173 1590 1
190 1540 350 1589 llrrocnrrm
360 1554 545 1590 nasamones
557 1555 591 1588 nr
600 1555 665 1589 nuu-

130 1626 251 1662 nnronas
265 1627 338 1670 Qum
348 1626 406 1662 srnr
417 1611 621 1663 narasrnnuas!
634 1641 666 1650 -

136 1683 219 1745 Tunc,
237 1682 338 1732 scilicet
352 1691 413 1747 post
427 1683 563 1748 predicta,
578 1693 604 1733 et
620 1698 666 1733 ea-

132 1755 191 1805 dem
207 1754 272 1804 feria
288 1754 373 1817 tertia,
387 1755 513 1805 abeuntes
528 1753 667 1806 Pharisaei

133 1827 166 1875 ad
182 1826 359 1888 Herodianos,
375 1827 516 1877 eonsilium
540 1827 665 1891 inierunt,

135 1906 163 1949 ut
184 1915 217 1949 cx
239 1898 381 1948 collatione
407 1899 545 1948 communi
569 1899 667 1949 melius

134 1971 330 2037 perpenderent
353 1972 468 2037 qualiter
482 1972 573 2022 Jesum
594 1971 667 2021 deci-

135 2057 198 2107 pere
214 2051 343 2107 possent;
359 2052 384 2091 et
395 2056 463 2105 eum,
479 2057 560 2108 quem
576 2056 668 2108 capere

136 2128 188 2162 non
205 2122 327 2176 poterant
343 2113 372 2162 in
393 2114 464 2163 malo
479 2128 567 2178 opere,
586 2127 668 2177 cape-

136 2188 196 2232 rent
207 2184 233 2232 in
250 2197 379 2244 sermone,
395 2184 459 2248 quia
475 2184 580 2234 facilius
593 2183 668 2249 capi-

135 2265 179 2303 tur
194 2253 275 2302 homo
290 2253 318 2303 in
331 2254 429 2314 verbis,
444 2270 527 2321 quam
540 2255 570 2304 in
583 2254 668 2306 factis.

135 2323 174 2373 Et
194 2323 300 2373 mittunt
322 2323 348 2374 ei
371 2324 527 2390 discipulos,
551 2327 670 2376 desecta

136 2408 193 2456 sua,
215 2408 274 2444 cum
300 2394 477 2459 Her-odionis,
502 2395 529 2446 id
551 2405 591 2446 est
613 2395 669 2446 mi-

139 2463 231 2514 nistris
246 2465 362 2516 Herodis
377 2464 424 2532 qui
440 2477 559 2532 exparte
577 2467 669 2517 Caesa-

137 2537 174 2587 ris
196 2548 325 2602 praeerant
340 2538 450 2589 tributis
466 2555 472 2590 :
489 2549 519 2590 ut
541 2539 669 2606 discipuli

135 2621 261 2675 caperent
283 2611 312 2660 in
340 2626 477 2672 sermone,
501 2623 527 2662 et
550 2612 669 2663 ministri

138 2693 259 2748 raperent
269 2700 330 2751 eum
345 2686 377 2734 ad
391 2685 558 2750 puniendum
574 2686 600 2734 in
614 2701 670 2735 cor-

139 2768 212 2818 pore.
227 2752 378 2804 Secundum
394 2756 625 2822 Chrysostomum,
636 2771 670 2805 ne

137 2823 206 2874 forte
214 2824 349 2886 Pharisaei,
358 2825 466 2877 Christo
479 2827 536 2876 noti
547 2837 572 2877 et
580 2842 670 2892 suspe-

139 2896 182 2956 cti,
198 2897 391 2949 circumvenire
403 2915 466 2950 eum
481 2915 535 2950 non
550 2910 669 2964 possent,

139 2968 202 3030 quia
220 2985 310 3019 coram
326 2970 365 3020 eis
379 2970 430 3020 sibi
447 2971 476 3022 in
494 2971 582 3022 verbis
595 2986 671 3022 cave-

140 3054 187 3104 ret,
203 3041 314 3092 mittunt
328 3044 483 3110 discipulos,
498 3043 574 3112 quasi
590 3044 669 3110 igno·

140 3125 190 3173 tos,
206 3124 235 3164 ut
249 3113 353 3165 facilius
367 3116 526 3181 deciperent,
539 3126 565 3166 et
578 3117 671 3166 minus

140 3185 325 3234 erubescerent
335 3186 495 3251 deprehensi
505 3202 512 3248 3
528 3196 553 3236 et
564 3195 672 3252 propter

140 3255 203 3315 hoc,
223 3271 269 3305 eos
291 3265 316 3306 et
341 3256 455 3306 Herodis
471 3256 612 3306 ministros
630 3255 672 3306 si-

141 3328 199 3377 rnul
233 3328 351 3389 mittunt,
371 3337 401 3378 ut
424 3329 603 3394 quodcunque
626 3328 671 3377 di-

140 3401 217 3462 xerit,
230 3402 446 3468 reprehendatur.
461 3401 673 3452 Et'circumdant

141 3489 213 3536 eum,
226 3475 295 3526 sicut
309 3491 372 3542 apes
387 3475 439 3525 mel
455 3474 482 3524 in
497 3489 544 3524 ore
566 3483 592 3524 et
605 3489 672 3524 acu-

141 3545 214 3594 leum
229 3545 258 3595 in
271 3555 344 3611 tergo
359 3554 503 3611 portantes,
517 3552 543 3593 et
556 3544 673 3594 adulato-

139 3615 179 3664 rie
206 3616 398 3666 commendant
428 3615 457 3665 in
482 3629 512 3664 eo
538 3614 671 3678 triplicem

140 3685 288 3746 veritatem,
304 3687 422 3737 dicentes
437 3702 444 3735 ι
459 3684 607 3751 Magister,
623 3685 672 3734 sci·

140 3771 199 3806 inus
223 3759 286 3824 quia
311 3773 399 3809 verax
424 3773 461 3820 es,
489 3765 618 3823 quantum
638 3757 671 3806 ad

139 3826 221 3876 vitam
246 3844 301 3878 non
322 3828 469 3895 hypocrita,
491 3842 550 3878 ecce
572 3825 671 3878 veritas

137 3898 215 3962 vitre,
230 3905 256 3950 et
272 3901 344 3952 viam
365 3900 425 3963 Dei,
440 3916 492 3967 qua
505 3899 603 3950 scilicet
615 3898 669 3949 itur

718 1543 751 1592 ad
766 1543 863 1604 Deum,
878 1544 905 1594 in
922 1544 1033 1595 veritate
1051 1545 1139 1608 doces,
1160 1559 1253 1611 quan-

719 1623 778 1663 tum
793 1614 825 1663 ad
847 1629 941 1664 sanam
955 1614 1115 1678 doctrinam,
1130 1630 1192 1666 ecce
1205 1629 1253 1667 ve-

719 1683 785 1733 ritas
798 1683 940 1748 doctrinae;
957 1691 984 1734 et
994 1700 1045 1735 non
1059 1685 1163 1737 esttibi
1175 1698 1252 1748 eura,

719 1754 748 1805 id
768 1765 809 1806 est
832 1755 915 1806 timor
937 1758 979 1808 vel
997 1756 1079 1818 favor,
1102 1756 1136 1808 de
1150 1752 1255 1825 aliquo,

720 1837 854 1892 quantum
872 1828 905 1877 ad
927 1827 1068 1892 justitiam,
1097 1827 1125 1878 id
1143 1837 1186 1879 est
1200 1843 1269 1887 nou,

720 1899 836 1949 attendis
852 1900 981 1965 aliquem,
994 1909 1024 1949 ut
1037 1899 1154 1964 accipias
1167 1914 1255 1966 perso·

720 1985 791 2031 nam,
807 1971 879 2019 unde
891 1971 1051 2035 exponendo
1065 1970 1253 2036 subjungunt}

721 2042 784 2093 Non
800 2042 868 2092 enim
886 2043 1000 2109 respicis
1014 2056 1151 2108 personas
1169 2041 1253 2093 homi·

720 2128 791 2175 num,
809 2113 855 2162 sed
879 2113 1002 2162 distincte
1017 2111 1085 2162 dicis
1106 2111 1253 2177 majoribus

720 2194 748 2235 et
762 2184 915 2234 minoribus
931 2183 1079 2246 veritatem,
1101 2196 1162 2233 ecce
1182 2182 1253 2233 veri-

721 2267 761 2307 tas
786 2257 904 2321 justitiae.
931 2257 983 2306 Sed
1008 2271 1023 2306 e
1053 2265 1150 2306 contra
1177 2254 1253 2306 multi

722 2327 847 2378 moderni
884 2326 1009 2386 faciunt,
1040 2326 1088 2392 qui
1123 2339 1253 2392 pauperes

722 2398 910 2465 delinquentes
936 2398 1042 2464 publice
1068 2407 1203 2465 arguunt,
1227 2407 1252 2446 et

723 2467 904 2533 confundunt,
924 2469 971 2519 sed
1000 2466 1132 2518 divitibus
1155 2467 1254 2534 majora

723 2539 896 2606 peccantibus
907 2553 954 2589 nec
968 2547 1066 2589 nutum
1079 2536 1192 2588 faciunt.
1206 2537 1254 2588 Se-

723 2613 843 2663 cundum
858 2611 1090 2678 chrysostomum,
1106 2611 1181 2660 inter
1195 2622 1254 2659 orn·

723 2685 769 2735 nia
789 2694 893 2750 peccata
910 2678 1087 2743 sacerdotum,
1104 2682 1252 2732 maximum

723 2766 763 2806 est
771 2756 844 2822 quod
856 2769 984 2820 personas
995 2753 1153 2819 respiciunt,
1165 2763 1192 2804 et
1200 2767 1253 2804 non

724 2841 825 2878 causas.
847 2827 880 2876 Et
895 2825 955 2875 ideo
976 2826 1060 2890 justos
1083 2834 1109 2874 et
1127 2836 1254 2892 pauperes

724 2899 912 2966 despicientes,
927 2897 1036 2963 iniquos
1050 2906 1076 2948 et
1088 2898 1188 2949 divites
1199 2911 1255 2964 pro

724 2979 834 3022 movent
853 2981 879 3020 et
892 2970 1016 3020 exaltant.
1032 2969 1069 3019 Ut
1083 2979 1176 3019 autem
1193 2966 1274 3018 dicit·

724 3044 796 3094 idem
822 3044 1033 3111 Chrysostomus
1047 3059 1055 3091 :
1068 3059 1082 3089 n
1096 3041 1256 3108 Magistrum

723 3130 785 3165 eum
799 3124 902 3173 vocant,
917 3123 942 3163 et
954 3127 1073 3163 veracem
1089 3113 1256 3178 Magistrum,

726 3196 757 3236 ut
767 3185 847 3252 quasi
859 3185 1009 3235 venerando
1020 3198 1082 3233 eum
1094 3182 1257 3248 deciperent,

705 3264 751 3323 ¹et
769 3266 801 3306 ut
820 3255 899 3321 quasi
920 3255 1068 3305 honoratus
1094 3263 1122 3303 et
1136 3253 1258 3303 laudatus

725 3327 884 3393 mysterium
897 3326 939 3376 sui
952 3325 1039 3376 cordis
1049 3324 1213 3390 simpliciter
1221 3321 1259 3374 eis

724 3398 847 3464 aperiret,
862 3406 989 3462 tanquam
998 3397 1091 3446 volens
1101 3410 1149 3444 eos
1161 3394 1260 3445 habere

725 3468 880 3534 discipulos
894 3470 958 3519 Haec
967 3477 1007 3518 est
1020 3467 1092 3517 enim
1106 3465 1261 3533 hypocrita·

725 3554 785 3589 rum
800 3538 888 3602 prima
902 3538 1047 3596 simulatio,
1057 3536 1191 3600 laudatio;
1206 3536 1262 3585 lau·

726 3609 790 3660 dant
803 3609 877 3659 enim
891 3625 960 3676 quos
975 3608 1084 3674 perdere
1105 3606 1212 3665 volunt,
1231 3612 1263 3654 ut

726 3696 773 3747 per
793 3680 995 3750 delectationem
1019 3675 1106 3728 laudis
1128 3675 1262 3742 paulatim

726 3754 806 3804 corda
831 3752 976 3802 hominum
999 3751 1032 3800 ad
1056 3748 1262 3814 simplicitatem

727 3825 852 3892 benignae
874 3822 1049 3875 confessionis
1073 3819 1209 3871 inclinent
1227 3836 1262 3870 :s

727 3898 784 3948 haec
811 3896 1032 3961 chrysostomus.
1066 3891 1127 3942 Istis
1156 3889 1264 3942 similes
