2632 4320
143 333 192 385 DE
208 333 305 386 REGE
316 332 377 392 QUI
390 332 526 386 VOLUIT
542 331 624 384 RAT.
639 332 783 388 PONERE
798 337 874 393 CUM
889 340 988 392 SERV.
1011 340 1095 392 suls.
1145 339 1177 407 73

64 448 154 510 dendo,
170 460 225 501 eta
240 449 421 502 familiaritate
434 459 461 501 et
473 447 592 499 amicitia

64 523 176 589 proximi
191 540 221 575 se
237 523 396 586 alienando;
411 529 438 573 et
452 521 524 572 misit
533 535 592 572 eum

62 595 84 644 in
102 605 258 658 aaronem·
277 593 418 646 crudeliter
439 592 591 659 affligendo,

60 666 141 717 donec
151 665 280 717 redderet
296 664 411 717 debitum
432 663 553 730 plenarie
566 673 593 714 et

59 739 88 789 ad
102 747 205 789 nutum
219 736 417 788 satisfaciendo.
437 737 487 786 Hic
506 751 593 786 carcer

59 807 183 860 infernus
195 816 283 874 potest
295 806 417 874 intelligi.
427 806 520 857 Toties
529 821 593 858 vero

57 890 214 946 peccantem
250 878 280 929 in
308 894 358 929 nos
382 877 536 944 proximum
565 876 593 927 in

57 967 190 1002 carcerem
219 950 370 1010 mittimus,
398 949 505 1016 quoties
535 949 592 1014 ejus

56 1023 141 1090 culpae
163 1037 220 1072 non
248 1021 438 1090 indulgemus;
459 1030 591 1088 quantum

55 1094 174 1145 enimin
192 1092 272 1144 nobis
287 1103 335 1154 est,
352 1094 418 1144 dum
435 1108 490 1144 non
504 1091 592 1159 parci-

56 1181 130 1228 mus,
146 1165 247 1216 carceri
264 1166 434 1216 damnamus.

85 1253 105 1303 4
142 1237 300 1288 moraurrro
333 1251 523 1287 corservonuu
558 1251 592 1286 rr

55 1323 143 1360 neers.
176 1335 209 1346 -
245 1307 367 1358 Videntes
394 1313 482 1360 aurern
526 1320 592 1358 con-

56 1379 132 1433 serui
163 1377 237 1445 ejus,
263 1377 362 1428 scilicet
390 1377 505 1443 Angeli,
534 1376 592 1442 qui,

54 1449 208 1502 secundum
234 1447 441 1514 Apocalypsim,
471 1446 592 1498 conservi

56 1529 123 1572 sunt
139 1518 246 1570 nostri:
262 1518 326 1584 quia
341 1518 460 1583 ejusdem
480 1517 592 1569 Domini

55 1589 155 1643 sumus
179 1589 259 1651 servi,
283 1604 343 1655 quae
356 1590 469 1656 fiebant,
491 1590 592 1640 scilicet

56 1661 203 1712 crudeliter
229 1675 245 1710 a
274 1675 350 1711 servo
375 1660 404 1711 in
432 1675 591 1712 conservum

56 1747 159 1796 suum3
174 1731 269 1782 omnia
284 1732 357 1782 enim
370 1747 449 1798 opera
464 1747 525 1799 quae
538 1732 593 1798 agi-

57 1817 133 1864 mus,
146 1813 173 1854 et
189 1802 321 1869 supplicia
340 1818 401 1869 quae
416 1803 534 1869 patimur
547 1803 592 1854 vi-

57 1876 136 1939 dent,
152 1885 178 1928 et
200 1891 290 1927 coram
309 1876 365 1926 Deo
384 1886 591 1943 repraesentant3

57 1957 115 1998 tres
128 1947 200 1999 enim
219 1956 301 1998 testes
320 1946 451 1998 habemus
464 1962 480 1999 a
493 1946 593 2013 quibus

58 2034 116 2069 oon
135 2017 337 2078 abscondimur,
355 2017 456 2068 scilicet
472 2035 479 2070 a
494 2017 591 2078 Deum,

55 2089 179 2154 Angelos
193 2098 309 2149 sanctos.
330 2097 356 2138 et
371 2087 517 2139 daemones.
544 2087 593 2138 Vi-

56 2159 160 2225 dentes,
189 2159 320 2227 inquam,
349 2159 501 2211 contristati
529 2164 592 2210 sunl

57 2229 138 2280 ualde
171 2229 206 2280 de
230 2230 423 2295 ingratitudine
453 2239 479 2281 et
515 2230 592 2296 culpa

56 2302 138 2364 servi,
164 2303 197 2353 de
220 2303 363 2354 afflictione
385 2313 410 2354 et
424 2319 503 2369 poena
522 2319 591 2354 con-

55 2372 138 2427 servi.
154 2374 250 2440 Angeli
265 2373 338 2424 enirn
352 2374 547 2426 contristantur
559 2373 591 2424 ad

56 2445 176 2510 culpam,
191 2445 316 2495 letantur
339 2445 373 2495 ad
396 2444 590 2510 poenitentiam,

56 2515 188 2568 ecferunt
202 2517 306 2569 animas
317 2517 349 2567 ad
361 2517 475 2583 gloriam
488 2533 495 2580 ;
513 2524 538 2568 et
552 2533 593 2568 ve·

57 2592 164 2651 nerunt,
181 2593 207 2638 et
218 2593 399 2638 narraverunt
412 2589 527 2639 Domino
543 2603 591 2639 ruo

56 2657 157 2722 omnia,
179 2659 212 2709 ad
239 2658 326 2713 Deum
346 2656 497 2718 referendo,
524 2672 591 2708 con·

57 2729 206 2793 querendo,
224 2738 249 2779 et
262 2728 395 2779 auxilium
409 2728 591 2794 implorando.

57 2801 118 2863 Vel,
135 2801 181 2853 isti
194 2801 317 2853 conservi
340 2813 405 2852 sunt
419 2801 591 2859 ecclesiarum

59 2869 188 2933 ministri,
208 2882 234 2922 et
248 2871 350 2939 quique
363 2870 456 2922 fideles
474 2880 499 2922 et
518 2872 591 2938 justi,

60 2942 108 3009 qui
118 2943 240 2995 videntes
252 2943 435 2996 crudelitatem
445 2945 591 2995 hominum

61 3029 123 3081 erga
134 3016 282 3082 proximos,
295 3018 336 3068 vel
351 3016 469 3083 aliquem
484 3016 592 3067 fratrem

61 3084 249 3137 remissionem
267 3096 434 3152 peccatorum
457 3086 592 3153 adeptum,

62 3170 117 3206 uon
141 3157 210 3210 velle
237 3156 359 3224 misereri
387 3157 509 3208 conservi
532 3156 591 3216 sui,

63 3225 263 3289 contristantur,
278 3225 342 3293 quia
355 3227 387 3277 ad
402 3226 525 3277 eamdem
539 3225 592 3276 rir-

64 3303 144 3348 tutem
159 3296 276 3362 pertinet
298 3297 412 3362 gaudere
428 3297 549 3346 debono
565 3307 592 3347 et

65 3366 210 3418 contristari
224 3367 257 3417 de
273 3367 362 3431 malo;
380 3376 406 3417 et
420 3376 530 3417 narrant
541 3367 593 3417 Do-

66 3436 146 3500 mino,
174 3439 239 3506 quia
260 3439 290 3489 in
312 3438 434 3490 oratione
453 3449 549 3505 petunt
577 3456 592 3490 a

67 3506 178 3563 Domino
190 3511 254 3562 talia
267 3510 378 3577 judicari
393 3511 425 3561 ad
440 3511 592 3563 declaratio-

68 3594 125 3631 nem
145 3581 266 3647 justitioe,
287 3598 342 3633 non
364 3597 396 3632 ex
422 3581 508 3632 livore
529 3582 592 3633 vin-

68 3647 147 3705 dictae.
173 3652 235 3716 Vel,
266 3651 385 3702 Domino
419 3666 526 3702 narrare
553 3664 592 3703 est

68 3717 166 3774 dolores
193 3731 220 3774 et
244 3723 421 3775 contritiones
450 3720 539 3772 cordis
564 3721 592 3771 in

68 3805 113 3847 suo
133 3795 227 3848 affectu
250 3796 306 3849 Deo
323 3796 517 3846 demonstrare.
532 3795 590 3856 Vel,

69 3879 124 3920 cum
137 3869 249 3925 veniunt
270 3868 304 3920 ad
322 3867 481 3930 Dominum,
504 3867 531 3919 id
553 3877 593 3918 est

68 3935 98 3986 ad
109 3938 256 4007 prelatum,
276 3938 324 4005 qui
343 3938 430 3991 vicem
447 3938 497 3990 Dei
523 3937 592 4005 gerit

646 449 777 512 interris,
798 453 957 507 denuntiant
979 455 1003 507 ei
1021 455 1091 506 mala
1111 454 1181 507 facta

645 522 781 577 adfinem
806 528 987 580 correctionis.
1006 529 1083 579 Tunc
1097 543 1180 579 voca-

646 593 683 646 uit
707 610 765 646 eum
786 598 919 650 Dominus
942 615 989 666 per
1016 599 1180 653 sententiam

647 668 752 729 mortis,
779 680 805 721 et
826 672 859 722 de
882 672 933 722 hoc
954 674 1044 723 seculo
1064 673 1181 739 migrare

644 739 732 803 jussit,
764 751 794 792 ut
826 743 859 792 de
884 743 1013 794 omnibus
1044 744 1179 795 rationem

644 809 745 861 reddat.
760 812 837 863 Unde
851 813 994 879 Remigius
1010 832 1018 864 .·
1035 833 1050 861 u
1064 815 1127 865 Haec
1138 829 1183 865 νο,

645 879 713 930 catio
735 897 790 932 non
814 881 844 934 fit
861 884 942 934 modo
964 885 1039 935 intus
1062 884 1090 935 in
1112 901 1179 936 con-

645 951 764 1015 scientia,
775 955 822 1005 sed
836 955 866 1007 fit
874 955 991 1008 exterius
1002 957 1149 1022 injudicio.
1163 977 1177 1006 a

644 1022 683 1073 Et
705 1025 746 1075 ait
770 1026 814 1077 illi
834 1045 843 1081 .-
860 1028 945 1079 Serve
970 1043 1088 1094 nequam,
1116 1028 1180 1095 quia

645 1110 700 1144 non
725 1105 766 1147 est
788 1112 892 1164 aequus,
917 1099 964 1153 sed
985 1097 1098 1164 iniquus
1116 1099 1182 1150 reci·

645 1165 744 1230 piendo
763 1167 985 1229 misericordiam,
1011 1178 1037 1219 et
1063 1169 1179 1220 redden-

644 1238 679 1288 do
700 1239 953 1293 immisericordiam
971 1258 1018 1293 seu
1036 1241 1175 1306 injuriam3

645 1324 721 1361 omne
745 1312 859 1363 debitum
885 1314 975 1365 dimisi
1001 1313 1056 1376 tibi,
1083 1313 1110 1363 id
1138 1323 1179 1365 est

644 1397 770 1447 magnam
784 1382 913 1435 offensam
940 1384 969 1435 in
988 1399 1032 1435 me
1047 1383 1178 1436 commis-

645 1466 711 1503 sam.
726 1453 755 1502 ln
769 1453 830 1518 hoc,
845 1455 993 1505 secundum
1011 1456 1180 1523 Chrysosto-

645 1538 723 1586 inum,
742 1534 812 1589 patet
824 1541 953 1592 magnum
968 1541 1027 1578 esse
1041 1536 1179 1592 peccatum

644 1594 863 1662 ingratitudinis3
878 1612 941 1646 nam
956 1596 1054 1662 primo,
1069 1596 1179 1662 quando

644 1665 750 1715 debitor
768 1674 824 1717 erat
841 1666 932 1717 decem
957 1667 1074 1717 millium
1095 1667 1182 1718 talen-

646 1745 745 1796 torum,
765 1752 820 1785 non
847 1751 910 1786 eum
927 1750 1039 1803 nequam
1060 1738 1181 1802 appella-

645 1805 692 1867 vit,
719 1821 774 1856 non
801 1805 854 1856 sibi
879 1806 1034 1870 insultavit;
1063 1808 1109 1856 sed
1132 1807 1180 1856 ubi

645 1876 761 1927 incurrit
784 1877 881 1927 vitium
900 1888 982 1930 tantae
1005 1877 1181 1943 ingratitudi-

644 1947 696 2009 nis,
711 1947 803 1998 animo
818 1947 886 1999 irato
906 1948 944 2000 ait
959 1949 984 2000 ei
1001 1966 1007 1999 :
1026 1949 1110 2000 Serve
1130 1961 1181 1998 ne-

644 2032 732 2084 quam,
749 2019 813 2085 quia
826 2020 900 2085 pejor
920 2035 950 2071 es
973 2019 1081 2072 effectus
1097 2035 1180 2086 quam

645 2088 751 2154 primo;
765 2106 836 2152 nam,
844 2092 992 2142 secundum
1005 2091 1179 2157 Gregorium,

644 2160 714 2212 sicut
738 2161 803 2212 boni
826 2162 1000 2214 contumeliis
1023 2161 1178 2213 efficiuntur

645 2233 779 2299 meliores,
797 2231 834 2283 sic
846 2248 953 2300 semper
967 2233 1075 2300 reprobi
1089 2234 1122 2284 de
1137 2233 1179 2284 be·

646 2303 741 2354 neficio
766 2302 918 2355 efficiuntur
943 2305 1054 2371 pejores.
1083 2305 1180 2356 Nonne

644 2392 712 2444 ergo
736 2378 855 2442 oportuit
870 2383 898 2428 et
918 2384 944 2428 te
969 2377 1091 2428 misereri
1116 2390 1180 2427 con-

644 2448 717 2499 servi
739 2449 786 2510 tui,
809 2448 969 2499 remittendo
993 2463 1083 2514 parva,
1108 2447 1179 2498 sicut

645 2524 670 2568 et
683 2531 735 2585 ego
750 2517 789 2568 tui
801 2517 926 2567 miser-tur
935 2531 1001 2580 sum,
1015 2515 1179 2567 remittendo

644 2586 760 2653 majora?
769 2587 849 2637 Nulla
861 2586 962 2653 quippe
980 2585 1178 2636 interveniente

643 2656 831 2718 satisfactione,
842 2657 889 2707 sed
898 2657 933 2707 ob
945 2656 996 2706 hoc
1004 2655 1103 2715 solum,
1115 2653 1179 2720 quia
1265 2708 1268 2712 ,

644 2728 753 2795 rogarii
766 2741 815 2790 me,
831 2728 930 2794 rogasti
945 2726 1114 2787 dilationem,
1130 2724 1178 2776 sed

645 2799 767 2851 meruisti
785 2798 974 2854 remissionem
984 2813 992 2862 ;
1013 2796 1178 2863 oportuisset

644 2871 755 2938 quidem
766 2879 796 2921 ut
811 2871 857 2921 tali
872 2877 1031 2935 provocatus
1046 2865 1177 2918 beneficio

645 2953 733 2994 tutum
750 2941 831 2992 etiam
846 2940 967 2992 debiturn
984 2940 1116 2991 relaxares
1128 2955 1175 2989 ro-

645 3012 732 3078 ganti,
748 3013 794 3062 sed
807 3023 837 3062 tu
852 3011 933 3062 etiarn
944 3010 1117 3077 quodminus
1128 3019 1177 3071 est,

645 3083 730 3134 facere
742 3081 863 3144 noluisti,
876 3081 940 3149 quia
949 3081 1106 3132 dilationem
1117 3096 1179 3131 con·

645 3153 738 3204 cedere
763 3153 902 3206 recusasti.
926 3154 978 3205 Ubi
1007 3153 1178 3222 Chrysorro-

646 3239 705 3275 mus
719 3243 728 3275 .-
743 3243 757 3272 u
775 3224 803 3274 Si
824 3240 903 3290 grave
916 3224 1022 3275 videtur
1038 3221 1176 3278 damnum,

645 3294 749 3346 afficere
760 3295 854 3345 debuit
867 3296 989 3358 lucrum;
1005 3293 1028 3344 si
1044 3307 1122 3358 grave
1134 3288 1177 3341 vi-

645 3365 722 3416 detur
736 3375 907 3432 praeceptum‚
918 3364 1004 3430 cogita
1015 3361 1157 3429 praemium
1168 3375 1177 3422 ;

645 3438 668 3488 si
690 3453 770 3504 grave
789 3437 824 3488 sit
844 3437 979 3488 remittere
1003 3435 1027 3486 ei
1045 3433 1092 3501 qui
1108 3447 1175 3481 con-

643 3508 769 3570 tristavit,
803 3509 911 3574 gravius
937 3517 977 3560 est
1005 3504 1122 3556 incidere
1148 3501 1177 3552 in

644 3583 804 3650 gehennam.
818 3601 831 3629 a
844 3583 997 3633 Secundum
1009 3576 1174 3642 Remigium,

644 3669 738 3704 servus
763 3653 813 3703 iste
835 3653 942 3703 nullurn
962 3663 1122 3714 responsum
1137 3648 1179 3722 1εῇ

644 3725 717 3792 gitur
732 3725 837 3776 dedisse
856 3723 984 3783 Domino,
1004 3721 1032 3770 in
1050 3735 1105 3786 quo
1128 3721 1178 3771 de-

645 3803 808 3846 monstratur
828 3795 902 3860 quod
924 3793 951 3843 in
966 3790 1009 3843 die
1025 3791 1128 3858 judicii,
1151 3801 1178 3841 et

645 3866 735 3917 statim
762 3875 822 3932 post
849 3865 919 3914 hanc
948 3863 1031 3915 vitam
1062 3860 1178 3915 cessabit

644 3935 733 3987 omnis
745 3933 847 4003 peccati
863 3932 1009 3988 excusatio.
