2632 4320
121 241 168 292 DE
184 240 242 290 DIE
256 241 342 291 DOM.
355 241 467 292 Juxrn
478 242 605 292 EXEMP.
618 242 692 293 NOE
704 243 750 294 ET
760 245 858 296 LOTH
870 247 981 299 SUBIT.
989 249 1096 302 VENT.
1122 250 1173 318 337

57 359 103 416 do,
121 367 250 424 tanquam
264 357 297 407 de
309 357 366 422 ejus
381 373 457 408 carne
472 366 592 408 saturan-

57 443 112 493 tur,
139 447 256 498 quorum
277 447 325 496 per
351 431 590 495 resurrectionem,

56 503 231 554 renovabitur
261 508 289 552 ut
318 502 418 567 aquilae
445 502 590 569 juventus;

59 575 126 626 mali
150 589 212 624 vero
237 589 297 624 cum
317 575 423 625 diabolo
438 576 470 625 ad
484 590 591 640 poenam

57 658 186 698 aeternam
210 646 406 712 relinquentur.
422 647 455 696 Et
478 646 547 706 ideo,
562 656 592 696 ut

57 719 157 770 dicitur
169 719 197 768 in
211 719 279 769 Osea
295 736 301 768 :
314 719 471 769 Consolatio
485 720 592 770 abscou-

57 792 117 845 dita
140 797 181 842 est
205 791 239 841 ab
262 791 348 841 oculis
368 791 443 855 meis,
466 791 591 856 quoniam

56 865 116 929 ipse
130 862 200 914 iuter
213 862 322 929 fratres
339 863 448 914 dividet.
465 863 534 914 Cum
548 877 592 912 er-

57 950 92 1000 go
118 932 217 983 dicitur
243 933 316 998 quod
343 932 375 982 de
400 948 480 999 agro,
507 939 532 984 et
559 933 592 983 de

57 1002 139 1066 mola,
154 1009 180 1053 et
197 1003 229 1053 de
248 1003 315 1053 lecto
328 1021 336 1053 .·
350 1017 417 1053 unus
431 1009 590 1066 assumetur,

57 1079 84 1125 et
95 1072 165 1123 alter
179 1073 353 1138 relinquetur,
368 1074 470 1124 nonde
485 1073 592 1124 duobus

57 1142 219 1194 hominibus
234 1142 335 1192 dictum
350 1152 398 1204 est,
414 1144 460 1194 sed
476 1144 509 1194 de
521 1144 592 1194 duo-

58 1217 110 1269 bus
120 1216 263 1283 generibus
277 1216 459 1268 affectionum.
474 1218 529 1268 Nec
540 1217 592 1268 alia

56 1289 183 1341 videntur
213 1305 271 1339 esse
307 1305 402 1355 genera
428 1280 590 1351 hominum,

56 1362 161 1430 quibus
186 1372 289 1413 constat
308 1363 433 1418 Ecclesia,
448 1378 529 1429 quam
542 1364 593 1414 ista

60 1431 114 1484 tria
141 1432 269 1483 habentia
301 1432 379 1483 binas
409 1433 591 1495 differentias,

59 1516 171 1573 propter
189 1506 403 1571 assumptionem
428 1516 454 1557 et
473 1507 593 1557 relictio·

53 1592 131 1628 nem.
141 1576 220 1627 Unde
232 1576 443 1643 Chrysostomus
456 1595 464 1628 .-
478 1595 492 1624 (ι
504 1578 594 1638 Quan-

57 1649 94 1699 do
116 1647 180 1714 justi
202 1647 311 1713 quidem
333 1657 519 1710 assumuntur,
534 1665 594 1716 pec-

56 1727 161 1771 catores
180 1726 268 1777 autem
282 1719 483 1787 relinquuntur,
498 1735 594 1771 omnes

56 1788 123 1855 justi
140 1788 169 1838 in
188 1804 244 1838 uno
266 1787 377 1840 homine
393 1788 553 1856 figurantur,
568 1799 594 1841 et

57 1873 156 1913 omnes
182 1867 331 1925 peccatores
358 1860 386 1910 in
410 1876 474 1911 uno.
498 1858 595 1911 Videat

56 1929 249 1997 unusquisque
270 1932 350 1983 modo
375 1933 463 1998 qualis
490 1932 544 1996 sit,
569 1942 596 1983 et

56 2005 142 2057 talem
153 2018 182 2054 se
192 2002 270 2054 faciat
283 2006 357 2070 quod
372 2006 467 2056 debeat
482 2005 594 2066 assumi,

57 2084 86 2127 et
97 2091 155 2127 non
167 2075 301 2141 relinqui;
318 2077 382 2127 boni
402 2076 475 2127 enim
488 2085 594 2128 tantum

55 2155 238 2206 assumentur,
265 2147 329 2197 mali
349 2164 412 2199 vero
436 2147 595 2215 relinquen-

56 2228 111 2270 tur.
126 2237 141 2266 n
156 2217 191 2267 Hi
205 2227 294 2268 autern
306 2228 359 2269 tres
369 2219 489 2280 ordines,
501 2220 593 2286 quoad

57 2289 221 2349 salvandos,
245 2289 434 2356 significantur
464 2307 512 2359 per
541 2302 595 2344 tres

58 2360 135 2412 viros
149 2359 196 2426 qui
214 2361 384 2413 salvaverunt
396 2363 501 2413 animas
522 2379 595 2425 suas,

59 2439 89 2482 et
111 2445 182 2496 quos
205 2433 278 2481 solos
303 2432 458 2484 liberandos
473 2433 595 2484 Ezechiel

60 2502 195 2570 Propheta
208 2507 376 2571 praenuntiat,
393 2507 512 2557 scilicet:
529 2508 595 2569 Noe,

58 2573 108 2640 qui
132 2573 267 2641 significat
292 2585 391 2627 statum
414 2579 595 2643 praelatorum,

60 2659 108 2711 per
119 2660 191 2712 quos
206 2646 321 2697 Ecclesia
337 2647 448 2714 regitur,
466 2648 536 2700 sicut
549 2664 596 2716 per

60 2715 187 2766 illumin
203 2717 280 2782 aquis
304 2733 363 2768 arca
380 2719 526 2784 gubernata
548 2730 595 2781 est,

59 2805 120 2856 quae
142 2788 256 2856 figuram
274 2791 398 2843 Ecclesiae
422 2793 556 2859 gestabat3
571 2804 597 2844 et

58 2860 119 2919 Job,
144 2875 192 2925 per
215 2876 297 2926 quem
319 2861 486 2928 significatur
510 2873 596 2915 status

59 2929 221 2991 activorum,
234 2931 280 2997 qui
302 2947 423 2994 uxorem,
437 2943 463 2984 et
474 2933 555 2994 filios,
571 2943 597 2986 et

59 3002 164 3071 amplas
189 3012 354 3055 terrenarum
378 3007 469 3072 copias
491 3007 596 3071 habuit,

61 3084 89 3124 et
113 3088 206 3124 curam
223 3074 320 3126 domus
336 3076 450 3142 propriae
463 3077 597 3141 exercuit;

60 3151 85 3193 et
110 3142 213 3194 Daniel
242 3145 285 3195 vir
310 3145 522 3212 desideriorum,
552 3164 598 3215 per

60 3226 144 3279 quem
171 3212 340 3279 significatur
372 3227 458 3268 status
484 3228 599 3268 contem·

61 3280 236 3346 plativorum,
246 3283 294 3349 qui
306 3284 413 3350 nuptias
426 3287 597 3352 contempsit,

61 3360 87 3403 et
102 3352 222 3404 coelitem
245 3353 328 3404 vitam
350 3356 437 3421 elegit,
453 3368 478 3407 et
496 3357 524 3406 in
540 3358 600 3409 aula

60 3424 135 3492 regia
159 3424 331 3476 abstinentiae
353 3428 459 3479 deditus
480 3428 540 3481 fuit.
562 3432 600 3483 De

60 3497 168 3550 clericis
187 3513 252 3550 vero
270 3499 317 3566 qui
333 3501 441 3567 negotia
462 3505 599 3564 secularia,

61 3577 88 3619 et
107 3583 206 3621 causas
232 3569 324 3621 civiles
345 3581 459 3624 tractant
483 3575 600 3626 dubitari

62 3649 161 3707 potest,
189 3643 240 3694 sub
268 3658 323 3708 quo
355 3643 455 3694 horum
481 3655 600 3699 statuum

62 3712 259 3779 comprehendi
278 3713 384 3779 possint
402 3725 427 3765 et
441 3716 564 3770 debeant.

92 3782 470 3847 4Vrcuaur1aa³rrecrrrrur
484 3803 602 3840 uulrro·

63 3866 118 3910 oua
141 3869 204 3906 rous
236 3870 328 3906 oratus
353 3871 548 3912 vrrurrmruu.
572 3890 602 3899 -

133 3966 205 4020 Vtra
218 3968 283 4022 Jrsu
294 3971 415 4034 Cuntsrr,
432 3989 519 4028 rouus
533 3976 576 4029 lll.

645 359 680 410 Et
700 360 772 426 quia,
788 372 819 415 ut
842 365 944 415 dictum
965 375 1005 416 est
1024 383 1113 433 supra,
1129 368 1174 417 in-

645 440 713 480 certa
726 441 765 481 est
776 432 835 484 dies
851 436 973 496 Domini,
988 448 1013 488 et
1026 438 1059 488 de
1074 438 1117 489 die
1128 437 1174 490 illa

646 516 725 551 nemo
745 501 889 554 hominurn
916 506 979 567 scit,
1006 517 1047 568 et,
1069 517 1099 558 ut
1120 509 1174 573 jam

646 573 733 624 visum
759 585 814 635 est,
841 577 1003 628 incertitudo
1030 590 1071 630 est
1093 579 1175 630 etiam

644 644 738 694 salutis
751 644 778 694 in
789 662 951 713 quocunque
968 658 1037 700 statu
1049 650 1111 716 quis
1123 651 1177 702 fue-

645 715 694 781 rit;
719 717 778 769 ideo
803 735 836 769 ex
866 721 1013 785 praemissis
1041 723 1176 774 concludit

645 788 788 851 Dominus,
802 806 835 842 ne
849 800 1005 858 torpeamus
1020 795 1048 844 in
1062 795 1175 860 peccatis

645 858 825 923 dormitando,
846 863 891 913 sed
910 865 1018 915 solliciti
1043 865 1129 917 simus
1149 876 1176 919 et

644 928 786 996 vigilemus
811 943 902 984 contra
925 935 1020 986 mortis
1041 935 1177 989 incertitu-

645 999 746 1062 dinem,
765 1003 844 1054 bonis
867 1006 993 1071 operibus
1017 1008 1115 1073 jugiter
1135 1009 1174 1059 in·

645 1071 774 1135 sistendo,
790 1076 881 1128 dicens
903 1097 909 1128 :
927 1079 1046 1145 Vigilate
1057 1095 1132 1147 ergo,
1148 1091 1176 1134 et

645 1158 751 1210 semper
765 1145 794 1196 in
810 1147 987 1200 sollicitucine
1004 1160 1095 1212 estote,
1111 1152 1175 1219 quia

645 1217 752 1268 nescitis
776 1234 828 1284 qua
853 1221 921 1273 hora
945 1225 1016 1274 :vel
1042 1224 1070 1273 in
1095 1241 1175 1277 mane

645 1289 774 1354 pueritiae,
796 1293 838 1343 vel
862 1294 891 1343 iu
914 1295 989 1346 tertia
1015 1297 1172 1360 juventutis,

644 1360 684 1410 vel
696 1360 725 1409 in
739 1372 813 1412 sexta
826 1367 979 1424 senectutis,
997 1367 1038 1416 vel
1054 1366 1083 1416 in
1107 1382 1166 1417 sero

645 1430 725 1495 senii,
740 1433 871 1485 Dominus
886 1442 973 1486 vester
988 1443 1114 1487 uenturus
1127 1437 1173 1500 sit,

646 1501 678 1550 ad
692 1501 823 1566 judicium
837 1505 1005 1570 particulare,
1027 1507 1055 1557 in
1068 1508 1178 1572 cujusli-

646 1572 691 1622 bet
710 1583 805 1635 morte,
830 1575 887 1626 sive
902 1577 934 1626 ad
947 1576 1079 1640 judicium
1102 1593 1179 1644 gene·

647 1643 701 1693 rale
715 1643 741 1693 in
756 1647 965 1709 resurrectione;
980 1663 1013 1697 ne
1027 1664 1089 1698 cum
1103 1664 1179 1702 vene·

647 1712 681 1764 rit
691 1714 781 1764 subito
792 1726 817 1766 et
829 1732 861 1767 ex
873 1717 1016 1782 insperato,
1027 1718 1179 1772 domientes

647 1799 695 1835 nos
707 1785 828 1837 inveniat
838 1798 864 1838 et
877 1787 1029 1854 imparatos.
1043 1789 1121 1840 Unde
1131 1789 1180 1843 Ec·

647 1857 811 1910 clesiasticus
836 1876 843 1909 z
870 1861 965 1912 Nescit
995 1861 1071 1912 homo
1093 1861 1179 1926 fluam
1231 1912 1234 1917 .

647 1941 740 1993 suam;
766 1929 813 1981 sed
835 1930 904 1980 sicut
925 1931 1015 1997 pisces
1037 1932 1179 1998 capiuntur

647 1999 733 2063 hamo,
753 2007 779 2052 et
792 2002 862 2053 sicut
875 2016 939 2052 aves
952 2003 1179 2069 comprehendun-

649 2076 692 2121 tur
714 2071 816 2138 laqueo,
839 2074 878 2124 sic
898 2073 1041 2138 capiuntur
1061 2074 1179 2126 homiues

648 2140 675 2192 iu
692 2146 808 2207 tempore
823 2144 902 2195 malo.
922 2145 1000 2195 Unde
1013 2155 1039 2194 et
1055 2145 1180 2196 Bernar-

649 2214 699 2265 dus
714 2232 722 2266 :
736 2234 750 2262 a
765 2216 841 2267 Nihil
855 2231 943 2269 morte
953 2218 1060 2279 certius,
1073 2228 1098 2269 et
1109 2219 1179 2269 nihil

647 2285 715 2337 hora
733 2287 828 2337 mortis
848 2287 984 2339 incertius.
1004 2290 1072 2340 Nam
1089 2289 1180 2341 nesci-

648 2372 710 2407 mus
724 2359 871 2424 quomodo,
887 2370 933 2409 aut
944 2360 1061 2426 quando,
1074 2370 1120 2410 aut
1132 2359 1179 2410 ubi

648 2427 804 2489 moriemur,
828 2430 958 2497 quoniam
982 2446 1055 2480 mors
1078 2431 1180 2496 ubique

648 2508 781 2564 exspectat
792 2515 851 2550 nos.
866 2500 967 2550 idcirco
981 2500 1109 2550 debemus
1121 2516 1180 2551 esse

648 2571 748 2638 parati;
770 2581 800 2621 ut
822 2587 883 2621 cum
907 2587 1004 2637 corpus
1034 2582 1181 2623 revertetur

649 2644 681 2695 ad
706 2654 813 2704 terram,
838 2646 870 2693 de
891 2659 944 2710 qua
969 2656 1108 2711 sumptum
1129 2655 1179 2705 est,

649 2715 762 2783 spiritus
774 2716 868 2766 redeat
879 2716 916 2766 ad
936 2716 1028 2779 Deum,
1050 2716 1096 2782 qui
1107 2717 1181 2768 dedit

650 2788 734 2839 illum.
756 2807 770 2836 »
794 2788 871 2838 Unde
895 2789 976 2838 etiam
1004 2789 1180 2855 Gregorius:

651 2861 764 2911 «Nemo
787 2860 815 2909 in
833 2860 913 2925 hujus
927 2861 997 2925 vitae,
1012 2861 1108 2912 itinere
1122 2870 1181 2913 tor-

650 2941 720 2998 peat,
743 2946 776 2981 ne
803 2931 831 2980 in
858 2931 942 2996 patria
963 2933 1054 2982 locum
1080 2934 1179 2999 perdat.

651 3003 721 3065 Quia
738 3004 812 3054 enim
830 3005 918 3055 adhuc
931 3005 1012 3056 hodie
1031 3005 1092 3056 licet
1112 3007 1180 3057 bene

650 3089 728 3140 agere
751 3073 868 3139 scimus3
899 3084 992 3125 utrum
1015 3091 1072 3127 cras
1093 3075 1180 3136 liceat,

650 3144 814 3211 ignoramus.
845 3163 859 3192 rr
883 3146 961 3196 Unde
990 3155 1015 3199 et
1042 3147 1180 3213 chrysos-

651 3221 738 3266 tomus
751 3230 760 3263 .·
775 3233 789 3262 u
804 3215 864 3276 Qua
887 3217 1042 3267 ratione-ab
1056 3231 1180 3282 unoquo·

652 3301 704 3353 que
727 3285 840 3337 homine
858 3286 1033 3337 absconditus
1056 3296 1096 3337 est
1122 3285 1181 3336 dies

652 3357 748 3408 mortis
761 3356 866 3423 ipsius?
888 3358 1017 3408 Videlicet
1030 3368 1061 3408 ut
1076 3372 1182 3423 semper

651 3427 813 3490 benefaciat,
835 3443 940 3493 semper
964 3436 1079 3478 mortem
1104 3441 1181 3478 suam

652 3515 777 3567 sperans;
792 3500 883 3551 eadem
894 3498 995 3549 ratione
1008 3507 1034 3549 et
1044 3499 1078 3549 ab
1089 3498 1183 3548 omni-

654 3575 705 3626 bus
719 3573 879 3624 hominibus
892 3572 1066 3623 absconditus
1078 3581 1118 3623 est
1126 3571 1184 3623 dies

654 3645 784 3697 adventus
806 3643 919 3703 Christi,
934 3642 1058 3694 videlicet
1080 3652 1185 3692 utnon

655 3731 708 3766 una
728 3713 862 3782 generatio
886 3713 1002 3763 salvetur
1024 3713 1112 3764 sciens
1137 3712 1185 3763 ad-

654 3796 764 3838 ventum
781 3785 846 3850 ejus,
864 3785 909 3834 sed
931 3799 1035 3845 omnes,
1063 3785 1128 3833 dum
1156 3781 1185 3831 in

655 3859 772 3925 singulis
793 3857 947 3924 quibusque
968 3853 1187 3923 generationibus

1028 3986 1065 4021 22
