2632 4320
167 245 219 296 238
445 239 621 290 SECUNDAE
639 236 762 287 Pauus
779 237 896 288 CAPUT
912 240 993 291 XXX.

169 358 410 424 tedelucevigiio.
429 353 733 427 »thuiaDominus
755 353 835 404 tinne
845 356 1046 407 commendans.
1063 357 1164 406 lituos
1181 372 1289 441 quoqpe

166 433 205 484 sic
234 430 329 480 diebus
359 439 384 478 et
410 426 538 477 noctibus
556 436 621 475 tunc
634 439 734 490 prae,
730 426 901 477 cummter
912 443 1043 494 prospera
1053 429 1154 489 sobrie,
1170 439 1198 480 et
1209 442 1288 494 iuste,

167 504 247 585 cipue
265 499 405 562 laboravit,
428 498 488 548 ideo
508 506 566 547 tota
588 496 636 545 illa
663 510 701 545 se
729 492 734 538 Ι
754 506 783 546 et
802 496 847 562 pie
865 513 1070 562 conversamur3
1092 499 1164 548 inter
1176 499 1286 550 adversa

167 576 289 640 ptimnna
314 585 425 636 poenosa
448 569 561 632 dicitur,
574 566 641 632 quia
654 581 733 631 per
753 582 816 618 vero
837 583 978 635 nunquam
1004 570 1038 620 de
1066 569 1167 620 divina
1205 569 1287 622 mise.-

167 655 251 695 totam
281 642 355 692 illam
390 638 520 691 laborauit
547 637 704 698 recreand0,
729 632 877 698 ,ricordiaa
909 641 1068 692 celsitudine
1092 641 1291 723 desperamus,

168 717 238 767 sicut
261 731 308 781 per
331 713 447 780 primam
476 709 571 760 mundi
592 708 699 758 hebdo-
729 710 851 771 {diebus
870 713 989 778 profecto
1013 711 1116 764 cunctis
1137 713 1285 794 intemplo

168 788 275 837 madam
305 794 430 866 operatus
455 792 497 833 est
515 781 639 832 creando
667 780 704 830 Et.
729 782 889 857 ldocemns,
915 793 941 834 et
965 783 1091 834 fidelibus
1112 784 1203 849 operis
1223 785 1286 835 boni

166 858 302 925 quiauna
317 855 468 921 septimana
482 861 578 903 cuncta
591 849 732 914 creavitffi
752 851 868 904 formam
882 855 1045 920 praebemus;
1072 854 1198 904 noctibus
1224 870 1285 906 vero

166 931 253 980 multo
275 930 369 978 labore
390 927 444 976 hac.
469 924 620 990 septimana
645 912 732 973 ho-'

166 1002 270 1051 minem
282 997 382 1049 refecit
397 997 474 1048 Unde
494 995 591 1046 Beda:
602 1012 616 1040 «
630 995 698 1076 Quae

166 1071 256 1122 verbis
290 1067 416 1134 praecepit
451 1067 603 1126 Dominus,
642 1066 699 1116 suis

166 1141 308 1192 confirmat
329 1135 469 1202 exemplis.
492 1137 560 1186 Nam
578 1136 626 1202 qui
648 1152 699 1186 nos

166 1224 227 1264 ante
249 1210 418 1276 repentinum
442 1207 538 1273 judicii
555 1207 698 1258 universa-

166 1287 201 1336 lis
224 1285 376 1342 adventurn,
403 1293 464 1331 ante
486 1291 621 1331 incertum
640 1281 698 1330 sin-

166 1357 296 1422 gulorum
321 1363 476 1404 nostrorum
506 1351 619 1412 exitum,
648 1352 697 1402 de-

164 1426 234 1476 liciis
259 1425 344 1475 simul
380 1433 407 1474 et
431 1422 503 1473 curis
522 1422 604 1487 hujus
635 1423 697 1473 vitae

164 1497 305 1564 neglectis,
328 1497 360 1546 ad
380 1495 549 1562 vigilandum
575 1495 698 1545 hortatur

164 1581 192 1621 et
220 1569 352 1620 orandum
359 1584 372 1633 ;.
390 1578 417 1618 et
441 1568 509 1634 ipse,
527 1568 703 1633 impendente.

165 1655 221 1691 suae
247 1650 368 1705 tempore
399 1637 543 1703 Passionis,
577 1637 697 1689 doctrina

163 1710 322 1777 vigiliisque
360 1718 388 1759 et
403 1764 406 1771 ,
422 1708 546 1775 precibus
579 1707 698 1772 instruit,

164 1784 263 1850 pariter
287 1794 314 1835 et
335 1782 470 1849 exemplo,
488 1781 628 1833 insinuans
646 1783 698 1834 hoc

164 1872 222 1907 esse
252 1856 334 1922 digne
351 1856 407 1906 Deo
430 1853 556 1921 vigilare,
564 1853 636 1905 dicto
655 1855 702 1906 vel.

163 1926 232 1978 facto
260 1928 392 1994 proximis
433 1925 587 1992 quibusque
624 1926 696 1978 viam

163 1997 287 2048 veritatis·
317 1997 474 2060 ostendere;
507 2006 538 2047 et
567 2011 614 2048 eos
648 2012 696 2062 pro

162 2068 263 2133 quibus
291 2082 420 2132 passurus
448 2075 519 2127 erat,
544 2067 586 2117 vel
614 2067 696 2118 verbo

159 2137 194 2185 ad
214 2135 295 2186 fidem
312 2151 468 2201 provocans,
486 2136 531 2185 vel
549 2136 622 2185 Patri
641 2151 696 2186 ora·

729 924 780 974 in
807 936 902 977 monte
928 927 1028 978 Oliveti
1054 942 1203 988 moramur,
1226 928 1288 994 quia

729 1012 732 1051 ;
752 996 787 1045 in
797 997 918 1048 tenebris
929 997 1117 1063 augustiarum
1131 997 1224 1063 gaudii
1237 998 1288 1064 spi·

729 1069 856 1120 ritualis
890 1069 1072 1120 consolatione
1106 1069 1286 1134 respiramus,

729 1174 732 1183 ·
749 1142 825 1206 juxta
838 1157 905 1192 eum
926 1141 976 1207 qui
1000 1141 1096 1191 dixit:
1109 1141 1180 1206 Ego.
1200 1147 1290 1192 autem

751 1214 825 1264 sicut
837 1215 914 1265 oliva
925 1214 1103 1296 fructifera
1093 1229 1122 1263 m
1134 1214 1215 1264 domo
1229 1214 1288 1265 Do-

750 1285 824 1349 mini,
850 1285 963 1350 apaan·
982 1285 1010 1335 in
1027 1284 1218 1335 misericordia
1236 1285 1289 1337 Dei

752 1355 815 1417 mei,
838 1355 868 1405 id
887 1365 927 1406 est
955 1356 1024 1406 sicut
1049 1355 1072 1406 is
1097 1355 1145 1422 qui
1175 1354 1285 1407 misere

751 1395 847 1478 cordiae
872 1427 989 1478 fructum
1010 1426 1111 1492 quibus
1134 1426 1243 1477 voluit
1237 1443 1287 1477 un

751 1497 854 1562 pendit,
874 1496 898 1546 ei
926 1497 1079 1548 aDomino
1102 1495 1286 1547 miserendum

750 1583 810 1618 esse
834 1582 890 1617 non
908 1566 1026 1633 ambigo.
1043 1566 1078 1617 Et
1101 1565 1136 1615 ad
1150 1581 1201 1616 nos
1225 1581 1288 1632 quo·

750 1653 805 1704 que
843 1637 993 1689 audiendos
1036 1637 1130 1689 omnis
1169 1638 1286 1705 populus

751 1707 880 1773 manicat,
895 1724 961 1759 cum
986 1707 1032 1759 vel
1060 1707 1199 1758 discussis.
1220 1724 1285 1774 ope-

750 1779 827 1830 ribus
855 1779 1037 1842 tenebrarum,
1057 1778 1101 1828 vel
1125 1775 1224 1829 evictis
1240 1778 1287 1829 Dei

750 1850 836 1917 gratia
862 1849 969 1901 nebulis
998 1865 1197 1917 pressurarum,
1218 1850 1287 1903 sicut

750 1923 781 1974 in
795 1923 838 1974 die
861 1923 969 1974 honeste
988 1922 1167 1985 ambulantes,
1184 1937 1237 1974 non
1260 1923 1284 1972 in

751 1992 1014 2046 commessationibus
1043 1999 1071 2044 et
1103 1992 1284 2056 cortentibus,

750 2082 802 2116 nos
827 2065 877 2117 filii
901 2064 969 2117 lucis
993 2063 1164 2116 imitantur:
1181 2083 1198 2113 n
1228 2063 1282 2115 baec

749 2138 836 2187 Beda.

646 2354 782 2405 ORATIO

192 2523 264 2574 Deus
286 2522 474 2588 omnipotens,
498 2531 596 2589 praesta
612 2522 682 2573 mihi
699 2521 813 2589 pauperi
825 2521 877 2571 tibi
899 2521 1034 2581 der-elien,
1044 2529 1079 2571 ut
1089 2520 1145 2570 ὼιο
1166 2521 1280 2578 mim

161 2597 266 2646 scilicet
290 2611 389 2663 corpus
414 2605 444 2647 et
461 2596 590 2660 animam,
612 2612 677 2664 quae
693 2597 726 2648 de
752 2606 778 2647 te
798 2595 894 2659 habeo,
916 2593 969 2646 tibi
988 2609 1049 2645 cum
1061 2593 1213 2646 devotione
1225 2593 1284 2644 offe

162 2684 231 2729 ram,
264 2678 296 2718 ut
329 2678 446 2734 utroque
477 2668 531 2719 tibi
556 2668 657 2720 servire
687 2678 714 2719 et
742 2669 847 2735 placere
874 2666 986 2718 velem.
1014 2666 1145 2717 Miserere
1170 2665 1284 2733 supplici

161 2748 224 2800 tuo,
252 2738 317 2804 quia
343 2755 400 2789 non
437 2754 502 2790 sum
525 2739 595 2790 sicut
625 2739 761 2791 innumeri
785 2738 855 2790 serui
881 2737 936 2801 tui,
957 2737 1068 2803 justitia¹
1098 2737 1204 2787 merito
1226 2737 1282 2803 gle-

161 2809 242 2870 riosi;
265 2809 341 2859 velut
362 2809 445 2860 etiam·
471 2810 549 2860 multi
570 2819 633 2877 post
658 2809 760 2877 flagitia
781 2807 1013 2876 portenderint
1047 2807 1111 2858 neti
1143 2806 1283 2859 mono

160 2881 244 2941 Deua,
269 2881 406 2947 propitius
432 2887 489 2932 esto
505 2882 571 2933 mihi
590 2883 742 2950 peccatori,
767 2891 796 2933 et
823 2881 929 2947 respice
951 2895 996 2932 me
1019 2879 1109 2931 oculis
1128 2879 1281 2931 miserim·

161 2952 211 3002 diae
232 2955 332 3018 quibus
357 2954 533 3022 publicanum
561 2956 712 3022 respexisti,
730 2966 759 3007 ut
779 2970 831 3022 per
846 2969 937 3006 veram
962 2953 1060 3017 cordis,
1083 2953 1151 3014 uris,
1173 2962 1200 3005 et
1217 2966 1281 3018 ope·

161 3024 198 3074 ris
221 3025 403 3079 humilitatem
431 3042 526 3078 coram·
542 3037 569 3078 te
589 3044 695 3080 merear
716 3025 865 3095 justificari,
890 3036 919 3078 et
945 3040 1008 3076 cum
1032 3023 1280 3085 horninibueerd-

160 3095 221 3146 tari.
245 3098 342 3149 Arnen.
