2632 4320
96 237 130 301 78

93 362 153 418 post
167 351 274 417 lapsum
294 348 366 399 fecit.
383 346 493 399 Etenim
510 344 581 395 nihil
599 344 628 394 in

94 424 139 475 his
160 423 234 473 aliud
256 421 351 479 video,
375 419 429 469 nisi
451 428 514 468 ante
536 417 629 466 oculos

95 506 202 546 nostros
224 492 312 558 posita
333 491 390 557 spei
419 501 446 540 et
468 488 629 555 poenitentiae

95 567 225 630 exempla.
239 563 418 628 Omnipotens
436 562 509 611 Deus
527 560 629 625 ubique

95 638 182 688 oculis
201 651 271 702 quos
296 634 395 685 imitari
415 634 561 684 debeamus
578 632 629 681 ob-

95 710 165 775 ticin
178 708 281 774 ubique
300 708 422 773 exempla
443 721 500 756 sure
519 704 629 754 miseri-

95 779 194 829 cordiae
205 778 327 844 opponit.
343 798 356 825 n
369 778 448 829 Unde
461 786 488 826 et
501 773 630 840 Augusti·

96 867 145 902 uus
160 870 169 902 ε
186 870 200 897 u
215 851 390 916 Quaecunque
404 846 547 898 necessitas
557 846 630 911 cogit

95 931 259 987 peccatorem
271 920 304 971 ad
317 918 541 986 impoenitentiam
549 917 628 966 ?·Nec

95 993 220 1044 criminis
245 992 399 1059 quantitas,
425 1007 473 1041 nec
499 989 629 1055 temporis

95 1066 219 1129 brevitas,
244 1081 293 1116 nec
314 1065 376 1114 vitre
401 1062 557 1123 enormitas,
581 1077 630 1111 nec

95 1137 168 1186 horae
191 1134 344 1185 extremitas
368 1133 483 1184 excludit
505 1148 520 1182 a
541 1131 628 1191 venia,

95 1206 117 1255 si
137 1205 252 1272 perfecta
269 1204 350 1254 fuerit
370 1203 517 1253 voluntatis
538 1213 629 1252 muta-

95 1276 148 1339 tio;
164 1277 211 1325 sed
229 1275 258 1324 in
274 1273 458 1338 amplissimos
473 1273 551 1324 sinus
569 1287 628 1322 ma-

96 1357 136 1396 ter
157 1345 274 1395 caritatis
299 1344 370 1394 filios
393 1344 520 1410 prodigos
540 1343 629 1393 susci-

96 1416 135 1481 pit
166 1425 338 1466 revertentes.
367 1434 381 1461 r
418 1414 452 1464 Et
489 1414 587 1464 iterum
620 1430 628 1463 r

96 1506 111 1531 a
124 1487 201 1535 Pater
214 1485 325 1535 tradidit
342 1484 445 1534 Filium
464 1500 554 1543 suum,
574 1498 629 1549 quo

97 1556 239 1605 redimeret
262 1570 373 1617 ,servos;
398 1554 474 1604 misit
498 1554 629 1620 Spiritum

97 1626 236 1683 Sanctum,
257 1640 312 1690 quo
335 1640 426 1674 servos
444 1624 581 1690 adoptaret
599 1623 629 1673 in

96 1695 181 1759 fili0s3
198 1696 299 1746 Filium
317 1696 390 1747 dedit
406 1696 434 1746 in
453 1696 570 1762 pretium
584 1711 629 1746 re-

96 1767 278 1834 demptionis,
298 1767 429 1835 Spiritum
450 1770 577 1819 Sanctum
600 1768 629 1818 in

96 1838 268 1905 privilegium
295 1838 461 1906 adoptionis;
489 1854 517 1889 se
541 1849 629 1889 totum

96 1920 182 1960 servat
213 1909 242 1959 in
276 1909 454 1959 hereditatem
480 1909 625 1974 adoptatis.

96 1983 183 2032 Nemo
203 1997 266 2047 ergo
286 1982 319 2031 de
334 1981 384 2030 Dei
401 1981 496 2046 pietate
513 1981 629 2047 diffidat;

97 2053 162 2119 quia
192 2053 276 2115 maior
302 2061 342 2101 est
367 2051 417 2101 Dei
439 2051 630 2102 misericordia

94 2138 177 2189 quam
203 2132 294 2172 nostra
316 2121 435 2182 miseria,
459 2132 485 2172 et
506 2121 631 2188 quisquis

96 2196 128 2246 ad
143 2210 206 2245 eum
219 2194 366 2244 totocorde
380 2194 541 2253 clamaverit,
554 2210 632 2244 exau-

96 2265 151 2314 diet
182 2263 274 2325 illum;
304 2263 369 2329 quia
400 2264 554 2314 misericors
581 2275 629 2316 est.

96 2335 211 2385 Tardius
229 2334 365 2400 siquidem
380 2334 404 2385 ei
418 2334 526 2385 videtur
536 2351 631 2400 pecca-

96 2407 148 2458 tori
160 2405 267 2457 veniam
284 2406 356 2465 dare,
376 2421 458 2471 quam
473 2405 523 2470 ipsi
544 2422 632 2471 pecca·

98 2479 147 2530 tori
159 2479 286 2544 accipere.
297 2477 340 2529 Sic
353 2478 427 2528 enim
436 2477 544 2528 festinat
556 2494 631 2528 reum

96 2552 234 2603 absolvere
259 2567 274 2602 a
300 2561 434 2602 tormento
462 2551 632 2608 conscientia

96 2641 162 2689 suae,
178 2624 256 2691 quasi
279 2625 339 2690 plus
357 2624 455 2675 cruciet
473 2639 537 2674 eum
556 2640 631 2675 com-

97 2699 186 2764 passio
196 2697 298 2755 miseri,
308 2713 390 2763 quam
400 2697 490 2763 ipsum
500 2697 630 2748 miserum

97 2767 249 2832 compassio
265 2767 317 2817 sui.
329 2785 343 2813 n
359 2768 434 2818 Unde
451 2769 531 2818 etiam
546 2769 635 2836 Chry-

97 2843 230 2890 sostomns
241 2851 252 2891 a
263 2856 276 2882 α
287 2838 371 2888 Crede
382 2836 461 2898 mihi,
473 2838 533 2888 talis
544 2849 585 2888 est
596 2854 634 2889 er·

98 2924 129 2974 ga
140 2906 279 2957 hominem
300 2907 382 2973 pietas
396 2908 455 2967 Dei,
470 2909 542 2974 quod
558 2924 632 2958 nun-

98 2992 179 3043 quam
203 2978 306 3042 spernit
332 2977 534 3042 poenitentiam,
560 2979 583 3028 si
607 2979 631 3030 ei

97 3048 202 3097 sincere
238 3057 264 3097 et
294 3047 454 3112 simpliciter
486 3048 630 3112 offeratur;

97 3119 202 3169 etiarnsi
227 3120 259 3169 ad
285 3135 425 3170 summum
448 3121 511 3187 quis
532 3122 632 3172 venerit

98 3190 242 3248 malorum,
261 3199 286 3239 et
309 3189 371 3240 inde
392 3190 457 3241 velit
481 3192 576 3243 reverti
597 3192 630 3243 ad

39 3279 41 3285 ·
98 3262 217 3313 veritatis
236 3263 321 3323 viam,
341 3263 456 3329 suscipit
472 3263 586 3315 libenter
605 3274 631 3317 et

96 3332 276 3399 amplectitur,
297 3333 403 3384 etfacit
422 3335 514 3386 omnia
534 3346 631 3402 quate-

98 3419 151 3454 nus
171 3404 204 3453 ad
225 3403 343 3469 priorem
360 3415 466 3455 revocet
488 3415 599 3457 statum.
617 3425 630 3453 n

98 3475 177 3527 Unde
190 3490 271 3540 super
284 3475 331 3526 illo
345 3476 428 3526 verbo
437 3475 505 3527 Cain
517 3494 524 3528 r
538 3477 632 3544 Major

98 3551 139 3595 est
153 3545 280 3612 iniquitas
296 3560 364 3610 mea,
383 3561 462 3612 quum
482 3553 510 3596 ut
528 3548 632 3598 veniam

98 3631 212 3680 merear,
228 3616 293 3668 dicit
303 3617 475 3683 Augustinus
488 3635 497 3668 .·
513 3619 632 3669 «Menti-

96 3686 144 3747 ris,
155 3688 252 3755 inquit,
263 3689 340 3753 Cain,
351 3689 487 3753 mentiris3
499 3691 584 3755 major
594 3701 633 3742 est

97 3757 145 3807 Dei
160 3760 253 3824 pietas,
267 3776 348 3827 quam
361 3758 450 3811 omnis
464 3760 632 3827 iniquitas.»

99 3828 165 3881 Ecce
183 3846 308 3897 expresse
326 3842 434 3901 apparet
448 3833 522 3899 quod
537 3833 633 3901 despe·
662 3870 665 3876 ·

397 227 573 281 SECUNDAE
588 225 712 277 PARTIS
726 223 844 275 CAPUT
860 223 904 273 lX.

681 341 766 403 rarit3
783 349 810 391 et
828 340 889 390 ideo
906 339 972 390 dicit
992 338 1064 391 idem
1078 340 1212 406 Augusti-

681 426 741 474 nus,
757 411 831 478 quod
849 410 907 477 ipse
921 411 984 476 plus
996 411 1114 461 turbavit
1127 411 1212 461 Deum

682 485 710 535 in
729 484 924 549 desperatione,
943 499 1027 549 quam
1052 483 1080 532 in
1100 483 1214 535 fratrici-

682 555 738 614 dio,
763 554 834 604 sicut
855 555 938 604 iudas
964 554 994 604 in
1020 554 1214 620 desperatione,

683 643 766 693 quam
780 628 809 677 in
824 627 987 693 proditione.
1001 627 1081 677 Unde
1092 627 1214 677 Rerum·-

683 700 734 748 dus
751 716 761 748 ε
776 716 791 743 u
806 698 831 748 Ο
849 713 893 748 res
904 696 1027 755 confusa,
1041 712 1058 746 ο
1072 711 1116 746 res
1134 712 1214 747 mon·

682 781 800 829 struhan,
815 780 937 835 peccator
955 769 1099 834 desperans
1116 768 1151 819 de
1167 768 1214 819 Dei

683 841 885 901 misericordia,
908 856 971 891 cum
993 850 1089 889 cuncta
1111 850 1215 905 peccata

683 912 843 978 originalia,
871 909 1013 969 mortalia,
1041 910 1157 960 venialia
1180 910 1214 961 ab

682 984 787 1049 origine
813 983 910 1034 munoi
936 982 1094 1042 commissa,
1115 982 1214 1033 dirime

682 1055 872 1106 misericordia
886 1065 1045 1120 comparata,
1058 1064 1123 1103 sunt
1137 1053 1214 1119 quasi

682 1142 735 1176 una
748 1138 823 1192 gutta
831 1128 865 1176 ad
878 1127 989 1192 pelagus
998 1125 1082 1175 totius
1092 1125 1188 1175 maris!
1199 1144 1213 1173 »

682 1199 718 1248 Et
732 1198 846 1249 breviter
864 1198 987 1256 dicendo,
1000 1196 1150 1247 secundum
1162 1199 1215 1248 Au·

681 1271 819 1337 guatinum
843 1281 870 1320 et
893 1269 1073 1334 Gregorium,
1096 1268 1119 1318 si
1144 1282 1216 1319 unus

682 1343 766 1391 homo
796 1339 920 1390 omnium
946 1340 1091 1406 hominurn
1112 1351 1215 1404 peccata

683 1422 868 1479 perpetrasset,
883 1422 909 1462 et
922 1412 995 1462 velut
1009 1410 1077 1461 Cain
1095 1421 1122 1460 et
1135 1411 1216 1461 ludas

681 1485 857 1549 desperasset,
880 1493 1006 1548 praeterea
1020 1483 1093 1532 Deus
1113 1480 1154 1531 illi
1167 1496 1216 1530 ve-

682 1555 756 1605 niam
776 1555 908 1620 denegare
929 1554 1062 1618 jurasset3
1089 1553 1114 1604 si
1135 1553 1217 1604 miser

682 1626 727 1675 ille
740 1626 871 1676 contritus
885 1625 991 1675 veniam
1005 1634 1134 1689 rogasset,
1146 1624 1217 1674 Deus

683 1698 744 1762 pius
759 1697 797 1747 illi
812 1697 915 1747 veniam
931 1712 984 1746 non
996 1695 1162 1760 denegasset.
1176 1696 1217 1755 Et,

683 1779 799 1820 testante
816 1769 971 1834 Augustino
991 1777 1016 1818 et
1037 1768 1216 1835 Hieronem,

683 1852 790 1907 peccata
812 1841 944 1904 praeterita
970 1856 1025 1890 non
1054 1849 1169 1901 nocent,
1195 1839 1217 1889 si

683 1931 739 1964 non
754 1915 865 1979 placent.
887 1914 1003 1963 Multum
1018 1912 1099 1962 etiam
1113 1926 1218 1977 sperare

683 1985 813 2035 debemus
835 1983 863 2034 in
888 1983 985 2033 merito
1014 1981 1131 2041 Christi,
1159 1980 1218 2032 sine

683 2070 738 2119 quo
749 2070 803 2103 non
814 2068 959 2118 possumus
969 2052 1074 2103 salvari.
1091 2053 1120 2102 ln
1133 2052 1218 2103 meri-

684 2135 711 2174 to
725 2125 799 2174 enim
809 2124 911 2174 Christi
922 2124 1035 2175 radicata
1050 2133 1114 2173 sunt
1126 2123 1217 2173 omnia

685 2199 780 2248 merita
794 2209 894 2258 nostra,
907 2199 962 2250 sive
975 2197 1152 2248 satisfactoria
1166 2213 1218 2264 poe·

684 2286 742 2333 nae,
770 2270 827 2320 sive
850 2269 986 2321 meritoria
1010 2269 1071 2318 vitae
1097 2280 1216 2332 oeternte3

684 2341 749 2407 quia
768 2357 816 2392 nec
835 2343 869 2392 ab
892 2342 994 2392 offensa
1012 2341 1147 2391 Creatoris
1170 2356 1218 2392 su·

685 2428 747 2462 mus
760 2411 836 2478 digni
854 2413 968 2471 absolvi,
983 2427 1032 2463 nec
1050 2411 1219 2463 immensita-

685 2495 740 2535 tem
759 2482 873 2548 praemii,
892 2484 965 2549 quod
986 2485 1059 2533 Deus
1077 2493 1127 2545 est,
1143 2483 1218 2550 digni

685 2572 782 2607 sumus
805 2556 926 2621 assequi,
947 2555 1000 2604 nisi
1022 2571 1070 2621 per
1092 2554 1219 2605 meritum

686 2627 808 2677 hominis
821 2627 879 2676 Dei.
892 2626 924 2676 Et
937 2625 1071 2691 praecipue
1084 2625 1111 2674 in
1124 2625 1220 2675 merito

686 2698 822 2748 Passionis
846 2696 948 2746 Christi
976 2706 1015 2745 est
1042 2695 1219 2760 sperandum

685 2768 750 2834 quia
769 2768 826 2817 haec
847 2777 887 2818 est
912 2765 1020 2815 miseris
1042 2764 1158 2831 speciale
1175 2781 1220 2815 so·

685 2838 789 2888 latium.
804 2838 882 2889 Unde
901 2835 1083 2887 Bernartius:
1099 2853 1114 2881 a
1131 2833 1219 2885 Passio

685 2920 740 2970 tua,
764 2910 896 2972 Domine,
919 2908 1048 2959 ultimum
1074 2907 1218 2975 refugium,

685 2981 821 3046 singulare
839 2981 1000 3039 remedium,
1015 2978 1155 3029 deficiente
1175 2994 1219 3029 sa·

684 3052 798 3118 pientia,
828 3069 883 3103 non
915 3051 1076 3117 suffragante
1103 3050 1217 3115 justitia,

684 3140 740 3173 non
761 3122 907 3174 sufficiente
923 3121 1075 3184 sanctitate;
1090 3136 1218 3171 succum·

683 3193 808 3244 bentibus
822 3192 936 3251 meritis,
950 3191 995 3242 illa
1009 3191 1150 3241 succurrit.
1168 3209 1182 3239 n

719 3282 750 3316 ro
767 3266 896 3316 Docsuua
915 3281 948 3315 rr
969 3279 1022 3314 uon
1045 3277 1217 3313 aarasuuana.

683 3364 714 3374 -
729 3337 791 3386 Non
805 3337 894 3387 solum
913 3345 1004 3386 autem
1021 3349 1037 3384 a
1051 3332 1219 3399 desperatio-

684 3423 727 3467 ne,
741 3407 788 3456 sed
802 3406 884 3456 etiam
899 3421 915 3457 a
928 3420 995 3456 vana
1008 3419 1056 3470 spe
1069 3414 1110 3454 est
1121 3418 1220 3453 caven-

676 3480 767 3541 'dum;
786 3478 851 3545 quia
866 3477 1011 3542 utrobique
1033 3491 1165 3542 magnum
1183 3482 1222 3525 est

685 3548 847 3618 periculum.
860 3548 939 3600 Unde
951 3547 1122 3613 Augustinus
1137 3563 1172 3597 :a
1181 3544 1221 3595 Ex

685 3631 801 3686 utroque
830 3620 956 3670 homines
984 3616 1171 3684 periclitantur
1193 3623 1222 3664 et

685 3690 817 3757 sperando
837 3700 863 3740 et
883 3687 1058 3755 desperando.
1075 3686 1148 3746 Quid
1168 3683 1222 3753 igi·

685 3771 730 3813 tur
753 3761 809 3827 agit
828 3761 904 3811 Deus
924 3775 986 3810 curn
1007 3757 1223 3824 periclitantibus

686 3845 802 3902 utroque
816 3831 927 3885 morbo?
942 3832 998 3884 lllis
1018 3831 1066 3899 qui
1085 3846 1134 3898 spe
1149 3828 1222 3899 peri-
