2632 4320
843 189 847 196 ,
861 169 867 191 l

139 279 185 331 DE
207 252 492 330 c0N5P1RAT10NE
510 277 730 330 PONTIFICUM
745 279 791 330 ET
809 279 1084 332 PHARISAEORUM.
1126 297 1176 349 149

58 394 208 445 confitendi
223 395 324 456 Jesum,
341 411 395 445 non
411 394 510 445 evitare
524 411 592 446 con-

56 467 214 527 fessionem,
228 483 276 517 nec
287 481 408 518 recusare
420 467 511 517 subire
523 483 594 517 mor·

55 549 112 588 rem
144 538 229 603 gratia
258 537 385 588 veritatis.
415 538 466 588 Sed
501 537 592 588 nullus

56 611 138 660 debet
149 611 252 661 tradere
266 611 431 661 occasionem
441 620 522 661 tantae
531 619 592 660 ten-

56 680 174 739 tationi3
196 690 222 731 et
239 681 291 731 hoc
306 690 414 746 propter
429 680 496 730 duas
509 680 591 731 ratio-

57 767 129 801 nes:
146 751 243 817 primo,
264 752 327 818 quia
356 752 432 802 valde
458 767 592 817 praesum-

56 832 187 888 ptuosum
206 832 246 873 est
261 822 388 888 periculis
409 837 437 872 se
461 823 589 888 ingerere,

56 904 168 960 propter
183 894 404 959 inexperientiam
414 894 529 960 propriae
541 893 592 943 vir-

56 967 134 1027 tutis,
150 982 210 1032 quae
220 977 247 1017 et
258 967 419 1032 quandoque
430 965 533 1032 fragilis
546 966 590 1015 in-

57 1037 176 1097 venitur,
197 1048 223 1088 et
246 1047 355 1103 propter
375 1037 458 1087 futuri
481 1046 591 1088 eventus

57 1111 291 1172 incertitudinem3
320 1110 456 1170 secund0‚
479 1126 513 1160 ne
541 1125 592 1160 nos

57 1182 211 1248 ingerentes
232 1181 447 1246 persecutoribus
471 1181 591 1231 occasio-

58 1267 121 1302 nem
135 1261 294 1316 praestemus
308 1250 355 1310 eis,
373 1260 403 1301 ut
417 1251 502 1318 magis
512 1251 590 1316 impii

55 1332 83 1372 et
97 1322 171 1372 noxii
186 1321 260 1382 fiant,
277 1333 303 1374 et
318 1338 367 1371 nos
386 1322 419 1372 de
433 1337 528 1372 eorum
541 1323 590 1371 de-

55 1393 120 1442 licto
141 1393 236 1442 demus
254 1407 424 1458 responsum,
444 1401 470 1442 et
484 1393 590 1441 luamus

57 1478 161 1522 poenas.

90 1533 104 1583 5
119 1535 214 1583 Munrr
230 1535 316 1584 luunt
333 1534 518 1583 Jaaosomunu
539 1547 588 1581 va-

56 1619 169 1654 maaras
202 1621 236 1653 un
273 1619 375 1654 aasruu
412 1603 518 1651 Pisana
555 1617 589 1650 na

56 1675 170 1724 Crmrsrr
188 1691 314 1724 insanam
338 1689 533 1723 scrscrrnnrua.
557 1700 587 1709 —

55 1745 220 1795 Proximum
234 1752 321 1795 autem
333 1749 394 1794 erat
414 1743 522 1794 Pascha
535 1744 587 1793 Ju-

55 1816 192 1878 daeorume
209 1815 261 1866 hoc
284 1815 416 1875 subditur,
437 1815 469 1864 ad
494 1823 588 1864 osten-

58 1886 178 1937 dendum
192 1887 264 1952 quod
280 1886 405 1937 Christus
419 1901 501 1950 parvo
521 1894 588 1934 tem-

54 1972 121 2022 pore
139 1957 167 2006 in
187 1956 291 2006 civitate
308 1972 336 2006 se
358 1955 509 2014 occultavit,
524 1954 588 2020 quia

54 2037 117 2078 ante
131 2027 231 2078 Pascha
247 2027 276 2076 in
290 2026 438 2077 Jerusalem
453 2025 534 2075 venit.
549 2025 588 2074 Et

54 2100 233 2151 ascenderunt
246 2099 322 2149 mulli
335 2099 368 2149 de
381 2099 492 2164 regione
506 2097 588 2148 Jero-

55 2171 201 2238 solymam,
218 2177 280 2221 ante
298 2170 416 2232 Pascha,
440 2176 468 2220 ut
483 2171 588 2220 sancti-

48 2243 169 2308 ficarent
185 2252 212 2292 et
229 2243 391 2292 mundarent
406 2241 510 2308 seipsos
528 2257 588 2292 ora-

54 2316 179 2366 tionibus
195 2326 221 2366 et
242 2315 380 2366 sacrificiis
400 2326 460 2366 ante
478 2315 587 2375 festum,

54 2389 86 2438 ad
103 2387 187 2454 digne
199 2388 394 2438 comedendum
414 2403 513 2454 agnum
539 2403 588 2453 pa-

54 2457 183 2517 schalem,
198 2474 279 2523 quem
295 2459 386 2508 nullus
396 2459 534 2508 comedere
545 2459 578 2507 de

54 2530 149 2588 bebat‚
186 2528 239 2578 nisi
269 2529 397 2579 mundus.
426 2530 587 2594 Praeceperat

55 2600 127 2650 enim
142 2599 277 2649 Dominus
294 2615 342 2664 per
355 2601 475 2666 Moysen,
491 2609 520 2649 ut
532 2615 586 2648 un-

55 2671 137 2737 dique
159 2671 192 2720 de
213 2680 268 2720 tota
293 2672 385 2722 Judaea
413 2669 587 2720 convenirent

55 2754 116 2794 ante
139 2743 242 2793 Pascha
256 2743 284 2793 in
304 2744 470 2808 Jerusalem3
492 2753 518 2793 et
537 2742 585 2802 ibi,

57 2815 204 2864 secundum
228 2815 335 2880 Legem,
351 2824 411 2864 ante
432 2829 508 2864 esum
523 2815 584 2880 agni

57 2883 189 2949 paschalis
203 2899 231 2934 se
245 2885 415 2944 mundarent,
430 2895 461 2935 ut
480 2884 518 2935 sic
532 2901 586 2950 pu-

56 2956 165 3018 rificati,
195 2956 362 3007 solemnitati
392 2967 417 3007 et
440 2957 497 3008 esui
524 2957 585 3023 agni

57 3028 150 3078 mundi
165 3027 335 3078 interessent.
359 3029 436 3079 Unde
453 3029 586 3095 Theophi-

57 3098 96 3148 lus
119 3115 128 3149 :
154 3117 168 3144 a
198 3098 382 3148 Ascenderunt
407 3108 496 3148 autern
524 3105 586 3149 ante

58 3167 162 3218 Pascha
186 3176 216 3217 ut
238 3177 416 3233 purgarentur
423 3183 430 3230 ;
456 3168 586 3234 quoniam

58 3237 212 3304 quicunque
227 3248 398 3304 peccaverant
413 3239 513 3290 Pascha
532 3256 586 3290 non

58 3307 231 3367 celebrabant,
250 3307 303 3358 nisi
323 3308 398 3373 prius
416 3309 586 3374 expiarentur

59 3375 269 3428 balneationibus
280 3387 306 3428 et
317 3378 433 3444 jejuniis,
446 3394 476 3429 ac
485 3395 585 3441 rasura,

59 3446 202 3510 quinetiam
217 3449 347 3514 quasdam
361 3450 499 3516 deputatas
516 3452 587 3502 obla-

59 3519 141 3570 tiones
151 3520 297 3572 0fferendo.
312 3541 326 3569 n
340 3523 398 3572 haec
414 3523 586 3588 Theophilus.

60 3588 107 3638 Ubi
126 3590 310 3642 informantur
335 3593 381 3659 qui
400 3593 498 3644 debent
512 3611 587 3645 com-

59 3661 200 3723 municare,
229 3665 294 3730 quia
316 3666 500 3728 confessione,
524 3684 587 3718 ora·

59 3731 137 3792 tione,
152 3744 179 3784 et
193 3735 293 3801 jejunio
305 3746 365 3787 ante
379 3737 478 3789 debent
490 3738 586 3805 purifi-

59 3802 118 3853 cari.
142 3803 171 3854 Si
197 3805 271 3854 enim
289 3807 340 3856 hoc
362 3805 441 3857 fiebat
463 3810 495 3859 de
519 3825 587 3876 agno

59 3869 169 3937 figurali,
178 3877 265 3927 multo
279 3877 365 3942 magis
375 3893 405 3929 se
414 3879 494 3930 debet
503 3881 586 3932 homo

648 394 813 446 sanctificare
823 396 903 447 bonis
917 397 1043 463 operibus
1053 397 1085 446 ad
1098 397 1179 462 digne

647 465 834 531 recipiendum
843 483 936 518 verum
948 469 1066 533 Agrium,
1080 467 1178 518 imma—

646 541 767 607 culatum
782 538 878 605 corpus
891 541 1063 591 Christi.Sed
1078 541 1174 602 Judaei,

645 611 724 662 obliti
747 626 802 662 suae
821 611 1057 672 sanctificationis,
1077 622 1175 663 tracta-

645 683 711 732 bant
730 682 763 732 de
781 699 846 734 nece
860 683 915 733 veri
939 684 1020 749 Agni,
1042 694 1068 733 et
1085 683 1174 749 ipsum

644 755 752 819 Agrium
783 755 815 805 ad
841 755 1037 805 immolandum
1070 770 1175 820 quaere·

647 817 712 866 bant
737 817 765 867 in
794 817 853 883 ipso
875 820 934 868 loco
959 817 1106 876 orationis,
1132 817 1174 867 fe-

645 899 686 937 sto
710 889 869 955 sanguinem
890 890 1060 938 innocentem
1081 889 1175 939 misce-

646 974 674 1009 re
687 959 845 1024 cogitantes.
854 960 930 1010 Unde
941 959 1151 1026 chrysostomus
1165 977 1174 1008 .-

645 1048 658 1075 «ι
690 1029 725 1078 Hi
746 1039 874 1081 venerant
897 1030 925 1079 in
947 1029 1124 1080 exterioribus
1146 1045 1175 1080 se

646 1102 790 1161 mundare,
816 1110 842 1150 et
871 1101 899 1150 in
929 1099 1103 1151 interioribus
1130 1115 1176 1165 per

648 1171 829 1222 homicidium
844 1182 870 1223 et
891 1172 1051 1237 sanguinem
1064 1187 1093 1221 se
1105 1171 1177 1220 coin-

644 1243 768 1308 quinare.
779 1242 978 1293 lnsidiabantur
991 1241 1024 1302 ei,
1034 1253 1059 1292 et
1070 1252 1176 1306 tempus

645 1313 706 1363 festi
722 1323 829 1378 tempus
843 1312 973 1362 faciebant
987 1311 1148 1362 occisionis:
1162 1332 1176 1360 n

646 1385 703 1434 haec
716 1384 936 1451 Chrysostornus.
957 1383 1118 1443 Quaerebant
1133 1397 1172 1432 er-

643 1473 680 1522 go
711 1457 817 1517 Jesum,
846 1463 872 1505 et
897 1456 1114 1522 colloquebantur
1141 1455 1178 1505 ad

643 1527 763 1586 invicem,
789 1527 815 1576 in
842 1526 938 1592 templo
959 1533 1060 1576 stantes
1080 1526 1176 1586 :Quid

638 1600 751 1665 putatis,
780 1600 843 1665 quia
874 1615 925 1650 non
951 1600 1022 1650 venit
1045 1600 1082 1649 ad
1104 1599 1173 1650 diem

635 1670 774 1735 festum?
807 1671 876 1729 Quia
901 1670 973 1720 enim
1006 1670 1174 1720 mirabantur

640 1743 713 1807 quod
744 1743 772 1792 in
796 1750 869 1792 tanta
900 1741 1113 1806 congregatione,
1138 1742 1169 1791 ad

639 1812 791 1863 docendum
808 1826 862 1860 non
879 1820 996 1869 venerat,
1019 1809 1079 1859 ideo
1093 1825 1171 1874 quae-

640 1886 733 1936 rebant
749 1900 804 1934 non
818 1884 927 1950 quidem
943 1883 1010 1932 bene
1022 1892 1048 1932 et
1061 1883 1094 1931 ad
1117 1883 1170 1932 ho-

641 1959 803 2017 norandum,
818 1958 864 2008 sed
879 1957 950 2008 male
961 1966 987 2006 et
996 1956 1028 2006 ad
1045 1956 1171 2006 occiden-

641 2030 716 2080 dum.
748 2029 800 2079 Sed
837 2039 877 2079 est
913 2028 1061 2078 notandum
1098 2028 1170 2094 quod

641 2104 750 2168 quando
770 2112 810 2153 est
832 2103 889 2153 dies
910 2102 1013 2161 festus,
1036 2111 1062 2151 et
1083 2102 1172 2166 agitur

642 2186 740 2238 sancte,
761 2192 868 2242 semper
882 2175 1016 2226 Dominus
1032 2184 1073 2225 est
1089 2175 1116 2224 in
1128 2175 1173 2225 die

640 2246 718 2308 festo,
744 2247 892 2297 secundum
918 2247 985 2297 illud
1012 2263 1019 2297 :
1048 2246 1098 2296 Ubi
1120 2246 1172 2296 duo

640 2319 682 2368 vel
696 2325 752 2369 tres
766 2317 929 2384 congregati
945 2317 1052 2382 suerint
1072 2318 1098 2367 in
1123 2332 1173 2367 na-

640 2390 709 2440 un'ne
720 2403 785 2451 meo,
799 2390 835 2439 ibi
849 2403 907 2439 sum
925 2389 951 2438 in
971 2388 1057 2438 medio
1072 2402 1172 2438 eorum.

641 2460 673 2508 Et
703 2459 762 2509 ideo
783 2475 831 2508 nos
855 2459 1008 2523 congregati
1038 2458 1067 2506 in
1090 2459 1172 2507 domo

639 2530 710 2590 Dei,
741 2545 895 2594 quaeramus
928 2529 1019 2578 lesum
1033 2565 1040 2590 ,
1075 2539 1171 2578 mutuo

640 2619 690 2652 nos
723 2602 886 2652 consolando
917 2610 943 2650 et
981 2600 1115 2650 exorando
1140 2611 1171 2651 ut

638 2674 671 2724 ad
699 2675 770 2724 diem
798 2673 896 2723 festum
926 2683 1048 2722 nostrum
1072 2671 1170 2736 veniat,

638 2753 664 2795 et
691 2760 741 2794 nos
765 2759 813 2793 sua
837 2743 975 2809 praesentia
1002 2740 1170 2804 sanctificet3

638 2817 827 2882 quandovero
853 2831 908 2864 non
935 2824 1003 2864 recte
1023 2815 1111 2880 agitur
1128 2814 1169 2865 fe·
1243 2843 1245 2846 ·

638 2899 720 2948 stum,
749 2896 812 2936 tunc
839 2902 893 2935 non
921 2885 994 2935 venit
1022 2886 1107 2946 Jesus,
1131 2901 1171 2936 se-

638 2960 763 3008 cundum‘
785 2957 852 3007 illud
878 2956 951 3006 lsaiae
971 2956 1169 3008 :Festivitates

639 3033 743 3077 uestras
755 3041 805 3076 non
816 3027 919 3091 seram.
938 3027 970 3076 Et
985 3027 1075 3077 subdit
1086 3027 1171 3077 Evan-

639 3098 740 3165 gelista,
758 3099 835 3164 quasi
850 3100 1015 3165 respondens
1028 3100 1170 3166 quaestioni
1249 3156 1252 3162 ,

639 3186 732 3221 eorum
755 3189 763 3221 .·
785 3171 924 3222 Dederant
942 3172 1011 3222 enim
1030 3173 1171 3240 pontifices

639 3247 666 3292 et
683 3242 823 3292 Pharisaei
843 3243 1006 3304 mandatum,
1027 3249 1054 3292 ut
1068 3242 1094 3291 si
1113 3242 1172 3306 quis

640 3315 796 3379 cognouerit
818 3315 862 3363 ubi
890 3314 926 3364 sit
947 3316 1044 3374 Jesus,
1076 3314 1174 3364 indicet

639 3385 762 3451 potestati
784 3386 907 3451 publicae,
930 3391 959 3435 ut
975 3384 1174 3450 apprehendant

639 3471 706 3519 curn,
729 3456 831 3506 scilicet
852 3455 969 3505 ministri
987 3454 1126 3519 potestatis
1141 3454 1172 3504 ad

639 3527 835 3590 occidendum
852 3535 959 3590 propter
984 3526 1034 3572 hoc
1051 3524 1125 3572 enim
1139 3525 1173 3574 ab

640 3596 688 3657 eis,
706 3597 775 3647 sicut
792 3597 825 3647 ab
848 3596 960 3662 ingratis
984 3605 1009 3644 et
1032 3594 1173 3645 obstinatis

640 3678 789 3727 recesserat,
812 3683 896 3733 usque
922 3666 954 3715 ad
973 3675 1079 3730 tempus
1101 3668 1173 3731 quod

640 3756 694 3791 suae
708 3740 828 3791 Passioni
841 3739 1000 3805 dispositum
1025 3749 1088 3789 erat.
1111 3740 1172 3800 Sed,

640 3821 671 3861 ut
687 3811 724 3862 ait
742 3811 922 3876 Augustinus,
945 3825 994 3860 nos
1007 3810 1054 3875 qui
1070 3811 1171 3861 scimus

640 3882 687 3933 ubi
708 3882 833 3933 Christus
849 3891 898 3946 est,
910 3882 975 3947 quia
988 3883 1021 3932 ad
1035 3882 1171 3933 dexteram
