2632 4320
337 300 465 359 QUIBUS
480 300 649 351 DEBETUR
666 302 724 352 VAE
742 303 937 356 AETERNUM.
1143 324 1191 376 291

67 414 130 462 dem
142 413 273 476 justorum
284 430 394 480 corpora
405 416 503 480 templa
512 416 603 466 dicun-

68 495 122 543 tur,
145 486 209 550 quia
240 485 267 534 in
290 502 401 552 corpore
428 487 489 550 justi
513 489 602 538 anima

65 557 223 606 dominatur
252 568 278 606 et
307 568 408 624 regnat,
428 560 505 626 quasi
529 561 601 610 Deus

66 628 96 676 in
126 629 242 693 temp10,
268 629 310 678 vel
341 639 425 688 certe,
452 630 516 695 quia
545 631 602 696 ipse

64 700 140 750 Deus
161 700 189 749 in
212 701 370 766 corporibus
390 701 494 751 habitat
513 703 600 763 iustis.

63 772 186 836 Corpora
203 784 292 822 autem
312 783 488 838 peccatorum,
508 775 601 839 sepul·

64 846 131 895 chra
161 845 289 895 dicuntur
317 857 503 908 mortuorum,
536 848 601 913 quia

63 917 156 968 anima
179 930 285 969 mortua
305 931 346 969 est
366 920 393 969 in
413 936 524 985 corpore
539 937 600 986 pec-

64 988 176 1046 catoris,
198 1005 245 1038 nee
268 990 338 1040 enim
365 990 458 1039 virens
483 993 600 1055 putanda

64 1067 116 1122 est,
132 1074 193 1125 quae
205 1060 274 1110 nihil
285 1060 386 1121 vivum,
402 1072 447 1111 aut
462 1062 600 1126 spirituale

63 1131 121 1198 agit
148 1133 175 1181 in
200 1148 323 1198 corpore,
352 1135 410 1193 rel,
436 1134 500 1200 quia
526 1150 599 1184 mors

64 1203 124 1266 ipsa
137 1204 165 1253 in
182 1205 341 1269 corporibus
354 1204 456 1255 habitat
475 1215 599 1270 peccato-

63 1292 137 1326 rum.
150 1276 225 1327 Sicut
237 1293 300 1342 ergo
315 1279 498 1343 sepulchrum,
510 1294 599 1343 quan-

63 1349 112 1399 diu
132 1351 253 1401 clausum
275 1361 323 1409 est,
336 1352 480 1416 pulchrum
495 1352 600 1401 videtur

63 1421 171 1481 aforis,
188 1423 288 1472 sivero
306 1434 435 1488 apertum,
452 1423 598 1488 horribile;

62 1493 104 1544 sic
124 1494 296 1544 simulatores
311 1496 456 1553 bonorum,
477 1496 599 1560 quandiu

63 1582 121 1616 non
143 1579 348 1632 cognoscuntur,
365 1567 512 1618 laudabiles
527 1579 598 1627 sunt,

61 1650 126 1686 cum
153 1646 241 1686 autern
267 1638 366 1704 cogniti
390 1637 497 1697 fuerint,
523 1637 599 1688 inve-

61 1705 178 1756 niuntur
200 1707 406 1758 abominabiles.
428 1707 487 1771 Dic,
509 1709 599 1774 hypo·

61 1776 141 1835 crita.
159 1778 181 1827 si
211 1779 313 1828 bonum
338 1789 377 1829 est
401 1794 459 1829 esse
486 1782 598 1840 malurn,

62 1848 163 1915 utquid
179 1865 234 1900 non
253 1849 295 1899 iis
318 1865 444 1915 apparere
470 1853 542 1916 quod
557 1852 599 1902 vis

60 1920 142 1970 esse?
172 1921 200 1969 Si
231 1921 332 1970 bonurn
359 1932 449 1971 autem
476 1932 517 1972 est
542 1938 600 1973 esse

60 1989 178 2050 bonum,
196 1991 293 2057 utquid
316 2009 369 2041 non
384 1991 426 2042 vis
447 2007 505 2043 esse
526 1995 599 2059 quod

60 2061 105 2113 vis
121 2064 265 2129 apparere?
286 2063 353 2112 Nam
371 2065 443 2129 quod
463 2074 540 2131 turpe
559 2077 600 2116 est

56 2148 203 2199 apparere,
227 2134 332 2198 turpius
358 2146 398 2184 est
425 2150 496 2199 esse;
526 2137 599 2202 quod

57 2215 153 2255 autem
168 2205 317 2254 formosum
338 2215 378 2254 est
397 2221 523 2273 apparere
542 2206 599 2256 for-

62 2275 170 2325 mosius
196 2285 236 2325 est
267 2291 333 2325 esse.
363 2275 436 2342 Ergo
464 2286 510 2326 aut
541 2288 599 2327 esto

60 2348 137 2414 quod
150 2363 270 2412 appares,
289 2358 335 2397 aut
352 2362 449 2412 appara
465 2350 537 2415 quod
555 2365 597 2411 es;

62 2418 128 2485 quia
140 2417 312 2468 manifestum
325 2423 425 2469 malum
441 2435 456 2469 a
471 2420 600 2485 sapienti-

63 2490 116 2541 bus
135 2507 190 2540 non
209 2491 425 2556 reprehenditur,
443 2493 509 2541 dum
524 2491 599 2541 insa-

62 2560 108 2610 nia
126 2561 275 2611 aestimatur
296 2576 303 2611 i
326 2583 339 2609 ii
355 2563 413 2613 haec
429 2563 599 2630 Chryrosto-

63 2645 132 2681 iiius.
148 2631 226 2681 Unde
242 2641 268 2682 et
282 2633 442 2683 Bernartius
458 2651 466 2683 ε
481 2652 494 2678 α
511 2633 598 2692 Quem

62 2701 140 2751 dabis
154 2702 188 2751 de
206 2701 271 2752 filiis
291 2705 387 2761 Adam,
403 2704 450 2770 qui
469 2705 542 2770 quod
560 2715 599 2755 est

63 2786 118 2822 non
139 2772 199 2822 dico
213 2773 286 2837 velit,
302 2775 349 2824 sed
366 2775 407 2824 vel
423 2774 537 2840 patiatur
556 2774 599 2824 vi-

61 2844 136 2895 deri?
155 2864 169 2892 n

92 2915 175 2983 9Vri
200 2931 234 2964 ns
259 2932 403 2966 iroiircrnirs
428 2933 459 2966 ia
485 2933 548 2967 irsrs
564 2934 598 2968 ar

61 3002 78 3036 a
93 3002 224 3036 narniens
252 3003 343 3037 sonuit
365 3003 506 3039 comitissis.
523 3018 553 3026 —
568 2990 597 3039 ln

58 3067 163 3116 octavo,
174 3057 262 3122 arguit
274 3073 320 3109 eos
328 3057 399 3109 filios
409 3075 466 3110 esse
477 3060 598 3110 homici-

61 3126 168 3192 darum,
184 3127 369 3195 quiapropter
383 3129 539 3195 opinionem
554 3131 598 3180 bo-

60 3200 154 3251 nitatis
168 3212 195 3250 et
213 3201 305 3267 gloriae
323 3202 351 3252 in
367 3204 476 3268 populo,
494 3215 524 3253 ut
535 3203 597 3267 justi

60 3268 224 3329 viderentur,
245 3272 386 3336 sepulchra
409 3285 435 3323 et
454 3273 597 3322 memorias

61 3340 256 3408 Prophetarum
283 3353 310 3394 et
330 3345 480 3395 occisorum
507 3345 597 3395 ambi-

63 3414 130 3466 tiose
154 3415 332 3478 edificabant,
351 3428 377 3469 et
393 3419 533 3486 magnifice
551 3432 598 3469 or-

61 3486 169 3546 nabant,
185 3502 255 3553 quos
276 3491 390 3554 majores
407 3506 501 3539 corum
514 3490 598 3538 intet-

61 3554 206 3622 feeerunt3
243 3569 270 3609 et
309 3560 434 3611 dicebant
468 3562 540 3627 quod
575 3560 597 3610 si

62 3626 177 3681 sitissem
192 3629 219 3679 in
239 3630 336 3682 diebus
353 3645 461 3697 patrum
476 3646 598 3696 suorum,

64 3712 117 3750 non
136 3710 227 3750 essent
240 3702 308 3752 socii
321 3717 414 3753 eorum
427 3703 455 3753 in
470 3703 599 3770 sanguine

63 3766 271 3837 Prophetarum,
290 3773 318 3822 id
341 3784 382 3824 est
403 3774 435 3824 ad
455 3774 599 3824 effunden-

64 3838 129 3891 dum
149 3843 312 3909 sanguinein
327 3858 437 3909 eorum3
457 3860 504 3894 nec
517 3845 599 3895 iecis-

65 3919 124 3962 sent
143 3926 173 3963 ea
187 3926 250 3980 quae
264 3922 354 3978 patres
371 3913 414 3965 sui
430 3913 554 3977 fecerant,
568 3914 598 3965 in

662 433 718 483 quo
739 429 871 471 testantur
895 437 923 472 se
945 420 1016 471 filios
1034 436 1127 472 eorum
1146 422 1194 488 qui

662 489 810 555 Prophetas
834 491 997 543 occiderunt.
1023 493 1126 542 Scelera
1146 510 1195 558 pa-

661 570 744 623 truni,
767 572 874 627 propter
896 564 1013 628 speciem
1036 563 1193 624 sanctitatis,

660 635 742 683 verbo
754 650 804 684 suo
820 637 975 700 reprobant3
989 646 1016 686 et
1028 651 1195 700 persequen-

661 705 696 753 do
714 716 834 768 sanctos,
856 717 887 755 ut
907 706 1047 756 Christum
1072 717 1099 756 et
1120 722 1193 765 suos,

661 776 752 824 eadem
773 776 871 825 scelera
891 776 1002 834 faciunt,
1023 777 1106 826 etsie
1124 776 1193 826 facto

660 849 823 913 approbant;
842 849 905 914 quia
924 848 973 898 filii
993 859 1057 898 sunt
1075 865 1129 898 non
1146 865 1194 900 so-

660 919 717 969 lum
745 935 833 979 carne,
857 921 902 969 sed
928 920 1010 970 etiam
1033 919 1193 984 imitatione,

661 1005 716 1040 non
738 991 827 1040 solum
850 1000 983 1056 quantum
1006 991 1040 1039 ad
1061 1000 1192 1049 naturam,

659 1061 706 1110 sed
742 1061 824 1112 etiam
864 1072 995 1127 quantum
1029 1061 1061 1109 ad
1094 1076 1192 1110 mores.

660 1131 721 1180 Non
753 1132 827 1181 enim
858 1148 904 1182 eos
933 1132 1036 1181 incusat
1063 1131 1191 1196 quoniam

659 1203 802 1268 sepulchra
826 1204 969 1266 aedilicant3
990 1204 1037 1254 sed
1059 1203 1192 1253 intentio·

659 1291 720 1325 nem
742 1292 835 1327 eorum
851 1277 1032 1342 reprehendit,
1053 1276 1117 1342 quia
1138 1292 1192 1326 non

658 1358 769 1412 propter
784 1348 915 1398 honorem
934 1363 1028 1397 eorum
1044 1347 1090 1412 qui
1110 1346 1192 1397 occisi

659 1416 771 1481 fuerant,
787 1433 835 1467 nec
852 1427 960 1482 propter
971 1433 1091 1467 amorem
1106 1416 1192 1482 pieta-

658 1489 695 1538 tis
721 1499 747 1538 et
769 1488 889 1539 veritatis
914 1488 966 1538 hoc
985 1488 1120 1551 fecerunt3
1147 1488 1193 1538 sed

659 1569 769 1625 propter
783 1574 904 1608 amorem
915 1574 991 1608 vanae
1005 1559 1102 1617 laudis,
1113 1573 1193 1624 quam

659 1633 686 1681 in
709 1634 759 1682 hoc
773 1633 939 1698 quaerebant.
959 1632 1034 1681 Unde
1053 1631 1195 1699 Chrysor-

660 1710 746 1753 tomui
762 1719 770 1751 ε
787 1723 800 1749 (t
821 1703 874 1762 Qui
900 1704 1048 1767 Martyrum
1070 1702 1195 1752 ecclesias

658 1773 791 1823 aedificant
814 1783 840 1823 et
868 1782 974 1831 ornant,
999 1773 1101 1822 bonum
1125 1788 1196 1837 opus

659 1847 744 1896 facere
764 1845 897 1904 videntur,
922 1845 969 1894 sed
991 1844 1014 1892 si
1038 1844 1149 1909 quidem
1170 1855 1196 1894 et

658 1919 724 1968 alias
740 1917 870 1982 justitiam
885 1917 933 1966 Dei
948 1917 1111 1975 custodiunt,
1126 1915 1196 1966 side

660 1991 742 2041 bonis
756 2006 850 2041 eorum
872 2005 1002 2055 pauperes
1022 1990 1146 2055 gaudent,
1169 1989 1193 2039 si

658 2063 773 2112 aliorum
799 2062 868 2112 bona
894 2077 941 2126 per
964 2061 1119 2112 violentiam
1139 2076 1194 2111 non

658 2133 761 2184 faciunt
783 2148 841 2193 sua,
863 2133 930 2182 scito
945 2132 1009 2201 quia
1032 2133 1064 2182 ad
1080 2131 1193 2198 gloriam

660 2205 708 2255 Dei
726 2205 877 2267 aedifican13
895 2203 938 2254 sin
957 2214 1045 2254 autem
1061 2203 1124 2268 quis
1138 2219 1192 2252 non

660 2276 804 2342 intelligat,
818 2274 883 2341 quia
897 2290 951 2325 non
966 2276 999 2325 ad
1014 2274 1128 2339 gloriam
1143 2273 1192 2323 Dei

656 2349 764 2399 faciunt
792 2347 905 2399 aedificia
928 2348 983 2405 illa,
1011 2346 1057 2397 sed
1085 2355 1194 2410 propter

658 2419 864 2471 aestimationem
885 2419 1033 2467 humanam
1060 2414 1194 2464 edificant

657 2490 750 2540 altaria
781 2491 948 2554 Martyrum,
981 2486 1028 2534 ubi
1063 2499 1194 2548 pauperes

659 2561 732 2626 passi
748 2559 904 2611 violentiam
919 2557 952 2605 ab
967 2556 1006 2605 eis
1021 2554 1195 2618 interpellant

659 2642 753 2682 contra
766 2629 827 2680 eos?
842 2630 901 2678 Non
910 2626 985 2676 enirn
999 2625 1116 2691 gaudent
1126 2626 1193 2674 Mar·

659 2713 731 2768 tyres
753 2700 862 2766 quando
875 2713 908 2748 ex
931 2697 985 2747 illis
1001 2695 1125 2760 ¹pecuniis
1139 2694 1192 2744 ho-

659 2783 797 2829 norantur,
815 2771 843 2820 in
867 2768 967 2835 quibus
990 2782 1118 2832 pauperes
1132 2767 1193 2831 plo-

658 2845 767 2893 rabunt.
796 2840 892 2901 Qualis
917 2847 958 2888 est
992 2837 1043 2886 ista
1070 2836 1191 2901 justitia,

658 2927 800 2965 munerare
814 2920 946 2969 mortuos,
960 2918 986 2959 et
1012 2908 1128 2972 spoliare
1150 2907 1192 2957 vi-

657 2995 773 3048 ventes3
803 2983 836 3032 de
865 2981 998 3047 sanguine
1028 2980 1191 3030 miserorum

657 3057 760 3113 tollere,
784 3062 809 3103 et
832 3052 888 3102 Deo
912 3051 1024 3102 offerre?
1045 3051 1113 3100 Illud
1135 3065 1191 3100 non

657 3135 698 3176 est
719 3125 775 3174 Deo
791 3122 896 3184 offerre,
911 3123 957 3172 sed
972 3122 1040 3172 velle
1053 3119 1191 3170 violentiae

658 3211 714 3246 suae
734 3194 839 3245 socium
857 3193 942 3244 iacere
961 3193 1059 3250 Deum,
1079 3201 1110 3240 ut
1128 3205 1190 3239 cum

657 3267 775 3316 oblatam
799 3263 853 3324 sibi
870 3262 1012 3329 pecuniam
1031 3263 1190 3324 depeccato

657 3338 771 3389 libenter
780 3337 917 3403 acceperit,
933 3335 1081 3386 consentiat
1094 3333 1123 3381 in
1136 3347 1193 3397 pec-

658 3422 725 3462 cato.
740 3410 789 3461 Vis
802 3411 915 3461 domum
931 3409 979 3459 Dei
994 3404 1138 3457 aedificare?
1152 3404 1192 3453 Da

657 3482 784 3532 fidelibus
808 3480 971 3547 pauperibus
994 3476 1064 3526 unde
1090 3474 1191 3532 vivant,

658 3563 685 3603 et
709 3552 846 3603 aedificasti
868 3549 1054 3602 rationabilem
1078 3546 1191 3595 domuin

660 3625 719 3675 Dei.
737 3625 767 3674 ln
781 3623 902 3674 aediliciis
920 3621 993 3671 enim
1009 3616 1135 3667 homines
1148 3615 1193 3665 ha-

659 3697 756 3760 bitant,
782 3696 854 3746 Deus
873 3704 963 3744 autern
979 3691 1008 3741 in
1034 3688 1193 3738 hominibus

658 3771 769 3821 sanctis.
795 3769 896 3828 Quales
918 3781 981 3832 ergo
1000 3762 1038 3813 illi
1061 3771 1125 3812 sunt
1144 3760 1193 3828 qui

660 3840 787 3892 homines
798 3837 924 3904 spoliant,
935 3847 961 3887 et
970 3833 1114 3886 aedisicium
1127 3834 1194 3884 Mar·

660 3925 751 3981 tyrum
775 3911 891 3974 faciunt;
907 3907 1087 3960 habitationes
1101 3905 1194 3958 hoini-
