2632 4320
157 249 209 301 268

156 365 222 416 dicit
236 365 324 415 solum
337 380 397 430 quae
411 380 466 415 non
479 373 575 415 nocent
587 363 687 430 pietati,

156 436 220 504 quia
235 437 258 486 si
276 435 380 502 aliquid
393 437 446 486 tale
460 445 509 496 est,
527 451 582 485 non
598 435 688 486 Caesa-

157 508 196 558 ris
211 509 256 558 sed
271 507 371 558 diaboli
386 517 426 558 est
438 507 559 574 vectigal.
573 507 613 558 Et
627 520 688 572 quae

156 590 218 635 sunt
245 583 298 634 Dei
320 583 386 645 Deo,
412 583 522 643 scilicet,
539 582 687 633 secundum

156 654 353 721 Hieronymum
368 671 376 703 .·
391 653 517 712 decimas,
545 651 687 717 primitias,

156 726 304 777 oblationes
325 737 350 778 et
372 727 490 792 hostias;
508 727 576 778 sicut
589 737 615 777 et
630 726 688 793 ipse

157 797 271 848 reddidit
292 798 393 848 tributa
412 813 459 863 pro
474 813 502 848 se
517 808 544 848 et
562 798 649 855 Petro,
662 806 688 846 et

156 870 212 920 Deo
232 870 349 920 reddidit
364 886 425 936 quae
445 869 493 920 Dei
511 880 584 930 sunt,
601 869 688 920 Patris

156 938 256 990 faciens
276 940 451 990 voluntatem.
476 940 534 1000 Vel,
559 941 688 991 debemus

156 1011 266 1061 reddere
289 1012 391 1060 mundo
410 1026 473 1060 suos
493 1011 619 1071 honores,
641 1028 688 1063 eos

155 1080 336 1146 despiciendo,
352 1095 413 1130 suas
436 1080 553 1141 delicias,
574 1097 618 1132 eas
639 1082 689 1132 ab·

156 1151 297 1211 horrendo,
312 1160 337 1201 et
351 1165 413 1200 suas
427 1151 542 1220 divitias,
557 1168 600 1202 eas
619 1169 687 1203 con-

156 1222 310 1279 temnendo,
331 1222 388 1270 Deo
413 1231 503 1271 autem
522 1223 640 1273 decimas
662 1235 688 1274 et

156 1292 312 1342 oblationes.
325 1292 383 1350 Vel,
395 1302 425 1341 ut
435 1293 501 1342 dicit
510 1294 669 1345 Ambrosius
679 1312 687 1344 :

157 1382 171 1410 a
189 1363 264 1413 Sicut
279 1363 368 1413 Caesar
383 1363 465 1429 exigit
482 1363 687 1429 impressionem

156 1448 211 1483 suae
225 1433 360 1498 imaginis,
378 1435 416 1484 sic
437 1443 462 1484 et
481 1434 552 1484 Deus
568 1435 687 1485 animam

155 1504 259 1555 lumine
272 1507 361 1556 vultus
376 1506 418 1556 sui
430 1505 598 1571 insignitam.
614 1508 688 1558 Sicut

156 1576 228 1626 enim
254 1577 379 1628 denarius
406 1578 524 1644 imagine
548 1579 628 1645 regis,
650 1580 688 1631 sic

156 1647 278 1713 signatur
294 1648 378 1698 homo
393 1649 426 1699 ad
445 1649 591 1716 imaginem
606 1661 631 1701 et
647 1651 687 1702 si-

156 1718 336 1769 militudinem
362 1720 421 1780 Dei,
449 1736 532 1786 quam
557 1723 687 1787 peccando

156 1789 313 1855 corrumpit.
339 1811 353 1838 r>
381 1792 415 1841 Et
439 1791 537 1843 iterum
558 1809 565 1842 :
585 1812 599 1840 a
617 1794 686 1844 Cum

156 1859 207 1909 alia
231 1860 266 1909 sit
286 1860 375 1928 imago
394 1861 451 1921 Dei,
474 1863 525 1912 alia
545 1864 648 1928 mundi,
664 1864 687 1914 si

157 1948 212 1981 non
226 1933 267 1983 vis
286 1949 344 1984 esse
357 1935 492 1985 obnoxius
508 1936 615 1996 Caesari,
631 1936 686 1986 noli

158 2002 255 2052 habere
268 2019 329 2069 quae
342 2015 404 2054 sunt
420 2007 524 2057 mundi.
540 2006 569 2056 Si
584 2007 625 2057 vis
640 2016 688 2057 ter·

156 2086 221 2121 reno
238 2073 294 2138 regi
318 2074 387 2123 nihil
412 2075 518 2138 debere,
537 2077 628 2128 omnia
642 2088 687 2128 tua

156 2142 285 2207 relinque,
307 2154 332 2192 et
354 2144 493 2195 Christum
515 2162 634 2213 sequere.
654 2149 687 2198 Et

156 2212 223 2262 bene
236 2213 310 2277 prius
325 2229 385 2280 quae
398 2214 495 2266 Caesari
506 2228 569 2267 sunt
579 2219 687 2269 redden-

156 2281 189 2330 da
203 2282 328 2342 decrevit,
344 2285 516 2349 nequeenim
529 2297 616 2351 potest
630 2303 687 2339 esse

140 2351 216 2419 'quis
239 2355 387 2421 discipulus
406 2357 525 2418 Domini,
541 2359 594 2410 nisi
612 2355 707 2427 prius‘

154 2425 347 2477 renuntiaverit
372 2429 484 2479 mundo.
514 2431 566 2480 Sed
591 2447 686 2483 omnes

154 2497 339 2547 renuntiamus
353 2498 452 2560 verbis,
468 2516 522 2549 non
544 2502 685 2552 renuntia-

154 2581 216 2616 mus
233 2567 335 2619 affectu.
354 2569 421 2620 Nam
439 2586 499 2620 cum
519 2583 686 2624 sacramenta

152 2636 306 2702 recipimus,
320 2641 514 2693 renuntiamus.
525 2643 613 2703 Quam
624 2659 686 2710 gra-

152 2705 196 2756 via
208 2719 272 2757 sunt
282 2709 397 2773 vincula,
410 2712 564 2776 promittere
577 2714 644 2775 Deo,
660 2725 686 2766 et

153 2792 208 2826 non
224 2780 341 2829 solvere?
368 2783 452 2846 Major
470 2794 510 2833 est
535 2795 685 2837 contractus
705 2811 708 2816 ·

152 2847 225 2909 fidei,
251 2866 334 2915 quarn
356 2854 484 2918 pecuniae.
504 2856 595 2906 Redde
618 2873 684 2922 pro-

152 2919 268 3000 missum
296 2924 360 2972 dum
388 2925 417 2975 in
444 2926 495 2976 hoc
515 2943 625 2993 corpore
645 2944 682 2989 es,

151 3005 310 3057 priusquam
325 2996 415 3046 veniat
428 3003 543 3048 exactor
555 3005 581 3049 et
594 2999 683 3052 mittat

150 3065 177 3110 te
190 3061 216 3111 iu
228 3075 372 3115 carcerem.
387 3085 401 3112 o
416 3067 492 3118 Unde
505 3078 532 3119 et
545 3070 683 3138 Hierony-

150 3145 209 3181 mus
230 3147 238 3182 :
260 3133 439 3185 «Nummum
459 3137 603 3190 habentem
620 3142 680 3192 Cae-

149 3202 217 3252 saris
235 3203 382 3270 imaginem
395 3207 499 3258 reddite
512 3211 594 3261 coacti
612 3212 680 3262 Cae-

150 3274 228 3338 sari,
259 3277 437 3343 vosmetipsos
465 3280 579 3333 libenter
613 3285 678 3335 Deo.

149 3346 294 3412 Signatum
313 3355 362 3412 est,
386 3349 468 3412 enim,
485 3351 571 3403 lumen
590 3355 680 3406 vultur

148 3418 208 3481 Dei,
220 3433 300 3484 super
314 3435 371 3484 nor,
385 3436 441 3470 non
453 3421 583 3474 Caesaris:
596 3444 609 3473 u
622 3426 678 3477 haec

148 3488 343 3558 Hieronymus·

179 3575 197 3624 4
211 3561 333 3622 Quarta
350 3578 418 3613 suur
439 3579 578 3615 aauuauon
600 3565 676 3618 Deo?

148 3657 177 3666 —
192 3631 303 3682 Relictis
326 3648 389 3700 ergo
408 3649 470 3700 quae
494 3635 588 3685 mundi
603 3648 676 3699 sunt,

147 3718 253 3769 corpus,
280 3705 409 3771 animam,
435 3708 609 3774 intellectum,
624 3727 675 3762 vo-

145 3777 285 3841 luntatem,
305 3781 446 3846 rationem,
463 3792 490 3832 et
510 3783 600 3833 omnia
614 3800 675 3850 quae

145 3847 174 3897 in
190 3849 269 3901 nobis
290 3861 363 3917 sunt,
378 3853 444 3914 Deo,
467 3868 551 3920 aquo
571 3855 673 3921 accepi·

435 249 610 300 SECUNDAE
624 246 748 298 PARTlS
764 247 881 298 CAPUT
902 249 1010 300 XXXV.

743 377 813 426 mus,
832 379 888 412 non
912 364 970 413 dico
991 363 1130 423 debemus,
1152 363 1199 413 sed
1214 371 1278 413 tan·

741 450 823 501 quam
846 435 965 486 debitum
991 436 1144 496 reddamus,
1168 444 1274 486 utnon

741 506 886 572 comparati
899 507 1002 567 bestiis,
1018 507 1063 557 sed
1080 505 1277 557 rationabiliter

742 577 769 627 in
791 578 919 631 omnibus
938 579 1123 643 procedamus.
1135 577 1217 642 Quia,
1231 592 1278 628 se-

741 648 861 698 cundum
878 647 1025 711 Hilarium,
1041 647 1210 714 condignum
1224 658 1275 707 est,

741 727 772 768 ut
789 719 814 769 ei
831 734 880 769 nos
902 729 973 768 totos
995 718 1148 778 reddamus,
1168 717 1213 768 cui
1230 719 1278 769 de·

741 789 803 839 bere
816 804 866 839 nos
880 787 1023 839 recolimus
1044 798 1070 838 et
1091 787 1228 855 originem
1251 799 1278 840 et

742 859 898 925 profectum.
924 859 984 909 Non
1002 869 1042 909 est
1065 858 1157 923 itaque
1178 857 1276 909 incon-

741 932 870 992 veniens,
902 947 951 982 nec
978 930 1173 994 contradictio,
1204 932 1278 997 quod

741 1001 824 1052 homo
842 1003 877 1052 sit
892 1001 1016 1052 subditus
1030 1001 1137 1051 homini
1156 1001 1185 1051 in
1204 1012 1278 1052 tem-

742 1075 886 1140 poralibus,
902 1085 927 1124 et
940 1075 995 1125 Deo
1008 1073 1163 1124 immediate
1177 1074 1208 1125 in
1224 1074 1277 1140 spi-

740 1148 883 1199 ritualibus
910 1165 917 1198 :
943 1158 1089 1214 utrumque
1113 1148 1187 1198 enim
1211 1148 1282 1200 bene

740 1233 768 1268 se
792 1217 964 1283 compatitur,
991 1234 1039 1268 nec
1060 1219 1177 1269 alterum
1203 1218 1279 1269 alteri

742 1289 904 1354 praeiudicat.
928 1289 981 1339 Sed
1004 1289 1090 1356 magis
1110 1289 1176 1340 felix
1195 1298 1280 1341 estet

742 1361 842 1419 beatus,
871 1359 918 1426 qui
950 1376 964 1410 a
992 1361 1190 1426 temporalibus
1218 1371 1280 1413 eta

742 1433 891 1498 perniciosa
906 1432 1033 1483 servitute
1048 1447 1144 1483 eorum
1158 1442 1201 1484 est
1215 1449 1279 1484 eru-

741 1514 793 1567 tus,
810 1514 835 1553 et
848 1504 904 1553 Deo
923 1503 973 1553 soli
988 1503 1133 1567 subiectus,
1154 1502 1221 1569 quia
1234 1502 1278 1553 hic

741 1574 858 1624 maxime
879 1584 920 1625 est
942 1574 1019 1636 liber,
1047 1584 1073 1624 et
1095 1574 1232 1641 princeps,
1252 1582 1277 1624 et

740 1646 849 1712 regibus
872 1646 994 1712 regalior,
1017 1655 1042 1696 et
1065 1660 1154 1710 neque
1176 1644 1276 1695 divitia·

741 1732 802 1766 rum
819 1717 895 1766 timet
907 1715 1086 1782 tyrannidem,
1104 1731 1195 1782 neque
1207 1715 1276 1782 prin·

741 1787 842 1851 cipatus
853 1787 987 1837 timorem.
1000 1785 1112 1852 Mystice
1121 1796 1214 1837 autem
1223 1786 1276 1836 Deo

740 1858 870 1908 debemus
887 1857 996 1907 reddere
1012 1856 1111 1922 triplex
1133 1857 1273 1915 tributum,

741 1928 796 1979 sive
810 1926 952 1988 rationem,
965 1940 1048 1994 quam
1062 1929 1192 1993 postulat,
1208 1926 1272 1978 scili·

741 2010 808 2050 cet:
830 2001 863 2050 de
884 2000 972 2059 corde,
992 1997 1137 2064 perfectam
1154 1997 1272 2048 dilectio-

740 2088 815 2135 nem;
844 2073 877 2122 de
901 2088 961 2132 ore,
993 2072 1143 2122 ferventem
1171 2080 1197 2121 et
1219 2069 1270 2120 fre-

740 2153 866 2208 quentem
890 2143 1038 2210 gratiarum
1062 2143 1198 2192 actionem
1205 2156 1214 2206 ;
1241 2140 1270 2190 dc

740 2232 860 2282 corpore,
869 2217 1048 2268 voluntariam
1063 2217 1194 2269 vitiorum
1205 2230 1270 2267 mor·

739 2288 923 2341 tificationem.
935 2291 964 2341 ln
973 2290 1121 2356 praemissis
1131 2290 1214 2341 etiam
1223 2287 1270 2339 tria

741 2360 853 2425 mystice
874 2372 999 2412 notantur
1016 2379 1023 2412 z
1039 2362 1129 2427 primo
1144 2359 1269 2428 quaeritur

740 2431 859 2480 ostensio
873 2431 982 2492 denarii,
996 2432 1113 2482 secundo
1131 2431 1271 2496 interroga·

740 2510 784 2550 tur
802 2502 993 2568 superscriptio
1013 2502 1105 2563 oblati,
1131 2502 1210 2553 tertio
1228 2516 1269 2551 se·

739 2570 832 2637 quitur
852 2569 988 2632 diffinitio,
1007 2572 1050 2622 cui
1072 2572 1169 2623 debeat
1186 2570 1268 2623 reddi.

739 2641 769 2690 ln
785 2640 894 2691 denario
911 2652 974 2692 sunt
989 2642 1058 2692 tria:
1074 2643 1195 2704 materia,
1208 2657 1268 2708 pon·

738 2712 789 2762 dus
812 2723 838 2763 et
851 2713 1041 2780 superscriptio
1056 2730 1118 2764 cum
1134 2714 1269 2782 imagine,

738 2785 848 2834 materia
883 2796 924 2835 est
960 2785 1079 2852 operatio
1104 2787 1196 2852 bona,
1226 2788 1265 2837 vel

738 2858 817 2917 mala,
840 2868 975 2925 argentea,
994 2860 1036 2909 vel
1055 2868 1183 2924 stanneam
1200 2877 1267 2927 pon·

736 2927 787 2977 dus
812 2937 851 2978 est
872 2929 986 2979 intentio
1011 2940 1082 2980 recta
1108 2932 1152 2982 vel
1174 2945 1266 2998 prava;

736 2999 825 3065 imago
845 3000 991 3051 attenditur
1007 3000 1035 3051 in
1049 3000 1146 3053 affectu
1165 2999 1270 3054 interio’

735 3071 767 3132 ri,
782 3082 808 3123 et
822 3073 1023 3140 superscriptio,
1037 3073 1066 3123 in
1081 3075 1180 3127 effectu
1194 3086 1266 3127 exte·

734 3142 809 3192 riori.
836 3144 926 3209 Imago
942 3144 1016 3194 enim
1035 3144 1138 3196 diaboli
1153 3156 1195 3198 est
1210 3147 1266 3198 cul·

734 3229 781 3279 pa3
792 3215 881 3281 imago
891 3215 949 3275 Dei,
963 3217 1057 3281 gratia;
1073 3217 1268 3285 superscriptio

733 3296 774 3337 est
794 3286 909 3338 exterior
924 3289 1100 3350 conversati0,
1113 3300 1141 3341 et
1154 3290 1267 3342 humilis

732 3359 765 3409 ad
780 3359 959 3411 imitationem
974 3360 1086 3421 Christi,
1100 3363 1143 3413 vel
1152 3363 1266 3430 superba

732 3432 765 3480 ad
786 3431 963 3482 imitationem
980 3432 1089 3483 diaboli.
1112 3435 1204 3500 Hujus
1221 3436 1267 3487 de-

732 3501 800 3552 narii
816 3503 934 3554 ostensio
948 3503 978 3554 fit
990 3504 1018 3554 in
1031 3513 1128 3555 morte.
1147 3507 1173 3557 O
1185 3522 1265 3575 quam

732 3573 875 3623 metuenda
895 3573 1024 3639 quaestio!
1043 3574 1186 3628 Ostendite
1204 3576 1267 3629 milti

731 3641 862 3693 numisma
884 3657 989 3708 census,
1006 3638 1151 3696 hominem
1166 3647 1266 3699 scilicet

731 3711 899 3773 interiorem,
923 3730 999 3766 sacco
1022 3717 1111 3768 carnis
1136 3719 1265 3783 velatum,

730 3785 855 3836 exteriori
870 3786 1043 3839 simulatione
1057 3789 1264 3855 obumbratum,

729 3857 777 3908 diu
799 3859 832 3908 ad
859 3860 1046 3925 poenitentiam
1068 3874 1266 3931 exspectatum.
