2632 4320
342 284 389 334 DE
405 282 597 334 EXERCITIO
615 282 750 333 MENTIS
767 278 802 332 ΓΝ
820 282 929 333 DEUM.

70 411 243 463 mentorum,
269 400 311 449 vel
333 410 459 464 raptuum
488 415 603 462 eorum;

67 474 127 524 imo
149 473 173 522 si
193 473 294 521 ducunt
310 482 336 522 te
356 472 384 521 in
406 471 510 537 aliquid
531 472 604 536 quod

68 544 106 594 sit
127 555 221 594 contra
244 543 334 603 fidem,
351 544 393 593 vel
417 553 508 593 contra
531 543 605 592 Scri-

68 625 163 681 pturas
190 625 305 674 sanctas,
331 625 378 664 aut
402 624 492 664 contra
518 615 605 664 bonos

69 701 169 746 mores,
189 687 232 735 vel
243 696 337 735 contra
352 685 418 735 vitas
432 686 603 743 Sanctorum,

64 772 115 807 seu
144 757 228 806 verba
253 770 347 806 eorum
384 770 447 806 sane
481 765 603 821 accepta,

65 830 214 880 abhorreas
227 844 322 879 eorum
339 828 458 879 visiones
472 838 499 878 et
517 828 603 878 senti-

67 911 158 951 menta
177 912 308 967 tanquam
330 901 425 950 stultas
443 900 602 958 dementias,

66 982 93 1022 et
113 988 209 1022 eorum
226 982 318 1038 raptus
333 972 404 1022 sicut
426 972 602 1021 rabiamenta.

63 1045 96 1094 Si
117 1055 209 1094 tamen
231 1045 333 1094 ducunt
355 1045 383 1094 in
406 1044 457 1093 hoc
476 1045 548 1110 quod
564 1054 604 1095 est

68 1115 219 1164 secundum
234 1113 325 1174 fidem,
341 1125 367 1163 et
377 1115 526 1164 secundum
538 1113 605 1163 Scri·

67 1193 184 1249 pturam,
210 1193 236 1233 et
257 1184 407 1234 secundum
435 1185 554 1243 Sanctos,
580 1192 605 1233 et

68 1256 218 1304 secundum
232 1255 320 1303 bonos
335 1269 434 1313 mores,
456 1248 515 1302 noll
527 1269 604 1318 sper-

68 1342 142 1386 nere,
164 1327 228 1393 quia
251 1326 362 1377 forsitan
388 1343 528 1393 sperneres
554 1327 606 1376 hoc

68 1401 141 1466 quod
165 1410 206 1449 est
226 1400 293 1464 Dei;
316 1416 371 1449 non
384 1410 473 1449 tamen
488 1399 606 1449 totaliter

68 1469 198 1531 confidas,
218 1472 282 1536 quia
305 1485 377 1536 saepe
399 1481 425 1520 et
444 1470 562 1520 maxime
577 1470 604 1519 in

67 1543 261 1594 tentationibus
274 1544 411 1595 inducitur
427 1559 474 1594 seu
487 1544 603 1593 abscon-

64 1614 142 1663 ditur
154 1613 257 1664 falsitas
272 1615 323 1664 sub
335 1614 424 1679 specie
435 1613 563 1673 veritatis,
578 1623 603 1664 et

67 1683 173 1734 malitia
191 1685 244 1733 sub
266 1684 446 1735 similitudine
463 1683 602 1744 bonitatis,

66 1767 97 1808 ut
119 1758 245 1807 diabolus
268 1758 354 1823 possit
376 1757 473 1808 melius
492 1767 518 1807 et
533 1773 603 1823 saepe

67 1831 211 1882 mortalem
234 1846 353 1883 errorem
382 1831 541 1882 diffundere.
570 1832 603 1881 Et

66 1903 129 1953 ideo
163 1904 271 1954 videtur
300 1904 362 1968 plus
394 1905 497 1969 placere
524 1904 601 1964 De0,

67 1988 150 2039 quam
181 1975 300 2024 visiones
325 1985 352 2024 et
383 1973 543 2024 sentimenta
572 1990 602 2025 ac

67 2054 169 2108 raptus,
193 2060 254 2109 quae
282 2044 431 2094 secundum
461 2045 534 2110 quod
557 2043 601 2093 di-

66 2124 143 2165 ctum
157 2125 207 2175 est,
223 2116 326 2166 habent
338 2116 547 2166 similitudinem
560 2132 603 2167 ve-

67 2184 157 2236 ritatis
170 2195 197 2235 et
212 2185 349 2245 bonitatis,
364 2185 486 2236 dimittas
498 2186 538 2236 ire
552 2202 602 2252 pro

67 2265 141 2305 tanto
155 2267 289 2321 quantum
300 2258 406 2319 valent;
423 2257 476 2306 nisi
493 2257 602 2307 contin-

66 2339 112 2395 gat
129 2330 269 2395 aliquibus
283 2329 404 2394 personis
417 2330 520 2380 ratione
536 2346 601 2381 san-

65 2400 166 2450 ctitatis
186 2410 213 2450 et
236 2401 399 2451 humilitatis
422 2417 516 2451 corum
535 2418 601 2468 pro-

66 2472 135 2522 bats
165 2472 313 2523 certissime
341 2482 367 2522 et
395 2472 544 2531 manifeste,
568 2475 602 2524 dc

64 2541 169 2607 quibus
181 2552 251 2591 esset
263 2552 366 2592 certum
381 2551 408 2591 et
423 2541 599 2592 manifestum

64 2613 137 2679 quod
160 2627 215 2662 non
233 2623 341 2677 possent
359 2612 444 2677 decipi
467 2627 514 2677 per
535 2613 601 2663 illu-

64 2681 157 2733 siones
183 2683 225 2732 vel
254 2683 394 2748 ingenium
425 2681 535 2732 diaboli.
564 2684 600 2734 Et

64 2765 130 2806 triac
148 2755 274 2822 quamvis
296 2755 334 2805 sit
350 2756 426 2821 pium
448 2755 599 2807 visionibus

64 2837 90 2877 et
112 2827 286 2878 sentimentis
308 2829 403 2878 talium
425 2843 599 2893 personarum

62 2899 226 2957 consentire,
242 2908 333 2948 tamen
345 2914 471 2959 securum
484 2910 532 2959 est,
543 2915 599 2949 non

64 2970 183 3020 totaliter
198 2986 246 3036 per
257 2971 391 3021 rationem
405 2972 548 3021 veridicam
560 2971 599 3022 eis

64 3041 189 3105 credere;
218 3042 264 3091 sed
287 3042 376 3092 solum
401 3042 464 3107 quia
485 3057 599 3092 concor-

63 3114 129 3164 dant
151 3130 215 3164 cum
242 3114 295 3164 fide
320 3115 451 3165 catholica
479 3126 505 3165 et
526 3131 599 3166 sacra

62 3183 211 3250 Scriptura,
228 3199 259 3234 ac
275 3184 353 3234 bonis
370 3185 493 3234 moribus
505 3196 531 3234 et
545 3186 599 3235 vita

63 3264 89 3304 et
112 3255 205 3305 verbis
227 3257 395 3314 Sanctorum,
420 3266 447 3305 et
470 3271 531 3306 cum
553 3270 599 3307 ra-

62 3324 136 3376 tione
161 3325 272 3375 fundata
294 3341 376 3392 supra
405 3328 540 3391 praedicta.
564 3356 599 3367 -

61 3399 217 3449 Secundum
228 3400 378 3449 remedium
392 3402 517 3466 estquod
533 3403 598 3452 nul-

56 3470 113 3536 lam
157 3472 353 3538 expositionem
388 3473 535 3538 Scriptura
573 3485 599 3525 et

62 3541 208 3592 verborum
239 3542 400 3592 Sanctorum
428 3541 495 3593 velis
524 3543 598 3594 acci-

60 3626 134 3676 pere,
156 3612 209 3662 nisi
237 3613 379 3662 concordet
401 3613 464 3662 Jesu
493 3613 596 3665 Christi

59 3691 141 3748 atque
155 3682 315 3733 Sanctorum
329 3683 404 3744 vitae;
421 3684 493 3750 quod
506 3694 596 3734 tamen

60 3751 183 3821 intellige
211 3762 344 3819 quantum
371 3757 404 3805 ad
429 3755 490 3805 illos
518 3756 598 3805 nobis

61 3824 216 3889 propositos
250 3824 283 3873 ad
318 3824 504 3889 imitandum,
540 3842 597 3876 non

59 3906 197 3962 quantum
220 3896 254 3946 ad
273 3897 436 3949 imitandum
459 3898 597 3966 privilegia

1141 279 1190 331 311

658 411 685 449 et
694 398 894 464 singularitates
905 414 1008 448 eorum.
1019 397 1055 448 Et
1069 399 1142 448 istud
1155 399 1195 449 di-

658 470 727 520 citur
751 482 844 520 contra
869 470 976 535 aliquos
1007 469 1118 519 nuntios
1144 485 1192 521 seu

657 543 804 608 discipulos
822 542 991 602 antichristi,
1013 542 1060 608 qui
1083 543 1193 607 palliant

656 625 682 664 et
702 615 850 665 defendunt
872 630 937 664 suos
954 629 1058 664 errores
1073 624 1099 664 et
1118 615 1192 679 peri-

656 687 761 737 culosos
783 687 877 736 modos
897 685 1015 748 vivendi,
1033 686 1192 751 exponendo

656 773 758 808 sacram
780 757 946 822 Scripturam
969 759 1119 807 secundum
1143 773 1190 808 eo-

656 844 717 878 rum
734 829 871 894 propriam
889 827 1065 888 affectionem,
1086 830 1190 879 ducen-

656 911 697 951 tes
716 901 743 950 in
767 902 920 966 exemplum
939 901 1046 966 aliquos
1064 915 1190 952 excessus

656 983 682 1022 et
698 972 895 1038 singularitates
912 987 979 1038 quas
1000 972 1084 1038 aliqui
1098 973 1189 1023 Sancti

656 1041 785 1092 iecerunt.
800 1042 965 1091 —Tertium
981 1042 1132 1092 remedium
1149 1053 1190 1092 est

657 1112 768 1177 quodsi
783 1128 831 1178 per
846 1112 1044 1172 revelationem,
1064 1114 1104 1162 vel
1126 1129 1190 1162 sen·

657 1185 812 1245 timentum,
835 1184 876 1234 vel
901 1199 948 1249 per
970 1184 1053 1233 aliurn
1075 1185 1189 1234 modum

657 1271 704 1304 cor
725 1265 804 1306 tuum
826 1265 966 1305 moveatur
982 1256 1015 1304 ad
1037 1253 1190 1304 faciendum

656 1327 766 1392 aliquod
781 1342 859 1392 opus,
874 1337 900 1376 et
916 1325 1033 1376 maxime
1046 1341 1115 1390 opus
1125 1341 1190 1391 gra-

655 1416 688 1451 ve
711 1401 752 1451 vel
775 1400 903 1460 notabile,
928 1409 954 1449 et
974 1415 1029 1450 non
1051 1399 1101 1449 tibi
1122 1415 1190 1449 con-

656 1485 773 1534 suetum,
792 1476 826 1524 de
848 1490 903 1540 quo
920 1489 975 1524 non
997 1473 1095 1524 habeas
1108 1473 1190 1524 certi—

656 1547 777 1597 tudinem
803 1562 837 1595 an
869 1545 926 1594 Deo
950 1546 1059 1610 placeat,
1083 1544 1139 1594 imo
1163 1552 1191 1594 et

655 1616 851 1667 rationabiliter
884 1615 1013 1675 dubitas,
1046 1614 1189 1664 contrahas
1276 1620 1279 1625 '

655 1704 758 1739 moram
772 1688 806 1738 ad
826 1687 979 1741 faciendum
991 1686 1094 1736 dictum
1109 1701 1187 1751 opus,

654 1774 796 1825 usquequo
809 1758 957 1824 inspexeris
969 1772 1063 1807 omnes
1077 1756 1189 1807 circum·

655 1830 775 1891 stantius,
793 1839 818 1879 et
832 1830 950 1879 maxime
968 1827 1071 1888 finales,
1087 1838 1113 1877 et
1128 1844 1187 1893 cog·

654 1914 748 1951 noscas
770 1900 843 1965 quod
866 1901 922 1949 Deo
941 1901 1057 1964 placeat;
1073 1913 1129 1948 non
1145 1909 1187 1948 ta-

654 1987 717 2020 men
745 1971 819 2036 quod
845 1979 875 2020 tu
906 1971 1009 2035 judices
1038 1985 1084 2036 per
1111 1981 1186 2020 tuam

653 2041 821 2108 opinionem,
841 2042 888 2091 sed
906 2041 929 2090 si
943 2051 1029 2106 potes,
1047 2057 1094 2106 per
1109 2041 1187 2091 testi·-

654 2114 778 2163 monium
794 2123 898 2163 certum
915 2113 1069 2178 Scripturae,
1084 2113 1126 2164 vel
1140 2127 1188 2178 per

654 2185 808 2249 exemplum
823 2184 981 2233 Sanctorum
997 2185 1107 2234 Patrum
1120 2183 1188 2234 inri-

654 2255 744 2306 tabile.
767 2256 800 2305 Et
827 2255 1016 2305 benedictum
1035 2266 1076 2306 est
1093 2255 1187 2306 imita-

654 2329 715 2388 bile,
745 2329 818 2395 quia,
841 2331 989 2380 secundum
1013 2331 1187 2396 Gregorium,

653 2399 737 2465 aliqui
752 2400 838 2450 Sancti
858 2400 976 2451 iecerunt
988 2400 1078 2466 aliqua
1096 2416 1186 2466 opera,

653 2471 682 2519 in
693 2471 795 2536 quibus
806 2487 861 2534 non
874 2471 1004 2521 debemus
1017 2488 1063 2521 eos
1075 2472 1187 2532 imitari,

653 2544 777 2609 quamvis
798 2553 886 2594 essent
911 2544 939 2593 in
964 2544 1005 2594 eis
1033 2545 1117 2606 bona;
1139 2545 1187 2594 sed

652 2615 782 2663 debemus
806 2629 837 2663 ea
859 2614 960 2664 habere
977 2614 1005 2663 in
1028 2615 1185 2667 reverentia.

653 2687 726 2736 Etsi
741 2701 788 2752 per
801 2686 919 2751 teipsum
936 2703 991 2736 non
1007 2698 1082 2752 potes
1095 2687 1187 2738 venire

652 2758 681 2807 in
696 2757 821 2807 notitiam
834 2773 867 2807 an
882 2757 938 2806 Deo
953 2758 1053 2822 placeat
1062 2759 1104 2808 vel
1118 2774 1184 2819 non,

651 2829 718 2879 illud
729 2828 798 2879 circa
813 2829 886 2894 quod
897 2827 1049 2879 faciendum
1061 2840 1187 2879 movetur

651 2910 798 2960 cortuum,
819 2910 892 2964 petas
911 2899 1056 2949 consilium
1082 2916 1097 2950 a
1120 2916 1187 2966 pro-

652 2972 721 3022 batis
734 2971 857 3036 personis
872 2971 900 3020 in
913 2971 969 3020 vita
983 2983 1008 3022 et
1025 2973 1148 3023 doctrina
1160 2983 1186 3024 et

651 3043 764 3093 consilio
787 3043 916 3094 veritatis.
939 3072 969 3081 —
993 3044 1127 3104 Quartum
1142 3061 1186 3096 re-

653 3114 773 3163 medium
790 3114 918 3179 estquod
942 3115 966 3164 si
984 3124 1058 3165 tues
1081 3116 1188 3166 immu-

652 3188 695 3237 nis
719 3202 734 3236 a
754 3188 888 3253 praedictis
910 3189 1104 3239 tentationibus
1125 3189 1187 3239 sic:

652 3261 724 3326 quod
750 3276 890 3326 nunquam
913 3277 957 3311 eas
980 3261 1121 3322 habueris,
1144 3263 1188 3311 vel

651 3340 894 3396 quantumcunque
908 3348 952 3382 eas
973 3331 1102 3381 habueris
1114 3331 1188 3381 libe-

651 3412 725 3451 ratus
742 3401 835 3463 fueris,
863 3403 949 3469 dirige
969 3419 1015 3452 cor
1035 3413 1064 3452 et
1078 3403 1188 3453 intelle-

652 3482 725 3521 ctum
743 3473 776 3521 ad
791 3473 888 3532 Deum,
902 3472 1119 3538 recognoscendo
1133 3472 1188 3523 hu-

652 3543 754 3592 militer
784 3543 897 3608 gratiam
928 3543 978 3592 tibi
1008 3542 1124 3602 factam,
1160 3556 1187 3594 et

650 3629 733 3678 quam
747 3613 796 3662 tibi
814 3613 954 3663 multoties
969 3629 1050 3678 super
1073 3613 1124 3662 hoc
1143 3613 1186 3664 fa-

651 3685 694 3734 cit.
710 3684 748 3733 Et
761 3700 853 3734 caveas
868 3684 916 3733 tibi
931 3699 965 3732 ne
981 3684 1032 3733 hoc
1047 3684 1122 3749 quod
1137 3698 1186 3750 per

651 3771 744 3821 puram
770 3757 880 3821 gratiam
905 3765 931 3805 et
957 3757 1104 3806 bonitatem
1133 3758 1184 3808 Dei

650 3828 741 3886 habes,
762 3828 829 3876 velis
853 3827 1004 3877 adscribere
1022 3839 1075 3878 tuae
1089 3828 1185 3880 virtuti

649 3901 690 3951 vel
713 3900 859 3966 sapientiae,
876 3916 924 3951 seu
941 3900 1039 3951 merito
1062 3912 1119 3964 tuo,
1138 3914 1184 3955 aut
