2632 4320
144 250 196 317 276

141 369 213 418 hanc
227 365 346 432 regulam
362 364 469 423 dileetio
484 362 600 430 proximi
615 377 675 412 cau-

140 439 232 490 saliter
254 435 377 502 reprimit
399 446 425 486 et
448 435 557 486 cohibet
581 448 674 494 omnes

140 519 230 560 motus
252 517 277 556 et
300 516 373 557 actus
400 507 528 557 vitiorum
554 513 674 570 respectu

138 583 204 647 ejus.
219 580 293 630 Licet
309 579 392 645 igitur
405 580 509 630 diversa
529 578 584 628 sint
603 591 675 642 prae-

140 662 225 717 cepta,
247 651 348 716 quibus
368 660 415 699 aut
431 650 535 700 utiliter
549 664 609 715 quae
624 663 674 713 ap-

138 719 252 787 petenda
279 729 342 769 sunt
371 719 513 783 cupimus,
541 727 587 767 aut
614 731 674 783 quae

137 790 245 841 vitanda
260 799 323 839 sunt
346 789 450 839 utiliter
475 802 673 853 praecavemus;

140 877 226 912 unum
244 871 334 911 tarnen
355 860 460 910 suntin
477 859 566 910 radice
579 858 675 908 carita-

140 933 186 994 tis,
211 934 276 999 quia
300 933 393 982 omnia
411 932 438 981 in
461 932 607 981 dilectione
625 930 674 980 Dei

141 1013 167 1055 et
190 1003 306 1069 proximi
330 1002 418 1053 facere
434 1001 574 1053 debemus.
596 1003 676 1051 Recte

141 1078 231 1143 itaque
262 1076 327 1126 dicit
354 1077 453 1140 Legem
479 1085 505 1125 et
529 1075 676 1140 Prophetas

144 1147 239 1198 referri
265 1147 297 1196 ad
323 1147 377 1196 duo
401 1147 526 1196 mandata
549 1146 675 1206 caritatis,

142 1218 207 1284 quia
223 1233 254 1267 ex
267 1217 317 1265 hac
333 1217 492 1282 dependent,
507 1217 580 1266 etibi
596 1215 677 1266 finem

141 1289 249 1339 habent.
262 1288 285 1338 Ο
296 1287 399 1346 caritas,
413 1289 504 1352 regula
513 1287 617 1337 ordinis
628 1287 678 1337 ele·

143 1370 267 1417 ctorum,
291 1358 334 1407 lex
356 1358 516 1408 universalis
537 1357 677 1408 universos

144 1429 240 1494 ligans,
256 1427 342 1477 virtus
360 1427 501 1488 virtutum,
522 1443 608 1478 canon
632 1443 677 1478 ca-

143 1514 256 1557 nonum,
278 1497 320 1547 lex
335 1498 437 1562 legum,
453 1514 506 1548 non
523 1497 677 1548 constitutio

145 1569 249 1636 populi,
265 1568 311 1618 sed
324 1569 458 1635 Principis
470 1569 607 1635 placitum,
619 1585 679 1620 san-

144 1641 199 1690 ctio
212 1638 293 1705 Regis
309 1655 413 1705 regum,
426 1656 508 1707 quam
523 1656 577 1691 non
590 1641 678 1690 solum

147 1709 232 1760 edidit
245 1711 287 1760 vel
304 1711 425 1760 condidit
439 1712 568 1777 jubendo,
588 1711 634 1762 sed
653 1720 680 1760 et

145 1783 229 1834 edixit
252 1793 278 1832 et
303 1784 485 1849 promulgavit
506 1783 683 1850 personaliter¹

147 1856 279 1916 docendo,
305 1865 331 1905 et
353 1855 510 1920 adimplevit
530 1853 678 1906 servando!

146 1927 213 1977 Ecce
238 1926 286 1976 lex
310 1926 420 1976 Domini
442 1932 595 1976 conuertens
618 1926 680 1976 ani-

150 2010 218 2058 mae,
236 2004 319 2044 mater
343 2005 369 2044 et
382 1994 458 2061 origo
474 1997 564 2061 legum
577 1995 681 2045 divina·

148 2082 220 2126 rum,
244 2066 371 2130 magistra
395 2075 421 2115 et
444 2066 556 2116 domina
581 2067 682 2116 huma-

150 2153 246 2188 narurn
272 2138 471 2187 rationabilium
490 2147 516 2188 et
533 2153 681 2204 aequarum,

152 2208 240 2259 hostis
255 2218 281 2257 et
298 2206 408 2257 inimica
422 2208 593 2274 iniquarum
607 2209 682 2273 cujus

151 2278 321 2330 observantia
336 2295 383 2344 per
398 2279 511 2345 gratiam
524 2281 553 2330 in
566 2281 616 2331 hac
629 2282 683 2331 vita

150 2351 281 2411 initiatur,
309 2360 335 2400 et
358 2351 514 2402 continuata
538 2369 625 2419 usque
650 2353 683 2403 ad

151 2431 267 2472 mortem
284 2421 312 2470 in
328 2420 380 2471 alia
394 2432 606 2474 consummatur.

182 2491 198 2542 6
226 2492 343 2542 Duonuu
363 2507 478 2542 rsronurr
503 2509 684 2545 uanoxronurr

150 2582 177 2616 rn
203 2581 338 2615 runsonnu
364 2565 475 2615 Cnnrsri
499 2581 563 2616 rrun
598 2566 684 2618 varu

150 2653 336 2696 npnucr10.-
351 2637 384 2686 Et
404 2636 477 2703 quia,
502 2649 532 2688 ut
546 2639 583 2688 ait
598 2640 685 2706 Chry·

153 2712 296 2770 soslomuS,
313 2706 398 2756 Judaei
419 2708 581 2761 aestimantes
603 2709 685 2758 Chri-

154 2787 227 2828 stum
244 2776 384 2826 hominem
400 2793 497 2843 purum
514 2795 580 2842 esse,
597 2789 685 2830 tenta-

152 2852 218 2900 bant
239 2865 311 2910 eum,
330 2867 417 2916 neque
429 2861 584 2914 tentassent,
600 2854 623 2904 si
637 2853 685 2903 Dei

153 2922 257 2972 Filium
285 2923 471 2985 credidissent,
504 2925 564 2976 ideo
594 2927 685 2976 volens

152 2991 278 3042 Christus
300 2992 340 3042 eis
363 2995 510 3058 ostendere,
534 2997 597 3063 quia
614 2998 687 3048 Deus

152 3076 217 3121 erar,
233 3063 313 3112 talem
326 3063 561 3131 interrogationem
578 3068 616 3118 eis
628 3084 687 3133 pro·

153 3131 262 3199 posuit,
295 3142 325 3181 ut
356 3133 413 3197 ipsa
446 3135 617 3203 interrogatio
646 3139 686 3189 eis

154 3201 306 3252 ostenderet
319 3202 381 3266 quis
394 3215 471 3254 esset.
484 3207 553 3264 Quia
567 3208 641 3258 enim
653 3208 687 3258 ad

155 3273 309 3324 Passionem
319 3285 448 3325 venturus
458 3288 521 3337 erat,
528 3279 686 3344 opinionem

153 3344 247 3397 falsam
256 3346 412 3396 Judaeorum
424 3349 542 3414 corrigit,
551 3351 598 3416 qui
609 3352 688 3402 Chri-

157 3410 229 3468 stum
244 3417 331 3468 filiurn
350 3418 444 3482 David,
469 3437 523 3471 non
537 3422 685 3474 Dominum

155 3491 216 3553 eius
243 3505 301 3540 esse
325 3490 464 3554 dicebant;
495 3502 536 3553 et,
561 3504 592 3544 ut
619 3496 686 3547 dixit

154 3560 349 3626 Hieronymus,
367 3563 453 3626 palam
464 3561 502 3612 eis
513 3564 546 3613 de
558 3580 586 3616 se
599 3567 687 3632 loqui-

155 3637 208 3690 tur,
223 3639 253 3680 ut
269 3630 464 3682 inexcusabiles
477 3633 544 3684 sint.
561 3635 686 3702 Congre-

153 3701 230 3766 gatis
245 3717 312 3768 ergo
334 3704 494 3770 Pharisaeis,
516 3707 563 3772 qui
583 3708 615 3758 ad
627 3718 686 3763 ten-

154 3773 266 3823 tandum
281 3786 418 3837 venerant,
440 3778 623 3844 interrogauit
641 3795 687 3832 eos

153 3841 243 3895 lesus,
258 3845 341 3905 Quasi
356 3846 394 3898 eis
406 3848 505 3901 diceret
518 3867 525 3902 ε
539 3851 687 3919 Hucusque

322 304 325 309 ,
405 247 579 299 SECUNDAE
595 245 719 296 PARTIS
740 244 858 296 CAPUT
869 243 987 294 XXXVI.

726 359 921 425 quaestionibus
934 358 1031 409 vestris
1042 357 1174 422 satisfeci3
1190 366 1262 407 tem·
1291 382 1293 385 ·

728 447 778 496 pus
805 440 845 480 est
866 439 896 479 ut
914 429 941 478 in
961 429 1052 494 aliquo
1076 425 1261 493 respondeatis

728 502 806 552 mihi.
822 495 970 567 Interrogat
982 516 1045 566 ergo
1059 501 1093 550 de
1108 499 1165 559 illu,
1178 514 1260 565 quem

728 573 871 624 credebant
885 587 943 621 esse
956 581 1109 633 venturum,
1122 569 1187 635 quia
1200 585 1263 636 prte-

728 654 835 694 sentem
850 643 956 692 credere
971 642 1106 702 nolebant,
1128 640 1206 705 cujus
1225 639 1261 690 fi-

727 715 780 764 lius
790 713 885 763 debeat
898 728 964 772 esse,
977 713 1068 763 dicens
1081 729 1089 762 :
1102 711 1176 772 Quid
1187 711 1262 762 vobis

728 787 835 836 uidetur
848 786 882 836 de
899 785 1015 845 Christo,
1033 784 1118 833 idest
1136 784 1169 833 de
1189 785 1261 833 Mes-

728 857 777 919 sia,
801 858 829 908 in
853 858 923 923 Lege
936 857 1079 922 promisso,
1096 871 1181 922 quem
1194 871 1263 906 ven·

728 938 819 984 turum
843 928 967 978 creditis?
991 927 1075 993 Cuius
1090 926 1172 993 filius
1198 925 1263 976 est?

728 1001 877 1067 Dupliciter
890 1000 1074 1051 errantludaei
1091 999 1162 1049 circa
1176 999 1264 1049 Chri-

728 1087 823 1123 stum:
842 1073 931 1138 primo
946 1072 1054 1139 quidem
1076 1070 1146 1121 circa
1166 1086 1264 1136 perso-

729 1161 800 1206 nam,
819 1160 874 1195 non
888 1144 962 1195 enim
975 1144 1087 1194 credunt
1098 1157 1163 1192 eum
1178 1141 1264 1193 fuisse

729 1215 878 1278 Christum,
900 1215 947 1280 qui
967 1214 1040 1264 venit
1063 1212 1091 1263 in
1116 1213 1264 1272 mundum,

731 1295 824 1337 natum
841 1301 874 1336 ex
893 1285 1023 1351 Virgine;
1041 1284 1088 1334 sed
1110 1285 1202 1334 adhuc
1217 1299 1265 1334 ex-

729 1367 848 1425 spectant
858 1374 919 1407 eum
930 1372 937 1419 ς
949 1357 1023 1418 item,
1031 1366 1120 1405 errant
1128 1355 1201 1406 circa
1209 1357 1266 1421 ejus

730 1437 862 1493 naturam,
886 1428 950 1493 quia
976 1443 1031 1477 non
1052 1426 1166 1476 credunt
1185 1426 1266 1478 etiam

731 1514 814 1564 quem
837 1502 999 1564 exspectant,
1024 1512 1083 1546 esse
1103 1497 1203 1558 Deum,
1220 1497 1265 1547 sed

731 1585 830 1635 purum
852 1569 1001 1619 hominem.
1020 1568 1058 1618 De
1078 1567 1131 1618 isto
1147 1568 1266 1619 secundo

731 1657 819 1691 errore
842 1657 888 1691 eos
910 1640 1064 1704 interrogat,
1089 1641 1171 1705 cuius
1195 1639 1266 1690 filius

732 1711 776 1772 sit,
791 1721 817 1761 et
836 1712 887 1762 hoc
908 1711 969 1761 ideo
984 1709 1051 1760 forte
1070 1711 1180 1776 quaerit,
1203 1711 1265 1778 quia

732 1799 765 1835 ex
779 1800 833 1851 quo
857 1794 941 1834 totam
958 1785 1056 1850 Legem
1078 1783 1212 1834 direxerat
1232 1784 1263 1834 ad

732 1856 786 1906 duo
802 1856 926 1906 mandata
951 1853 1112 1916 dilectionis,
1137 1865 1263 1922 tanquam

732 1927 892 1978 artificiosus
904 1927 1048 1993 legislator,
1058 1926 1117 1978 vult
1126 1927 1265 1978 ostendere

734 2001 868 2061 Christus,
883 2001 939 2051 haec
953 2001 1007 2051 duo
1022 2001 1159 2062 mandata,
1177 2000 1273 2051 reduci.

734 2075 762 2124 in
781 2089 866 2124 unum
881 2073 1022 2139 diligibile,
1036 2074 1109 2139 quod
1125 2084 1168 2123 est
1184 2071 1264 2125 Chri-

734 2154 801 2195 stus.
822 2143 898 2193 Nihil
917 2146 990 2193 enim
1002 2143 1126 2210 diligitur
1136 2153 1265 2210 tanquam

734 2215 807 2264 Deus
830 2225 856 2264 et
870 2214 1018 2280 proximus,
1041 2214 1095 2265 nisi
1112 2215 1172 2280 ipse
1185 2214 1266 2266 Chri-

736 2294 803 2335 stus.
820 2285 920 2335 Dicunt
934 2285 959 2334 ei
975 2303 983 2335 .·
997 2284 1098 2348 Dauid,
1116 2286 1264 2336 secundum

735 2355 802 2406 illud
820 2355 967 2406 Psalmistae
981 2373 989 2405 ι
1004 2355 1046 2405 De
1053 2355 1154 2421 srueiu
1169 2356 1267 2407 uentris

736 2426 775 2476 tui
786 2441 886 2491 ponam
900 2441 980 2491 super
995 2427 1083 2476 sedem
1105 2433 1188 2493 tuam.
1204 2427 1267 2478 Cre-

735 2499 835 2550 debant
848 2500 925 2549 illum
939 2498 996 2550 fore
1007 2515 1106 2565 purum
1117 2500 1267 2559 hominem,

737 2571 770 2620 de
785 2585 882 2635 genere
895 2569 990 2630 David,
1005 2571 1077 2620 unde
1094 2570 1190 2627 dicunt
1207 2571 1266 2622 De-

737 2642 783 2693 vid
796 2643 895 2702 solum,
915 2642 1015 2692 scilicet
1034 2642 1208 2694 divinitatem
1221 2658 1267 2694 ne·

737 2715 831 2780 gando.
858 2715 906 2764 Ait
920 2713 984 2777 iilis,
1001 2715 1138 2780 arguendo
1155 2714 1185 2766 in
1201 2730 1267 2766 con·

736 2785 849 2835 trarium
861 2801 868 2834 :
878 2784 1014 2845 Quomodo
1024 2799 1100 2850 ergo,
1110 2786 1134 2836 si
1144 2786 1267 2838 Christus

737 2865 778 2906 est
799 2871 883 2921 purus
908 2855 1000 2916 homo,
1024 2865 1055 2906 ut
1076 2873 1127 2907 vos
1150 2857 1269 2916 creditis,

737 2926 837 2988 Dauid,
850 2925 892 2975 cui
907 2926 1009 2975 occulta
1020 2925 1162 2991 sapientiae
1172 2927 1269 2979 divine

738 2999 906 3050 manifestata
916 3009 987 3060 sunt,
1001 3000 1027 3048 in
1041 2999 1158 3066 Spiritu,
1170 3001 1269 3053 scilicet

738 3073 835 3122 Sancto
848 3080 874 3121 et
893 3071 1058 3137 prophetico,
1070 3087 1127 3122 non
1143 3073 1179 3124 de
1192 3073 1269 3124 corde

739 3157 788 3193 suo
811 3141 929 3207 propri0,
955 3148 1033 3192 vocat
1047 3155 1106 3192 eum
1126 3144 1268 3195 Domiumu

739 3211 844 3263 suum?
865 3212 944 3272 Quod
967 3228 1022 3262 non
1039 3212 1140 3274 liceret,
1159 3215 1184 3265 si
1203 3224 1269 3266 esset

738 3282 810 3333 filius
825 3283 892 3347 ejus,
906 3282 997 3333 dicens
1015 3300 1023 3332 ε
1041 3281 1126 3334 Dixit
1137 3284 1269 3336 Dominus

738 3355 853 3406 Domino
878 3368 943 3417 meo,
971 3354 998 3403 id
1026 3364 1067 3405 est
1089 3356 1171 3407 Pater
1192 3355 1271 3409 Filio.

739 3424 792 3491 lpsi
824 3436 913 3476 autern
936 3425 976 3476 sic
995 3436 1135 3491 exponunt
1158 3444 1168 3479 r
1188 3427 1271 3480 Dixit

737 3495 868 3548 Dominus
882 3506 983 3546 creator
996 3496 1055 3547 coeli
1068 3506 1096 3549 et
1109 3507 1198 3561 ternae,
1212 3498 1272 3551 Do·

738 3570 809 3620 mino
818 3585 883 3634 meo,
899 3569 925 3620 id
939 3578 979 3620 est
990 3569 1105 3622 Messiae.

770 3658 786 3708 7
801 3643 998 3693 Cunrsruu'suu
1012 3643 1134 3694 Massiuae
1145 3661 1202 3697 non
1212 3660 1270 3698 esse

738 3727 830 3762 nunuu
844 3728 962 3763 noumuu
981 3729 1130 3765 nnonnrun.
1146 3742 1182 3754 -
1195 3714 1270 3777 Quod

738 3799 801 3850 ergo
813 3784 863 3835 iste
879 3784 991 3835 Messias
1005 3801 1061 3835 non
1077 3785 1114 3836 sit
1126 3802 1215 3854 purus
1227 3787 1272 3838 ho

739 3870 794 3917 mo,
807 3855 935 3922 probatur
949 3854 1093 3922 tripliciter
1103 3871 1137 3908 ex
1149 3856 1204 3911 hoc
1216 3872 1273 3910 ver·
