2632 4320
295 251 343 301 DE
359 248 541 302 ominosa
554 248 682 300 DOMINI
697 248 916 300 SUSCEPTION
920 248 950 298 Ε.

56 367 202 420 tamenin
227 365 357 416 omnibus
379 380 453 415 naus
473 364 595 415 exsulu-

20 468 45 529 ι
54 437 138 490 tionis
155 435 274 502 Spiritus
292 435 352 486 fuit.
374 436 407 486 Et
422 435 463 485 illi
480 434 592 501 quidem

54 511 256 578 prophetantes,
283 510 316 558 de
343 507 453 559 Christo
480 516 595 558 venturo

54 579 435 634 communitatemque
458 580 504 644 qai
522 578 597 629 vettii

56 659 84 708 itt
97 655 208 707 mine
221 653 354 704 Domini!
367 653 413 702 lsti
426 663 517 703 autem
530 653 594 702 lau-

56 731 152 780 dantes
167 728 289 783 clamant,
301 727 334 777 de
348 727 464 776 adventu
478 726 591 787 Christi,

56 803 110 867 jam
125 800 283 866 {adimpleto
297 815 304 847 z
317 799 468 860 Hosonna,
492 807 541 849 etc.
557 815 592 848 :s

56 873 115 924 haec
126 871 349 938 chrysostomus.
362 870 441 920 Facta
457 869 538 920 etiam
553 869 594 920 Je-

57 960 89 996 su
100 943 216 1003 Christi,
234 941 298 1007 quia
318 941 397 1007 quasi
416 940 506 991 media
520 941 592 991 inter

56 1018 125 1069 facta
149 1015 256 1067 Veteris
282 1014 448 1064 Testamenti
468 1022 497 1064 et
521 1014 590 1064 Novi

57 1098 132 1152 sunt,
144 1087 209 1139 ideo
220 1097 276 1137 tam
288 1087 367 1136 turba
382 1101 443 1153 quae
457 1088 591 1153 precede-

57 1161 111 1218 bat,
122 1173 209 1225 quam
222 1173 253 1208 ea
269 1172 330 1224 quae
343 1158 516 1222 sequebatur,
528 1172 591 1208 eum

56 1230 192 1290 lmthbat,
211 1228 240 1279 in
257 1239 389 1295 quantum
405 1228 474 1278 facta
487 1228 590 1278 Christi

57 1310 121 1352 suat
134 1301 229 1367 regula
239 1309 266 1349 et
279 1299 401 1365 exempla
414 1314 591 1366 eorumquae

58 1371 85 1421 in
103 1371 185 1422 Novo
196 1370 372 1420 Testamento
393 1367 471 1429 fiunt,
487 1378 513 1419 et
528 1384 591 1435 quae

58 1440 208 1508 apartibus
221 1441 325 1491 Veteris
342 1440 509 1490 Testamenti
524 1454 592 1505 prae-

58 1513 171 1580 figurata
195 1520 269 1562 sunt.
303 1511 381 1562 Unde
408 1510 592 1561 Bernartius:

59 1583 269 1636 tl’rzecedebant
286 1582 383 1649 aliqui,
399 1593 426 1633 et
445 1581 518 1632 viam
531 1583 590 1632 Do-

59 1657 133 1708 mino
144 1656 290 1722 parabant3
309 1654 361 1719 ipsi
376 1662 440 1703 sunt
452 1653 500 1718 qui
518 1652 590 1703 viam

58 1736 152 1791 parant
163 1724 284 1776 Domino
297 1724 330 1774 ad
340 1723 421 1773 corda
431 1733 528 1783 vestra,
542 1724 590 1789 qui

58 1810 104 1847 vos
111 1803 222 1862 regunt,
231 1802 259 1844 et
270 1793 392 1859 dirigunt
404 1804 508 1844 vestros
521 1808 592 1858 gres·

56 1882 101 1917 sas
114 1864 228 1915 inviam
240 1863 589 1929 pacisAliisequebantu13

57 1936 125 1988 ethi
140 1945 207 1987 emit
228 1935 277 2001 qui
306 1934 419 2000 propriae
439 1935 591 1986 inscientiae

56 2006 168 2068 conscii,
190 2006 287 2056 devote
309 2015 475 2071 sequuntur,
493 2015 521 2055 et
547 2004 591 2055 ad·

56 2079 160 2131 lucem
192 2091 299 2144 semper
330 2078 451 2144 vestigiis
488 2093 590 2144 praece·

57 2150 190 2202 dentium.
223 2149 306 2200 Erant
333 2165 442 2215 quoque
464 2149 590 2215 discipuli

57 2230 189 2287 tanquam
209 2219 350 2269 domestici
366 2220 441 2269 lateri
463 2220 522 2281 ejus
539 2221 590 2270 ad-

57 2292 203 2354 haerentem
217 2291 270 2356 ipsi
285 2300 348 2340 sunt
360 2290 409 2356 qui
424 2290 453 2340 in
466 2291 589 2342 claustris

56 2361 106 2413 soli
122 2362 182 2412 Deo
194 2360 300 2421 vivunt,
322 2375 429 2426 semper
450 2361 590 2412 adhaeren-

56 2442 95 2483 tes
120 2431 159 2496 ei,
178 2439 211 2482 et·
233 2431 291 2497 cius
309 2431 506 2496 beneplacitum
521 2447 591 2482 con-

55 2503 205 2554 siderantes
221 2517 230 2552 t
245 2520 258 2550 a
272 2501 330 2552 luet
354 2502 522 2553 Bernartius.
540 2502 592 2552 Per

57 2573 124 2624 istos
144 2572 227 2624 etiam
245 2572 292 2638 qui
315 2572 475 2633 clamabant,
495 2572 591 2622 dicen·

55 2656 118 2698 tes:
134 2645 271 2698 Hosanna
281 2645 344 2713 fllio
359 2645 459 2709 David,
475 2655 535 2707 etc„
550 2645 591 2696 si-

56 2717 218 2783 gnificantur
243 2716 452 2782 contemplativi,
467 2717 515 2783 qui
530 2733 591 2768 naa-

54 2788 96 2854 gie
114 2787 257 2841 devotioni
282 2803 330 2853 per
354 2787 504 2855 orationem
528 2799 592 2840 sunt

55 2858 161 2910 intenti.
177 2858 211 2909 ln
222 2858 372 2924 praemissis
389 2873 453 2924 ergo
475 2859 591 2910 instrui-

56 2944 134 2991 mur,
155 2938 187 2980 ut
210 2929 340 2996 operibus
357 2939 384 2979 et
400 2929 507 2992 officiis,
531 2946 592 2997 quae

56 2999 141 3051 nobis
160 3000 251 3066 magis
283 3009 449 3060 competunt,
480 3000 591 3052 insista-

56 3084 129 3121 mus.
158 3069 223 3121 Non
247 3070 321 3121 enim
347 3070 476 3120 omnibus
500 3071 592 3122 omnia

56 3147 221 3206 competunt,
235 3150 262 3191 et
285 3139 345 3190 ideo
362 3140 390 3190 in
406 3140 460 3191 ista
481 3156 591 3206 proces·

56 3212 134 3264 sione
154 3212 269 3277 Christi,
281 3229 337 3263 non
352 3229 424 3264 unus
442 3215 538 3267 omnia
548 3214 592 3266 fa-

56 3284 227 3335 ciebatzsed'
239 3285 285 3335 alii
302 3284 406 3336 asinam
429 3295 457 3336 et
485 3284 591 3352 pullum

55 3354 235 3417 adducebant,
250 3357 296 3406 alii
309 3356 468 3408 vestimenta
485 3374 534 3408 sua
552 3357 592 3409 eis

55 3424 244 3492 imponebantt
260 3427 306 3477 alii
320 3427 480 3478 vestimenta
502 3427 532 3478 in
549 3429 593 3480 via

55 3498 228 3560 sternebant,
256 3498 302 3549 alii
326 3513 416 3549 ramos
444 3499 591 3561 caedebant,

54 3567 101 3619 aiii
111 3568 273 3635 jubilabant,
292 3578 319 3620 et
330 3569 391 3626 ideo
405 3571 593 3638 unusquisque

53 3638 123 3691 illud
139 3639 263 3693 officium
286 3640 367 3690 debet
391 3656 537 3704 assumere,
559 3643 593 3693 ad

54 3710 131 3775 *1⁰⁰⁶
143 3710 218 3763 videt
234 3711 322 3778 magis
332 3710 461 3762 idoneum
474 3729 504 3764 se
525 3728 592 3765 esse.

53 3780 142 3847 Surge
165 3779 259 3848 igitur,
285 3781 430 3832 salvatoris
449 3781 515 3846 iilia,
533 3793 593 3852 tari-

55 3866 141 3917 quam
172 3866 227 3904 una
248 3854 283 3903 de
307 3851 415 3904 filiabus
435 3852 592 3917 Jerusalem,

1129 263 1178 298 211

647 363 756 413 intuens
770 378 862 429 regem
883 364 1056 415 Salomonem
1072 363 1101 414 in
1127 363 1182 414 ho-

647 449 722 495 nore,
742 450 825 500 quem
851 435 905 485 sibi
935 445 1021 486 mater
1045 450 1183 502 synagoga

647 506 676 555 in
698 505 823 556 Ecclesiae
843 507 979 556 nascentis
997 506 1182 557 ministerium

645 586 795 627 vererenter
815 576 949 640 exhibuit,
970 587 1001 627 ut
1017 576 1182 628 insidentem

645 648 720 699 aselli
746 658 820 714 tergo
855 647 1051 698 universorum
1084 648 1181 698 Domi-

646 736 723 781 num,
746 721 822 771 velut
844 736 905 771 cum
926 722 1010 772 ramis
1035 722 1180 783 olivarum,

645 801 725 858 atque
748 791 899 857 palmarum
917 791 1025 856 pietatis
1041 792 1179 858 operibus,

644 862 831 928 virtutumque
846 863 995 927 triumphis
1013 863 1113 928 jugiter
1127 880 1178 914 co-

645 934 759 985 miteris.
777 935 854 985 Unde
874 934 1018 985 anselmus
1042 952 1051 985 .·
1074 954 1087 982 u
1109 936 1179 986 Insi-

644 1008 753 1058 dentem
766 1007 851 1057 asello
874 1007 934 1058 coeii
950 1017 976 1058 et
994 1018 1070 1058 terrae
1083 1008 1179 1058 Domi-

644 1093 711 1127 num
733 1077 886 1140 comiteris3
900 1087 1026 1146 tantaque
1044 1077 1102 1128 fieri
1127 1094 1177 1144 pro

644 1159 670 1201 te
689 1150 894 1216 obstupescens,
916 1166 1062 1217 puerorum
1088 1150 1178 1201 laudi-

645 1224 697 1274 bus
715 1233 776 1275 tuas
804 1224 917 1284 inseras,
947 1225 1108 1275 clamanset
1131 1224 1177 1274 di-

644 1310 707 1346 cens
721 1312 729 1345 ι
743 1295 878 1345 Hosanna
891 1295 956 1363 filio
967 1295 1076 1346 David!
1088 1296 1177 1346 Bene-

644 1365 731 1417 dictus
740 1366 786 1432 qui
795 1367 866 1416 venit
879 1367 907 1416 in
919 1367 1023 1417 numne
1032 1367 1151 1418 Donum.
1162 1386 1176 1414 a

674 1453 691 1502 7
714 1438 818 1487 Frouna
843 1452 972 1487 raruunru
1003 1438 1130 1488 Domnict
1150 1453 1176 1488 ur

643 1524 711 1559 anun
723 1509 819 1559 Davu).
832 1536 865 1546 ·-
877 1508 959 1568 Quod
972 1510 1090 1574 populus
1102 1508 1180 1560 Chri·

643 1591 685 1632 sto
712 1596 774 1631 cum
804 1580 930 1630 laudibus
962 1580 1094 1640 obviavit,
1126 1581 1178 1632 hoc

642 1651 709 1701 olim
735 1665 781 1716 per
804 1665 894 1715 regem
920 1650 1005 1700 David
1021 1650 1176 1716 praefigura·

643 1730 701 1770 tum
715 1718 776 1779 fuit,
790 1719 833 1769 cui
848 1720 974 1784 populus,
993 1731 1054 1785 post
1076 1722 1177 1772 coedem

643 1792 729 1843 Goliae
743 1791 866 1853 obvians,
880 1792 973 1842 laudes
983 1793 1118 1843 exhibuit.
1127 1794 1176 1845 Da-

642 1864 688 1913 vid
701 1863 842 1914 Christum
855 1862 1045 1928 praefiguravit,
1055 1864 1102 1930 qui
1118 1865 1176 1914 Go-

643 1936 716 1996 liam,
733 1935 760 1984 id
780 1944 820 1985 est
838 1934 977 1985 diabolum
992 1936 1175 1987 adversarium

644 2016 768 2056 nostrum
789 2006 934 2071 superavit.
945 2007 1093 2057 Jerusalem
1107 2008 1176 2058 visio

638 2079 719 2146 pacis
733 2078 933 2144 interpretatur,
945 2095 992 2145 per
1006 2094 1088 2146 quam
1108 2079 1175 2131 fide·

643 2153 677 2202 lis
690 2152 781 2202 anima
794 2151 964 2217 designatur3
982 2153 1017 2202 ad
1031 2153 1102 2203 hanc
1115 2153 1176 2203 Sal·

642 2235 718 2276 vator
728 2235 821 2276 noster
833 2226 908 2276 omni
932 2226 999 2277 hora
1016 2237 1124 2292 paratus
1136 2236 1176 2278 est

643 2296 744 2357 venire,
764 2299 790 2346 et
811 2310 862 2346 nos
875 2296 900 2346 ei
920 2297 949 2346 in
972 2312 1114 2347 occursum
1129 2313 1178 2362 per

643 2366 836 2417 contritionem
880 2367 1010 2416 debemus
1045 2367 1093 2418 ire.
1125 2367 1176 2418 Cui

643 2437 724 2489 etiam
750 2438 843 2487 laudes
868 2437 1049 2498 decantamus,
1069 2438 1177 2504 quando

644 2518 749 2575 peccata
769 2517 861 2557 nostra
875 2507 906 2557 in
921 2508 1088 2558 confessione
1108 2509 1178 2559 reci-

643 2592 748 2642 tamus;
763 2587 790 2627 et
804 2592 894 2627 ramos
910 2580 1061 2642 palmarum
1074 2579 1103 2629 in
1117 2594 1178 2630 ma-

643 2650 724 2699 nibus
754 2657 903 2714 portamus,
930 2649 1038 2714 quando
1059 2665 1176 2716 corpora

644 2729 736 2770 nostra
748 2717 776 2768 in
790 2716 974 2770 satisfactione
996 2719 1177 2785 castigamua3

643 2791 755 2855 insuper
768 2799 795 2839 et
808 2788 969 2840 vestimenta
988 2800 1081 2841 nostra
1091 2799 1122 2840 'tn
1135 2789 1178 2841 via

643 2863 800 2922 sternimus,
813 2863 923 2927 quando
937 2862 1095 2928 temporalia
1108 2877 1177 2928 pau-

644 2933 755 2999 peribus
768 2946 928 2997 erogamus3
943 2942 971 2983 et
986 2948 1049 2983 cum
1064 2932 1177 2984 floribus

643 3005 733 3069 ipsum
755 3002 934 3067 honoramus,
948 3004 1056 3068 quando
1070 3003 1178 3054 miseri-

643 3073 742 3124 cordia
756 3072 894 3138 operibus,
917 3084 944 3124 et
961 3074 1074 3125 diversis
1089 3075 1178 3125 virtu·

642 3146 717 3196 tibus
738 3160 789 3194 nos
812 3159 957 3210 ornamus;
975 3147 1119 3198 Christum
1130 3147 1176 3197 Je-

644 3231 716 3276 sum,
736 3214 782 3280 qui
805 3215 877 3266 venit
900 3216 928 3266 in
950 3218 1054 3268 nomine
1067 3215 1177 3268 Domini

644 3285 838 3346 benedicimus,
862 3287 972 3352 quando
993 3303 1042 3353 pro
1072 3282 1176 3336 benefi—

643 3359 694 3409 ciis
716 3356 796 3407 nobis
815 3358 920 3409 collatis
936 3360 1034 3424 gratias
1055 3357 1177 3423 agimus;

645 3432 746 3495 Regem
774 3443 838 3478 eum
869 3438 896 3479 et
916 3429 1066 3479 Dominum
1087 3436 1178 3492 prote-

645 3509 758 3561 stamur,
773 3498 797 3549 si
809 3498 903 3549 omnia
917 3514 996 3563 opera
1011 3507 1102 3548 nostra
1116 3511 1179 3546 cum

645 3570 744 3622 timore
773 3570 823 3622 Dei
849 3580 876 3622 et
906 3568 1054 3620 reverentia
1082 3582 1179 3634 opera-

646 3659 719 3695 mur.

676 3713 694 3765 8
715 3714 898 3765 Munuunarto
919 3711 1120 3761 Paanrsnoimu
1145 3725 1179 3760 ar

647 3787 759 3837 Cnnrsrr
773 3798 925 3836 nnsrousio.
938 3809 971 3820 -
980 3781 1119 3833 Pharisaei
1132 3794 1180 3832 er-

647 3871 693 3922 go,
712 3854 816 3908 invidia
839 3852 974 3916 concitati,
993 3852 1124 3904 mxumo
1143 3852 1180 3917 ati
