2632 4320
148 276 200 342 354

144 391 274 441 visisunt
292 391 394 456 aliquid
409 391 557 441 secundum
575 403 677 452 prace-

145 472 189 526 pta
203 461 259 525 eius
274 462 387 527 operari.

177 531 358 583 8Concuus10
372 549 405 583 ar
419 548 515 583 seorus
533 546 615 582 nurus
629 545 678 579 ra-

147 618 265 652 mora..
281 631 311 640 -
326 604 354 653 ln
366 603 418 654 fine
429 613 518 654 autem
533 603 616 668 huius
629 617 679 667 pa-

146 673 244 722 rabnlae
251 673 381 724 intentam
390 673 589 725 conclusionem
599 670 680 721 infert

147 743 180 791 ad
195 753 313 793 nostram
330 744 546 804 instructionem,
563 742 654 792 dicens
671 758 678 790 :

155 814 277 880 Vigilate
295 818 392 884 itaque,
417 819 449 867 ad
471 816 627 867 habendum
645 813 680 863 fi-

145 890 211 953 ¹dem
233 889 340 940 caritate
359 890 511 949 formatam,
535 898 561 937 et
580 903 629 937 vos
648 886 681 937 ad

151 968 266 1011 mortem
295 969 322 1009 et
345 960 476 1024 judicium
499 958 612 1008 sollicite
633 973 681 1023 pa-

151 1031 252 1089 rando,
280 1040 425 1096 antequam
448 1029 537 1079 veniat
560 1031 682 1094 Sponsus

151 1118 199 1152 vos
224 1101 257 1151 ad
277 1101 330 1151 hoc
350 1100 440 1150 subito
463 1100 595 1163 vocando;
619 1099 682 1165 quia

152 1173 260 1224 nescitis
289 1173 358 1222 diem
379 1186 461 1238 neque
483 1172 585 1234 horam,
606 1186 682 1221 mor-

150 1243 185 1293 tis
200 1243 242 1293 vel
257 1242 358 1306 judicii,
381 1242 427 1292 sed
448 1243 481 1292 de
500 1251 616 1308 utroque
636 1242 682 1291 in-

150 1316 213 1367 certi
232 1315 305 1365 estis.
322 1316 387 1365 Ecce
409 1331 464 1381 quo
480 1312 682 1380 parabola'ten-

149 1385 198 1450 dit,
210 1395 240 1435 ut
251 1385 315 1450 quia
328 1386 485 1452 ignoramus
496 1385 568 1435 diem
578 1385 681 1449 judicii,

149 1468 175 1507 et
187 1457 267 1507 etiam
283 1457 379 1507 mortis
398 1467 497 1507 nostrae
510 1456 608 1516 dubiae,
623 1457 682 1506 sol-

149 1528 222 1578 licite
241 1527 428 1578 testimonium
447 1529 525 1578 bonae
542 1526 682 1578 conscien-

151 1598 193 1648 tiae
206 1597 285 1648 nobis
301 1613 494 1664 praeparemus3
512 1614 546 1648 ne
560 1599 583 1649 si
597 1599 683 1649 ludex

150 1686 200 1720 nos
216 1670 334 1720 inveniat
358 1671 503 1737 imparatos
517 1689 578 1722 cum
602 1671 682 1722 fatuis

148 1741 301 1808 virginibus
323 1741 390 1792 foris
406 1759 601 1795 remaneamus.
619 1745 683 1794 Sin-

150 1813 276 1880 gulorum
305 1812 379 1862 enim
402 1813 578 1865 discutientur
598 1823 682 1875 actus,

150 1893 289 1933 accusante
314 1883 356 1933 vel
380 1893 522 1934 excusante
543 1884 683 1935 conscien-

150 1955 187 2006 tia
210 1972 444 2023 unumquemque.
471 1958 548 2009 Unde
573 1959 683 2009 Hiero-

151 2043 249 2094 nymus
271 2046 279 2078 .·
307 2047 320 2074 a
352 2029 391 2078 Ex
418 2029 470 2078 hoc
495 2040 585 2081 autem
610 2029 683 2096 quod

149 2097 250 2148 infert:
276 2098 395 2163 Vigilate
410 2100 506 2165 itaque,
523 2101 585 2166 quia
603 2100 685 2152 nesci·

151 2167 187 2217 tir
201 2169 270 2218 diem
285 2183 367 2235 neque
380 2170 483 2233 horam,
496 2170 684 2236 intelliguntur

152 2240 350 2305 universaquae
366 2242 436 2292 dicta
450 2252 514 2292 sunt
535 2259 592 2293 esse
612 2258 684 2310 prae-

151 2309 242 2370 missa,
268 2320 299 2360 ut
321 2311 386 2377 quia
413 2311 570 2378 ignoramus
593 2314 684 2379 judicii

150 2379 233 2441 diem,
255 2381 363 2432 solliciti
386 2383 465 2433 nobis
485 2383 576 2434 lumen
595 2386 684 2435 bono-

151 2468 212 2502 rum
237 2468 350 2519 operum
373 2469 570 2522 praeparemus3
595 2456 685 2522 vigilia

151 2522 225 2572 enim
248 2540 317 2590 opus
337 2538 378 2577 est
400 2527 508 2587 mentis,
531 2536 593 2577 ante
609 2543 685 2577 mor-

151 2607 206 2647 tem
223 2599 352 2665 corporis.
367 2619 381 2648 n
399 2601 435 2652 Ut
452 2611 542 2652 autem
556 2601 622 2652 dicit
632 2604 685 2652 Au·

150 2669 286 2733 gustinuS,
309 2687 364 2720 non
387 2672 476 2736 solum
499 2672 573 2722 illius
595 2671 684 2722 ultimi

152 2742 291 2805 temporis,
311 2757 365 2806 quo
388 2752 518 2792 venturus
541 2752 581 2793 est
599 2745 686 2807 Spon-

153 2825 207 2870 sus,
225 2812 270 2860 sed
290 2821 315 2860 et
335 2827 390 2862 sure
405 2812 521 2878 quisque
542 2813 685 2863 dormitio-

154 2880 206 2943 nis,
228 2880 300 2930 diem
319 2891 345 2930 et
368 2882 462 2932 horam
486 2883 579 2933 nescit.
602 2883 686 2942 Quis-

153 2951 215 3018 quis
239 2962 329 3003 autem
353 2966 460 3019 paratus
485 2965 525 3007 est
547 2972 634 3023 usque
653 2957 685 3006 ad

154 3031 278 3081 mortem,
294 3038 354 3088 quae
367 3026 494 3076 omnibus
508 3026 628 3088 debetur,
645 3043 687 3094 pa·

154 3101 227 3142 ratus
240 3092 393 3145 invenietur
406 3096 486 3146 etiam
501 3113 562 3147 cum
580 3098 626 3150 illa
635 3114 687 3150 vox

155 3162 242 3214 media
264 3174 342 3214 nocte
364 3167 496 3227 sonuerit,
515 3184 569 3234 qua
591 3184 686 3220 omnes

129 3251 131 3255 ¹
153 3233 303 3299 evigilaturi
321 3251 424 3285 sumus.
444 3254 457 3282 u
472 3238 572 3303 ltaque,
591 3249 622 3289 ut
642 3240 686 3290 di-

152 3303 189 3353 cit
215 3304 440 3372 Chrysostomus,
470 3322 623 3359 revocemus
653 3309 686 3360 ad

154 3376 312 3426 memoriam
325 3379 487 3442 exemplum,
502 3381 575 3444 quod
590 3380 623 3430 de
636 3381 687 3431 vir-

152 3444 263 3510 ginibus
279 3446 405 3511 refertur,¹
419 3463 478 3515 quae
492 3450 606 3500 exclusae
623 3459 687 3501 sunt

152 3531 166 3592 a
180 3516 298 3568 thalamo
316 3519 425 3584 Sponsi,
443 3529 552 3585 propter
566 3520 624 3570 olei
637 3522 686 3571 de-

152 3589 259 3639 lectum.
284 3589 422 3640 Ponamus
450 3589 630 3656 nosmetipsos
657 3591 685 3642 in

151 3657 205 3708 illis
220 3675 280 3726 quae
295 3663 483 3724 excluduntur,
496 3672 522 3713 et
540 3662 604 3713 inde
624 3663 685 3729 quis

151 3727 236 3791 dolor,
250 3748 315 3798 ‘quae
337 3749 416 3799 poena
435 3735 479 3794 sit,
494 3734 517 3784 si
536 3734 686 3800 cogitemus

152 3811 230 3861 posse
253 3803 333 3854 etiam
356 3820 406 3855 nos
427 3805 518 3855 eadem
540 3804 603 3869 pati,
622 3820 684 3857 cum

153 3869 333 3937 negligimus?
349 3873 440 3928 ’Estne
462 3875 560 3942 aliquis
581 3875 617 3927 ita
643 3877 684 3929 la·

429 273 601 325 SECUNDAE
617 271 742 322 PARTIS
758 271 876 323 CAPUT
896 272 1012 324 XLVIII.

731 387 826 454 pideus
845 387 893 454 qui
911 388 963 438 hoc
986 388 1110 454 exemplo
1127 403 1185 438 non
1206 404 1265 440 mo·

731 471 833 521 veatur,
848 471 874 510 et
894 460 988 511 timeat
1007 476 1039 511 ne
1058 461 1160 511 similia
1175 460 1265 512 incur-

732 530 789 581 rat?
816 550 829 577 n
850 530 908 580 haec
937 531 1160 598 Chrysostomun
1184 531 1265 598 Igitur

732 601 890 667 vigilemus,
918 612 943 651 et
968 617 1049 666 opera
1069 601 1138 652 lucis
1159 612 1266 668 agentes

733 675 762 725 in
779 675 872 741 vigilia
884 676 967 741 hujus
981 675 1041 727 vitae
1057 690 1189 726 ornemus
1205 676 1268 726 lam-

734 747 815 813 pades
831 758 936 798 nostras
952 757 978 798 et
1000 763 1096 813 opera;
1116 758 1147 798 ut
1161 747 1267 799 haben-

734 828 774 868 tes
794 819 894 879 eleum,
908 833 938 868 ac
955 818 1078 884 gloriam,
1094 827 1121 868 et
1137 818 1267 884 gaudium

734 890 762 940 in
789 890 960 941 conscientiis
983 890 1102 954 nostrie,
1127 891 1267 958 praeparati

734 961 865 1011 intremus
889 977 952 1011 cum
976 962 1080 1026 Sponso
1102 961 1135 1010 ad
1161 962 1268 1028 nuptias

736 1033 811 1098 regni
823 1033 948 1084 coelestis.
962 1033 1040 1083 Unde
1049 1032 1115 1083 dicit
1126 1033 1173 1084 hic
1183 1033 1268 1102 Chry-

735 1108 876 1166 sostomm,
901 1103 974 1169 quod
998 1103 1083 1153 ludaei
1109 1103 1209 1154 exituri
1236 1103 1268 1153 de

735 1175 851 1240 AEgypto
862 1174 977 1239 expediti
989 1185 1015 1224 et
1024 1175 1162 1240 praecincti
1170 1190 1268 1241 agnum

735 1245 800 1310 jussi
819 1255 884 1296 sunt
900 1246 1069 1305 manducare,
1087 1255 1113 1296 et
1134 1245 1169 1295 ad
1191 1261 1268 1296 eum-

735 1315 797 1365 dem
811 1316 905 1381 parati,
920 1316 1091 1366 ostendentes
1106 1315 1188 1365 nobis
1206 1330 1270 1379 quo

736 1386 810 1436 niam
830 1386 987 1453 quicunque
1009 1386 1095 1436 nostri
1119 1386 1192 1453 Agni
1214 1386 1269 1436 Eu·

736 1456 890 1506 charistiam
916 1457 1088 1516 manducant,
1113 1456 1152 1506 ita
1173 1456 1270 1506 debent

736 1542 794 1577 esse
807 1527 935 1592 expediti,
949 1526 1026 1592 quasi
1041 1527 1164 1594 quotidie
1180 1526 1269 1577 exitu-

736 1600 759 1649 ri
779 1600 812 1651 de
833 1601 946 1651 mundo.
965 1600 1007 1650 Ad
1027 1600 1079 1650 hoc
1100 1616 1164 1666 ergo
1185 1599 1270 1650 tendit

736 1668 787 1718 ista
812 1669 938 1733 parabola
958 1678 989 1719 ut
1015 1669 1048 1729 ad
1068 1668 1160 1719 futura
1179 1669 1270 1718 oculos

736 1739 825 1789 cordis
844 1738 1007 1803 aperiamus,
1025 1739 1096 1789 mala
1115 1739 1269 1800 evadamus,

736 1810 885 1861 deserendo
899 1811 1014 1875 culpam,
1029 1811 1100 1860 bona
1115 1825 1270 1876 promerea-

737 1896 807 1941 mur,
833 1880 958 1930 sectando
982 1880 1129 1946 justitiam3
1154 1895 1182 1931 et
1210 1895 1270 1930 cum

736 1955 812 2005 omni
830 1955 968 2021 diligentia
991 1955 1115 2023 quotidie
1132 1966 1270 2021 exspecte-

737 2045 799 2079 mus
815 2028 927 2079 Domini
947 2029 1104 2088 adrentum,
1127 2029 1207 2094 cujus
1224 2043 1270 2078 ue-

737 2098 839 2148 scimus
864 2098 935 2148 diem
968 2114 1055 2165 neque
1081 2099 1189 2149 horam.
1221 2095 1269 2148 Ubi

738 2168 893 2235 Gregorius
915 2186 923 2218 .·
947 2187 961 2216 a
986 2170 1056 2229 Quia
1081 2179 1144 2235 post
1169 2177 1270 2236 peccata

737 2242 809 2291 Deus
823 2239 1009 2306 poenitentiam
1029 2241 1156 2307 suscipit,
1177 2240 1202 2290 si
1222 2239 1270 2290 sci-

737 2320 777 2362 ret
793 2312 909 2377 quisque
923 2311 955 2360 de
969 2311 1093 2377 praesenti
1111 2312 1205 2361 seculo
1219 2323 1270 2375 quo

738 2393 858 2450 tempore
880 2383 963 2444 exiet,
987 2383 1061 2433 aliud
1086 2393 1199 2448 tempus
1224 2397 1269 2432 vo-

737 2453 885 2519 luptatibus
906 2461 986 2519 atque
1007 2453 1080 2502 aliud
1106 2451 1270 2519 poenitentia

738 2534 827 2590 aptare
844 2525 976 2591 potuisset
982 2541 989 2587 ;
1006 2526 1051 2574 sed
1068 2525 1117 2590 qui
1132 2521 1270 2591 poenitenti

737 2595 844 2646 veniam
857 2596 980 2663 spondet,
996 2595 1117 2662 peccanti
1128 2595 1203 2646 diem
1216 2609 1270 2645 cra-

739 2668 841 2719 stinum
857 2685 912 2718 non
932 2669 1065 2735 promisit.
1081 2670 1197 2734 Semper
1213 2681 1270 2732 ergo

738 2749 888 2790 extremum
908 2739 979 2790 diem
998 2739 1130 2789 debemus
1145 2748 1269 2799 metuere,

739 2826 820 2876 quem
844 2827 984 2878 nunquam
1002 2826 1151 2876 possumus
1179 2807 1269 2878 praeri·

738 2881 811 2931 dere.
837 2881 884 2931 Illa
909 2881 975 2931 hora
1005 2890 1045 2930 est
1070 2881 1159 2931 nostri
1189 2880 1269 2931 exitus

739 2966 845 3017 semper
855 2951 996 3014 intuenda3
1016 2951 1068 3001 ista
1085 2949 1267 3018 Redemptoris

739 3023 889 3075 admonitio
912 3035 973 3075 ante
994 3024 1095 3076 mentis
1119 3026 1216 3076 oculos
1235 3031 1268 3074 est

740 3110 846 3162 semper
860 3097 992 3162 ponenda,
1012 3110 1066 3161 qua
1079 3095 1135 3146 ait:
1156 3095 1268 3162 Vigilate

740 3181 816 3232 ergo,
842 3166 905 3231 quia
919 3167 1028 3217 nescitis
1049 3166 1120 3216 diem
1132 3181 1216 3232 neque
1226 3165 1267 3216 lc-

740 3251 799 3287 ram
814 3255 823 3288 .·
839 3257 853 3285 u
874 3237 931 3287 haec
958 3236 1120 3303 Gregorius.
1146 3238 1188 3288 Illi
1211 3248 1266 3301 ergo

740 3309 788 3375 qui
803 3318 956 3374 exspectant
981 3319 1011 3358 ut
1038 3307 1066 3357 in
1091 3309 1189 3360 ultima
1208 3309 1266 3358 hort
1310 3338 1312 3357 t

740 3388 929 3430 convertantur
942 3379 998 3429 falli
1018 3388 1150 3444 possunt3
1169 3379 1267 3446 quire·
1310 3434 1312 3439 ,

740 3465 770 3500 ro
790 3450 820 3500 in
844 3451 916 3500 bono
938 3458 1118 3515 perseverant,
1136 3449 1195 3500 faui
1218 3460 1265 3498 nou

740 3530 861 3586 possunt.
876 3521 976 3570 Omnis
993 3520 1066 3570 enim
1088 3520 1174 3570 homo
1194 3519 1223 3570 in
1239 3531 1265 3569 eo

738 3593 879 3657 judicatur,
901 3592 930 3642 in
946 3607 1002 3657 quo
1016 3591 1168 3656 invenitur3
1184 3602 1211 3643 et
1228 3603 1267 3642 er·

740 3681 774 3732 go
788 3681 929 3733 nunquam
945 3665 998 3716 nisi
1016 3664 1135 3715 inbono
1153 3665 1266 3731 judicau-
1297 3720 1300 3727 ¹

739 3745 791 3798 tur,
807 3736 854 3802 qui
869 3751 976 3802 semper
998 3734 1025 3785 in
1042 3736 1115 3786 bono
1133 3735 1266 3787 inveniur

738 3817 791 3859 tur.
803 3808 896 3874 Igitur,
911 3818 941 3860 ut
955 3808 992 3859 ait
1006 3808 1174 3872 Richardus,
1196 3808 1267 3859 debet

739 3878 827 3931 anima
841 3879 964 3946 perlecta,
979 3887 1005 3930 et
1022 3878 1131 3931 assidue
1150 3893 1266 3932 summo·
