2632 4320
253 247 300 298 DE
314 247 430 297 FLETU
449 247 575 297 DOMINI
590 247 704 298 SUPER
713 245 925 305 JERUSALEM,
943 243 1021 295 ETC.

79 362 204 415 licitatis!
220 378 282 428 quae
295 361 412 412 formido
424 371 450 412 et
462 361 612 413 considera·

79 436 118 487 tio
137 435 256 486 iudicis!
277 434 349 497 Quid
371 451 434 500 crgo
454 451 511 486 esse
532 434 611 485 nobis

79 510 112 560 de
139 509 317 574 prtesentibus
347 509 379 559 ad
409 508 610 559 delectationem

79 579 165 640 debet,
183 581 292 646 quando
306 580 388 631 simul
402 579 505 631 cunctis
522 589 611 630 trans-

79 651 208 702 euntibus
234 667 290 701 non
319 651 388 701 valet
409 650 523 701 transire
539 649 611 716 quod

79 723 214 784 imminet,
237 723 345 789 quando
368 733 394 774 et
418 723 469 773 hoc
488 721 611 772 funditus

79 794 183 856 linitur,
198 795 272 861 quod
292 794 423 860 diligitur,
445 804 471 845 et
484 793 551 844 illud
566 793 611 844 in-

78 864 186 931 cipitur,
198 864 246 914 ubi
260 866 337 915 dolor
347 880 487 930 nunquam
502 863 609 914 finitur?

79 939 179 990 Praeter
193 938 264 988 hanc
286 937 447 989 sententiam
470 937 608 1002 Gregorii,

79 1021 192 1077 possunt
214 1009 340 1075 praedicta
367 1016 392 1059 et
417 1008 494 1058 aliter
515 1006 610 1073 accipi,

80 1098 140 1133 nam
156 1081 296 1133 moraliter
321 1081 350 1130 in
367 1081 445 1146 culpa
465 1090 608 1146 peccator:

79 1153 167 1220 primo
184 1155 306 1212 vallatur,
336 1167 382 1217 per
406 1151 492 1202 hostis
511 1166 610 1217 sugge-

78 1223 195 1274 stionem
220 1223 391 1284 exteriorem3
415 1222 533 1272 secundo
555 1220 610 1270 cir-

78 1295 239 1354 cumdatur,
266 1307 313 1358 per
339 1291 495 1342 interiorem
522 1291 610 1342 carnis

77 1365 292 1431 impulsionem;
318 1363 396 1414 tertio
411 1372 609 1428 coangustatur,

79 1455 124 1506 per
143 1438 328 1490 delectationis
350 1437 608 1500 inflammationem

77 1522 172 1578 quarto
188 1511 222 1561 ad
247 1521 344 1561 terram
359 1510 545 1576 prosternitur,
564 1525 610 1576 per

78 1597 242 1632 consensum
263 1580 416 1632 interiorem
427 1597 434 1646 ;
453 1580 550 1647 quinto
559 1579 609 1631 filii

78 1656 133 1720 ejus
146 1656 317 1715 occiduntur,
335 1670 382 1720 per
396 1670 509 1720 operum
520 1654 608 1704 bono-

77 1742 137 1778 rum
152 1727 401 1790 mortificationem;
417 1737 491 1776 sexto
500 1725 610 1776 omnino

76 1800 203 1862 diruitur,
216 1816 263 1866 per
276 1800 372 1866 peccati
385 1799 609 1866 perpetrationem

76 1871 245 1923 exteriorem.
268 1872 298 1920 ln
322 1886 400 1936 poena
422 1886 484 1922 vero
499 1887 506 1920 ε
522 1869 609 1935 primo

77 1942 199 2003 vallatur,
210 1958 257 2008 per
278 1942 436 1993 exteriorem
454 1941 608 1992 tribulatio-

72 2006 153 2078 'nem3
166 2013 286 2064 secundo
295 2013 485 2072 circumdatur,
496 2028 543 2078 per
552 2027 612 2078 pro·

76 2083 129 2148 prii
155 2085 279 2150 corporis
302 2083 503 2146 infirmitatem
530 2083 609 2133 tertio

75 2159 258 2224 angustiatur,
276 2175 323 2224 per
333 2158 415 2209 animi
428 2169 454 2209 et
468 2157 610 2208 conscien-

76 2230 122 2281 tiae
137 2231 311 2294 anxietatem;
336 2242 431 2297 quarto
455 2232 488 2282 ad
512 2241 609 2281 terram

75 2300 265 2365 prosternitur,
289 2316 336 2366 per
363 2301 459 2352 salutis
482 2301 609 2366 despera-

75 2370 193 2434 tionem3
210 2371 306 2437 quinto
320 2371 367 2421 filii
382 2372 550 2431 occiduntur,
562 2386 609 2437 per

75 2440 294 2507 propinquorum
310 2441 431 2490 dolorem
452 2450 478 2491 et
501 2441 608 2491 desola-

74 2511 197 2574 tionem,
226 2521 301 2561 sexto
323 2511 440 2561 totaliter
466 2512 608 2571 evertitur,

75 2598 125 2648 per
137 2593 264 2633 mortem.
280 2585 310 2635 ln
325 2593 412 2633 morte
426 2599 535 2649 quoque
551 2584 609 2634 val-

75 2656 147 2707 latur
161 2665 188 2705 et
202 2655 384 2705 circumdatur
399 2670 414 2704 a
427 2655 609 2720 daemonibus,

74 2735 267 2791 coangustatur
287 2740 303 2775 a
321 2725 449 2790 peccatis3
475 2727 611 2777 daemones

76 2796 150 2847 enim
178 2796 272 2847 omnia
302 2807 405 2862 peccata
435 2813 489 2848 non
520 2799 609 2849 solum

74 2870 176 2936 operis,
198 2884 292 2920 verum
320 2869 399 2920 etiam
420 2870 567 2922 locutionis
585 2883 611 2923 et

74 2941 250 3007 cogitationis
265 2942 298 2991 ad
316 2942 473 2992 memoriam
496 2943 549 2993 sibi
567 2959 610 2993 re-

73 3023 183 3072 vocant,
209 3021 239 3061 ut
262 3012 294 3061 ad
317 3013 533 3078 desperationem
555 3023 610 3065 tra-

75 3082 155 3145 hant,
171 3091 236 3132 tunc
245 3082 326 3132 etiam
341 3083 373 3132 ad
388 3092 486 3134 terram
497 3094 612 3149 proster-

74 3152 161 3216 nitur,
185 3152 251 3218 quia
272 3168 369 3219 corpus
388 3153 564 3215 incineratur,
584 3167 611 3205 et

72 3225 168 3277 anima
181 3225 210 3275 in
234 3225 370 3276 infernum
391 3226 557 3293 detruditur;
585 3239 611 3280 et

74 3296 136 3361 filii,
163 3297 191 3348 id
217 3307 257 3348 est
286 3313 366 3364 opera
393 3300 435 3349 vel
460 3299 610 3351 imitatores

73 3368 144 3432 ejus,
157 3379 190 3419 ut
205 3368 262 3419 sint
281 3384 373 3420 secum
388 3370 416 3419 in
436 3386 524 3436 poena,
541 3371 612 3422 sicut

73 3438 185 3490 fixerunt
212 3439 241 3489 in
265 3442 343 3506 culpa
351 3457 359 3503 ;
385 3450 411 3491 et
434 3441 503 3507 lapis
530 3458 611 3508 super

73 3508 194 3576 lapidem
223 3525 277 3559 non
309 3510 485 3577 relinquitur,
516 3511 544 3562 id
571 3523 612 3563 est

72 3580 205 3646 cogitatio
230 3596 311 3646 super
326 3581 526 3647 cogitationem,
551 3600 611 3650 quae

72 3664 170 3705 conua
195 3669 258 3705 eum
283 3670 338 3704 non
357 3655 513 3716 adducatur,
536 3658 610 3724 quia,

74 3725 228 3776 secundum
247 3725 428 3790 Gregorium,
459 3727 492 3776 ab
520 3727 611 3778 anima

72 3810 200 3861 peruersa
225 3796 315 3846 omnis
329 3797 491 3846 constructio
508 3797 612 3863 cogita-

73 3865 185 3916 tionum
194 3865 349 3931 dissipatur,
365 3875 428 3917 tunc
441 3866 525 3928 enim,
539 3877 571 3918 ut
583 3868 611 3917 in

1143 259 1194 308 217

666 361 770 412 Psalmo
780 359 878 410 dicitur
890 377 897 410 :
910 359 1006 410 Omnes
1018 357 1195 423 cogitationes

664 436 804 501 impiorum
821 435 955 502 peribunt,
978 443 1004 484 et
1023 447 1118 483 omnes
1137 447 1196 482 ma·

663 505 829 555 chinatiunes
842 505 993 555 cessabunt.

696 583 710 634 5
724 585 858 645 Quaruoa
868 598 970 632 ruerus
979 584 1153 632 Sanvarorus.
1162 610 1194 619 -

663 654 749 704 Flevit
773 670 835 720 ergo
860 668 932 703 nunc
956 653 1044 703 bonus
1061 652 1194 702 Dominus

663 724 755 790 Jesus;
771 726 817 775 sed
838 734 864 775 et
882 740 930 789 pro
954 739 1067 774 summae
1088 722 1194 789 pietatis

663 794 804 846 dulcedine
818 794 958 844 reseranda
969 793 1027 859 ipse
1036 791 1097 843 fons
1109 793 1193 843 totius

664 865 853 916 misericordiae
863 881 918 915 non
930 865 1019 915 solum
1035 864 1128 926 semel,
1145 863 1191 913 sed

663 938 764 1003 pluries
787 939 870 999 flevit,
886 948 911 988 et
931 953 963 988 ex
988 937 1041 987 illis
1062 935 1194 1001 piissimis

664 1010 749 1061 oculis
762 1011 795 1060 ad
808 1010 933 1061 omnium
947 1009 1127 1076 expiationem
1137 1023 1195 1075 pec·

664 1092 783 1133 catorum
801 1083 978 1148 lacrymarum
995 1080 1095 1131 fluenta
1110 1080 1194 1132 uber-

663 1153 731 1204 rime
746 1156 877 1204 manando
887 1153 988 1205 effudit.
998 1152 1109 1218 Legitur
1119 1151 1193 1201 enim

663 1224 809 1275 Dominum
830 1224 922 1275 Jesum
947 1223 1052 1275 flevisse
1075 1240 1081 1272 z
1105 1222 1193 1288 primo

662 1311 695 1346 ex
716 1295 843 1346 infantuli
865 1297 1030 1356 necessitate,
1050 1295 1078 1344 in
1095 1293 1193 1344 nativi-

662 1374 724 1431 tate,
751 1367 899 1418 secundum
925 1367 991 1417 illud
1018 1365 1159 1431 Sapientiae
1184 1381 1191 1413 ε

663 1437 785 1488 Primam
813 1453 902 1488 vocem
930 1437 1043 1488 similem
1075 1437 1194 1488 omuibus

662 1511 739 1561 emisi
751 1511 877 1578 plorans,
902 1510 974 1560 unde
995 1520 1082 1561 cantat
1104 1510 1194 1560 Eccle-

663 1598 724 1634 sia:

745 1719 829 1784 Vagit
843 1719 936 1784 insana
945 1719 1013 1769 inter
1027 1725 1105 1769 arcta

755 1855 760 1865 Ι
794 1791 905 1841 Positus
923 1791 1059 1857 praesepia

663 1937 779 1987 secundo
805 1936 878 1986 flevit
904 1936 1052 1995 Dominus,
1082 1951 1113 1985 ex
1137 1935 1191 1984 im-

663 2024 758 2060 menso
772 2024 871 2069 amore,
886 2009 914 2059 in
934 2009 1025 2059 Lazari
1047 2008 1193 2059 suscitatio

663 2099 710 2149 ne;
736 2083 822 2147 tertio,
844 2098 877 2133 ex
900 2082 985 2133 nimia
998 2082 1192 2148 compassione,

663 2157 692 2207 in
706 2156 755 2206 hac
770 2156 886 2206 solemni
901 2155 1071 2222 processione
1085 2173 1092 2220 3
1110 2170 1192 2221 quar·

662 2238 700 2290 to,
715 2243 747 2279 ex
771 2229 868 2279 intimo
892 2230 992 2290 dolore,
1016 2229 1045 2278 in
1066 2244 1114 2279 sua
1131 2229 1190 2278 Pas·

663 2301 749 2360 sione,
762 2317 852 2367 preces
865 2317 928 2352 eum
942 2301 1067 2366 lacrymis
1080 2302 1194 2352 offerens

662 2372 695 2422 ad
717 2372 813 2423 Deum.
836 2372 898 2421 Haec
920 2383 984 2423 sunt
1005 2383 1122 2438 quatuor
1139 2371 1194 2422 fiu-

663 2446 739 2496 mina
761 2446 795 2496 de
820 2445 942 2511 paradiso
967 2445 1139 2512 egredientia,
1160 2445 1193 2495 ad

664 2515 747 2565 totius
763 2515 857 2565 mundi
880 2516 1057 2574 ablutionem,
1081 2514 1194 2581 refrige-

664 2587 804 2645 rationem,
825 2588 998 2651 potationem,
1024 2596 1050 2636 et
1069 2585 1194 2635 fecundi-

662 2666 755 2707 tatem.
779 2656 812 2706 Hi
828 2667 943 2720 quatuor
956 2655 1035 2719 fletus
1049 2654 1193 2706 Salvatoris

663 2736 777 2792 possunt
795 2725 887 2777 referri
905 2728 937 2777 ad
958 2737 1073 2792 quatuor
1092 2725 1194 2792 species

663 2800 759 2861 fletus,
784 2815 845 2866 quae
870 2800 947 2867 quasi
978 2811 1093 2867 quatuor
1117 2799 1192 2850 fluvii

664 2871 779 2937 paradisi
796 2871 915 2921 animam
934 2870 1045 2937 irrigant
1059 2880 1084 2921 et
1106 2870 1194 2921 fecun-

663 2941 743 2991 dant:
757 2940 862 3006 primus
874 2952 913 2992 est
922 2940 1009 3001 fletus,
1021 2957 1069 3007 pro
1078 2941 1194 2992 incolatu

663 3010 803 3076 praesentis
831 3010 961 3074 miseriae,
989 3013 1123 3064 secundus
1154 3021 1194 3065 est

663 3081 743 3131 fletus
759 3081 990 3147 compunctionis;
1007 3084 1111 3143 tertius,
1122 3099 1196 3134 corn·

664 3151 794 3217 passionis
801 3167 809 3215 ;
836 3163 962 3218 quartus,
989 3169 1037 3219 pro
1065 3154 1192 3204 dilatione

664 3223 766 3290 patriae.
782 3224 901 3275 Primam
921 3225 1002 3276 fletus
1018 3226 1132 3292 speciem
1157 3224 1196 3274 si-

664 3295 774 3363 gnificat
798 3296 877 3348 fletus
898 3297 1017 3349 infantiae
1037 3295 1191 3347 Salvatoris.

665 3367 743 3418 Unde
756 3370 928 3434 Augustinus
946 3386 954 3419 ε
969 3388 982 3415 a
998 3369 1066 3418 Puer
1079 3367 1126 3432 qui
1142 3380 1194 3417 na-

664 3437 748 3488 scitur
775 3437 869 3505 incipit
892 3455 906 3488 a
932 3439 1045 3504 ploratu,
1070 3437 1194 3502 lacrymae

664 3519 728 3560 sunt
751 3519 831 3561 testes
857 3511 985 3575 miseriae,
1012 3510 1136 3559 nondum
1158 3508 1194 3559 lo·

664 3583 766 3648 quitur,
782 3593 808 3634 et
822 3584 875 3649 jam
888 3581 1086 3650 prophetizat.»
1103 3581 1194 3632 Fletus

664 3655 693 3705 in
718 3670 797 3706 cruce
822 3656 912 3722 signat
946 3654 1039 3705 fletum
1068 3669 1196 3719 compun-

664 3727 771 3786 ctionis,
793 3743 875 3793 quem
903 3726 1001 3776 debent
1027 3725 1126 3775 habere
1155 3724 1196 3776 illi

664 3799 786 3864 quisunt
800 3799 828 3848 in
842 3814 917 3848 cruce
932 3796 1104 3863 poenitentiae.
1120 3798 1196 3851 Unde

665 3870 737 3921 idem
761 3870 931 3945 Augustinus
947 3888 955 3920 :
971 3888 984 3917 (ι
999 3869 1070 3920 Sciat
1092 3885 1121 3922 se
1141 3869 1197 3921 cul-
