2632 4320
425 273 472 324 DE
486 273 645 324 DENARIO
659 273 804 325 DIURNO.

58 386 129 448 ferri}
153 398 181 440 et
194 389 255 456 plus
269 389 406 440 honorari.
422 390 497 451 Item,
513 390 592 440 datur

57 459 101 511 hic
113 462 308 512 documentum
318 462 391 528 quod
401 460 520 528 religiosi
536 477 590 511 non

55 531 155 581 debent
169 531 255 583 facere
271 531 485 598 comparationes
500 530 542 581 sui
557 531 590 581 ad

54 600 131 662 alios,
150 601 228 667 quasi
253 601 305 667 ipsi
328 602 389 667 plus
403 601 520 652 serviant
534 601 589 651 Deo

54 686 136 739 quam
159 674 292 724 seculares
299 690 307 736 ;
331 673 395 740 quia
420 688 491 739 saepe
512 671 589 723 vide-

53 760 114 796 mus
156 746 230 811 quod
274 745 385 811 quidam
430 744 588 795 secularium

53 823 199 881 aequantur
220 815 325 866 meritis
346 816 526 881 quorumdam
551 830 589 865 re·

53 886 225 953 ligiosorum,
237 888 279 938 vel
295 887 385 949 etiam,
398 902 444 939 eos
458 887 588 938 excedunt

54 976 100 1027 per
109 962 251 1014 meritum.

82 1029 99 1082 8
126 1032 278 1084 Resrousro
312 1047 526 1084 rnrarsrnurnras
554 1047 588 1081 ar

53 1117 201 1154 concrusro
219 1119 372 1154 rnnaaomr..
389 1132 421 1141 -
433 1105 470 1154 At
480 1102 527 1153 ille
540 1116 587 1152 re-

53 1176 191 1243 spondens
220 1178 267 1227 nni
284 1192 384 1240 eorum,
400 1177 487 1239 dixit,
514 1175 587 1241 quod

53 1257 144 1298 autern
169 1247 219 1298 uni
252 1248 329 1313 dixit,
358 1248 486 1299 omnibus
510 1246 587 1306 dixit,

52 1318 92 1368 rel
108 1318 169 1382 nni,
187 1319 252 1386 quia
271 1334 325 1370 una
347 1328 373 1370 et
398 1317 510 1385 aequalis
533 1326 589 1367 erat

52 1388 185 1439 omnibus
220 1389 325 1439 occasio
364 1386 550 1440 murmurandi
579 1404 586 1437 :

52 1458 159 1522 Amice,
191 1474 243 1510 non
273 1459 347 1518 facio
373 1460 434 1510 n'bi·
450 1457 586 1526 injuriam,

53 1528 115 1594 quia
137 1528 239 1595 injuria
254 1546 308 1581 non
329 1530 411 1581 habet
432 1528 522 1579 locum
539 1527 586 1578 ubi

29 1630 32 1635 ·
54 1609 90 1650 est
104 1614 182 1651 mera
199 1601 300 1667 gratia,
323 1612 349 1653 et
368 1602 428 1652 ideo
446 1600 469 1650 si
485 1599 548 1651 facit
561 1609 587 1649 et

54 1668 96 1721 dat
104 1672 223 1737 gratiam
238 1673 296 1734 uni,
313 1688 368 1723 non
386 1671 449 1724 facit
460 1671 585 1738 injuriam

55 1741 137 1794 alteri.
162 1745 262 1796 Nonne
284 1761 321 1797 ex
342 1746 467 1809 denario,
489 1754 516 1796 et
537 1758 585 1810 pro

56 1817 185 1878 mercede,
202 1819 350 1870 convenisti
370 1834 469 1870 mecum
485 1833 500 1868 a
514 1817 585 1883 prin·

56 1884 142 1952 cipio?
171 1889 251 1940 Tolle
266 1889 338 1955 qnod
352 1897 423 1941 tuum
438 1895 487 1952 est,
508 1885 584 1955 quasi

56 1954 176 2008 diceret:
193 1959 304 2010 Paratus
325 1976 386 2011 sum
404 1960 453 2011 tibi
474 1958 584 2010 reddere

58 2029 204 2080 mercedem
218 2040 310 2095 tuam3
337 2039 362 2084 et
382 2032 458 2096 vade,
477 2031 504 2080 id
522 2038 583 2080 est:

60 2095 126 2149 intra
141 2099 168 2150 in
184 2101 317 2166 gaudium
329 2102 438 2154 Domini
447 2101 526 2153 tui...
540 2101 583 2151 An

60 2171 183 2223 nonlicet
206 2173 273 2224 milri
292 2175 362 2239 qnod
381 2174 440 2225 volo
458 2171 584 2240 facere?

61 2238 135 2300 Quasi
161 2243 262 2294 diceret
283 2245 358 2306 :Sic,
379 2244 443 2312 quia
459 2245 583 2296 voluntas

61 2307 101 2363 Dei
114 2315 190 2366 nullo
201 2318 282 2367 modo
296 2316 409 2369 distorta
418 2333 475 2376 esse
486 2326 582 2382 potest,

61 2385 123 2437 uude
144 2387 282 2453 signanter
303 2389 391 2440 dicit:
411 2389 489 2449 Quod
511 2387 581 2439 nolo.

10 2510 12 2517 ,
63 2450 122 2515 Quia
136 2458 210 2508 enirn
222 2458 294 2510 Deus
305 2460 372 2520 vult,
387 2459 446 2509 ideo
461 2458 565 2508 licitum
573 2472 581 2521 ;

10 2586 12 2591 Ι
64 2536 103 2575 nos
115 2526 179 2593 quia
192 2528 307 2594 licitum,
324 2529 384 2580 ideo
398 2530 532 2580 volumus.
547 2528 583 2578 Et

10 2602 13 2649 ξ
63 2602 85 2642 ut
99 2611 152 2647 non
172 2598 262 2649 solum
277 2599 358 2664 licita,
374 2601 421 2651 sed
435 2600 514 2651 etiam
533 2598 582 2649 be-

64 2664 180 2733 nignitate
200 2672 280 2737 plena
302 2673 458 2723 ostendatur
482 2670 583 2722 volun-

64 2741 93 2812 με
107 2738 206 2801 divina,
231 2741 326 2792 addit:
341 2743 384 2794 An
398 2742 493 2793 oculus
511 2747 586 2804 luusj·

64 2803 82 2852 td
105 2816 144 2859 est
176 2811 355 2863 consideratio
381 2823 442 2876 tua,
471 2825 581 2876 nequam

63 2883 94 2927 eti
114 2890 140 2932 et
162 2882 320 2950 inaequalis,
337 2887 400 2952 quin
424 2899 475 2952 ego
500 2884 582 2934 bonus

63 2957 116 3012 ttm,
146 2953 248 3005 scilicet
277 2970 309 3006 ex
335 2966 429 3008 natura
453 2955 581 3006 bonitatis

63 3028 117 3071 mee
153 3024 321 3077 abundanter
359 3025 581 3077 communicans?

62 3086 128 3143 Unde
146 3094 211 3146 dicit
229 3113 236 3146 :
258 3112 378 3164 nequam,
402 3115 456 3149 non
473 3110 581 3164 propter

62 3158 163 3237 ξῑῑΙρεω,
180 3166 227 3216 sed
242 3177 353 3232 propter
360 3169 580 3219 considerationis

61 3235 271 3302 inequalitatem
290 3238 354 3305 quia
370 3239 415 3289 illa
435 3239 578 3290 admiratio

60 3304 168 3379 procedit
192 3322 226 3357 ex
254 3310 454 3376 comparatione
480 3311 579 3362 divinae

59 3374 155 3433 iustitiae
178 3380 267 3446 tnagis
287 3398 369 3450 quam
392 3384 448 3447 eius
469 3384 578 3434 miseri-

58 3446 144 3500 cordiae
168 3449 293 3503 infinitae.
318 3454 370 3504 Ubi
401 3455 581 3521 Gregorius:

10 3528 13 3545 ¹
57 3513 162 3570 «Surlta
176 3530 218 3572 est
239 3523 354 3588 quaestio
369 3524 499 3590 hominis,
512 3540 580 3576 con-

10 3582 13 3625 l
57 3586 91 3633 lm
109 3586 157 3640 Dei
178 3590 337 3644 bonitatem.
354 3594 580 3662 Conquerendum

10 3670 13 3685 ¹
54 3656 157 3715 quidem
173 3672 255 3724 esset,
269 3663 292 3714 si
306 3680 361 3715 non
372 3666 445 3717 daret
455 3669 527 3733 quod
539 3669 581 3719 de·

10 3742 14 3795 j·
55 3716 133 3787 bileti
146 3747 202 3782 non
221 3733 244 3784 si
260 3734 305 3785 dat
317 3736 391 3802 quod
404 3753 459 3787 non
471 3738 580 3789 debet.»

10 3830 12 3837 .
54 3786 123 3844 Unde
140 3807 168 3847 et
187 3802 403 3867 Chrysostomus
417 3824 426 3857 .·
439 3825 452 3854 a
470 3809 509 3859 De
521 3811 580 3876 ejus

51 3856 106 3914 dato
130 3880 213 3918 nemo
237 3870 308 3933 juste
339 3887 506 3938 murmurat,
533 3881 580 3947 qui

10 3996 16 4005 ·
106 3978 177 4032 Vtra
190 3981 255 4034 Jasu
267 3983 389 4050 Cuarsrr,
406 4005 493 4044 rosus
508 3993 552 4046 ΙΙΙ.

1124 272 1172 328 1¹13

642 386 760 454 amplius
785 388 829 439 dat
852 403 935 455 quam
958 389 1042 440 homo
1068 390 1176 443 deside·-
1210 406 1213 413 ·

642 471 690 511 rat.
710 480 724 508 t>
748 461 850 512 Ultimo
875 463 1038 514 concludens
1062 465 1176 530 parabo-

641 535 704 595 lam,
720 535 786 586 dicit
809 553 816 586 ι
835 536 891 599 Sic,
912 537 1017 588 scilicet
1032 549 1062 589 ut
1081 549 1175 589 osten-

641 620 702 655 sum
717 616 772 669 est,
796 612 873 657 erunt
892 607 1033 658 novissimi
1043 609 1136 674 primi,
1149 615 1175 661 et

638 676 724 740 primi
735 676 890 739 novissimi5
911 686 941 728 ut
957 680 1030 729 nulla
1042 680 1076 730 sit
1096 679 1176 731 diffe-

640 747 735 811 rentia,
757 747 889 814 temporis
909 764 997 800 causa.
1012 751 1089 818 Saepe
1102 751 1173 802 enim

640 816 680 866 illi
704 815 752 884 qui
775 818 807 868 ad
827 817 1011 883 poenitentiam
1029 821 1103 871 tarde
1124 836 1174 872 ve·

640 887 728 946 munt,
757 887 836 938 citius
858 898 1064 941 remunerantur
1089 907 1171 957 quam

639 957 678 1008 illi
704 958 751 1025 qui
778 960 936 1026 tempestive
960 961 1079 1023 veniunt,
1108 963 1173 1028 quia

639 1027 719 1079 citius
734 1028 767 1079 de
780 1044 891 1095 corpore
905 1040 1002 1081 exeunt
1010 1046 1018 1095 ;
1037 1032 1089 1093 vel,
1101 1047 1172 1100 saepe

639 1097 679 1147 illi
703 1099 750 1165 qui
771 1099 844 1151 tarde
863 1100 896 1151 ad
917 1101 1102 1167 poenitentiam
1124 1119 1173 1154 ve·-

640 1167 728 1230 niunt,
753 1179 875 1236 tempore
894 1172 1048 1236 praecedunt
1062 1172 1129 1222 alios
1143 1172 1172 1225 in

639 1236 750 1299 fervore,
775 1239 844 1290 sicut
864 1238 891 1289 in
912 1240 1007 1292 itinere
1024 1240 1171 1303 consuevit,

639 1317 670 1359 ut
687 1309 734 1375 qui
762 1311 864 1361 tardius
885 1311 1018 1373 exierunt,
1033 1313 1172 1364 velocitate

640 1397 744 1433 moram
765 1395 957 1450 compensent3
985 1385 1040 1446 vel,
1062 1385 1101 1435 illi
1124 1386 1171 1452 qui

639 1467 704 1507 sunt
721 1457 864 1509 novissimi
884 1458 914 1509 in
935 1459 1022 1510 oculis
1036 1459 1093 1510 suis
1108 1468 1173 1511 sunt

639 1528 719 1594 primi
744 1529 772 1580 in
800 1529 885 1580 oculis
907 1529 970 1594 Dei3
992 1531 1044 1593 vel,
1068 1530 1170 1598 iniqui

639 1599 779 1649 novissimi
805 1599 906 1665 judicio
932 1601 1076 1651 hominum
1100 1611 1171 1666 sunt,

638 1686 708 1736 saepe
731 1682 793 1722 sunt
812 1672 894 1738 primi
908 1673 1006 1737 judicio
1029 1674 1092 1736 Dei,
1107 1673 1172 1742 quia

637 1744 709 1794 Deus
724 1759 778 1794 non
795 1743 946 1795 considerat
966 1745 1095 1805 exteriora
1117 1747 1171 1796 bo·

637 1815 729 1877 minis,
744 1816 790 1866 sed
808 1815 935 1866 interiora
950 1816 1047 1867 cordis.
1063 1818 1170 1877 Quam·

636 1885 677 1936 vis
710 1896 799 1937 autem
834 1885 951 1938 audieris
984 1887 1013 1938 in
1045 1889 1170 1953 parabola

636 1975 731 2010 omnes
744 1959 875 2026 accepisse
888 1959 1011 2026 singulos
1028 1961 1167 2026 denaribs;

636 2046 689 2080 non
712 2040 804 2081 tamen
819 2041 896 2096 putes
917 2046 1013 2082 omnes
1032 2032 1065 2082 ad
1086 2031 1168 2082 fidem

635 2110 743 2152 vocatos
771 2101 856 2152 vitam
887 2111 1014 2152 aeternam
1043 2112 1168 2168 acceptu-

635 2190 688 2226 ros.

666 2247 781 2313 9Pnucr
806 2262 942 2298 siturum.
967 2275 998 2284 -
1021 2247 1097 2297 Unde
1119 2247 1168 2297 ad·

634 2316 707 2367 ditur
734 2319 868 2368 sententia
891 2319 969 2369 valde
992 2318 1134 2368 metuenda
1160 2335 1168 2368 ε

633 2387 718 2438 Multi
735 2388 804 2438 enim
826 2389 859 2438 de
878 2388 988 2454 primis,
1011 2389 1043 2438 de
1065 2388 1168 2453 tertiis,

634 2458 725 2518 sextis,
751 2458 847 2519 nonis,
876 2467 902 2508 et
924 2457 1081 2508 novissimis
1107 2462 1169 2508 sunt

634 2530 729 2592 vocati,
752 2531 851 2580 scilicet
873 2530 906 2579 ad
931 2529 1012 2578 fidem
1036 2538 1062 2578 et
1084 2529 1169 2579 meri-

633 2608 707 2662 tum;
737 2599 783 2648 sed
807 2600 839 2649 de
862 2598 907 2648 his
933 2598 1060 2648 omnibus
1084 2598 1169 2663 pauci

634 2677 696 2722 sunt
705 2671 791 2734 electi,
803 2671 835 2721 ad
844 2670 1017 2722 beatitudinis
1025 2670 1168 2737 praemium

633 2750 660 2790 et
680 2755 803 2806 regnum.
819 2740 897 2791 Multi
917 2749 979 2791 sunt
999 2741 1032 2790 de
1051 2740 1168 2791 Ecclesia

634 2811 775 2872 militante,
795 2811 843 2877 qui
863 2826 919 2861 non
935 2819 1015 2862 erunt
1029 2811 1058 2860 in
1073 2811 1168 2861 Eccle-

633 2881 673 2932 sia
700 2881 894 2947 triumphante.
924 2882 953 2931 ln
980 2896 1035 2947 quo
1068 2895 1167 2947 paucos

633 2955 752 3006 ostendit
776 2969 834 3005 esse
862 2969 908 3004 eos
937 2953 984 3020 qui
1013 2955 1165 3014 salvantur,

631 3029 664 3077 ad
685 3027 914 3092 comparationem
941 3042 1035 3079 eorum
1057 3027 1104 3095 qui
1120 3042 1167 3094 per

631 3100 753 3166 singulas
792 3099 872 3150 horas
907 3110 1058 3158 vocantur,
1088 3100 1164 3166 quia,

631 3171 780 3224 secundum
816 3173 980 3239 Gregorium
992 3213 999 3238 ,
1026 3173 1058 3223 ad
1085 3172 1165 3222 fidem

632 3245 722 3310 plures
753 3243 884 3304 veniunt,
918 3245 1008 3309 plures
1040 3241 1165 3294 Ecclesiae

631 3316 744 3381 parietes
768 3316 897 3383 implent;
929 3316 975 3367 sed
1005 3315 1037 3366 ad
1061 3314 1167 3365 coeleste

631 3401 746 3452 regnum
778 3387 856 3453 pauci
889 3387 1082 3452 perducuntur.
1109 3383 1166 3432 Hoc

632 3457 763 3524 figuratur
786 3458 820 3508 de
848 3456 913 3508 filiis
938 3457 1027 3517 lsrael,
1050 3468 1168 3521 quorum

633 3529 712 3579 multi
726 3530 758 3580 ad
778 3539 877 3580 terram
903 3525 1092 3595 promissionis
1107 3523 1167 3575 fue-

633 3611 697 3653 runt
706 3602 806 3668 vocati;
823 3602 869 3652 sed
880 3601 956 3668 pauci
967 3601 1000 3651 ad
1011 3598 1167 3650 intrandum

633 3672 743 3722 fuerunt
763 3673 850 3724 electi.
874 3674 908 3723 Et
925 3671 1051 3722 similiter
1064 3669 1097 3720 de
1111 3669 1168 3721 Ge-

633 3743 727 3804 deone‚
742 3742 789 3809 qui
802 3743 892 3808 plures
906 3742 939 3792 ad
955 3740 1110 3791 bellandum
1122 3755 1168 3790 vo-

634 3813 711 3874 cavit,
725 3814 772 3864 sed
788 3827 886 3878 paucos
901 3811 980 3877 elegit
993 3825 1062 3876 quos
1075 3824 1166 3860 secum

634 3884 725 3948 duxit;
742 3882 806 3950 quia
828 3881 885 3933 lata
898 3887 989 3949 porta,
1005 3887 1031 3932 et
1044 3880 1166 3949 spatiosa

1057 3993 1077 4044 b
