2632 4320
193 257 241 307 DE
259 252 526 306 VENTILA'HONE
543 249 650 300 AREAE
664 250 698 299 IN
717 251 891 305 EXTREMO
905 253 1048 306 JUDlClO.
1128 252 1179 318 367

58 375 147 426 adhuc
160 370 318 421 horribilius
327 370 359 420 ad
370 365 593 419 cohabitandum!

60 445 121 494 Non
136 440 279 508 portastis,
294 439 404 506 inquit,
418 440 519 489 clavem
531 452 595 486 cru·

59 517 107 577 cis,
120 515 149 565 in
163 529 276 595 regnum
296 527 353 562 non
372 511 520 573 intrabitis;
541 525 595 560 non

59 586 207 653 navigastis
228 584 259 633 in
281 598 347 633 nave
363 583 459 642 crucis,
483 582 544 631 ideo
562 581 596 630 ad

58 665 166 724 portum
191 669 246 704 non
269 649 443 719 pervenietis3
467 652 513 702 sed
536 667 595 717 por-

59 743 124 778 nam
149 724 244 775 damni
269 734 296 774 et
324 739 421 774 sensus
451 723 595 773 babebitis

59 801 133 850 Dum
146 798 212 848 mali
225 796 350 862 permixti
366 805 430 846 sunt
449 795 537 855 bonis,
552 794 596 844 vi-

60 875 157 924 dentur
183 885 242 922 asse
263 886 326 920 cum
348 871 413 930 Deo,
430 871 475 920 sed
489 868 596 919 tandem

59 945 199 996 discedent
225 944 260 994 ab
284 957 317 993 eo
341 952 368 993 et
401 941 575 993 mittentur
567 957 596 991 ιιι

61 1019 154 1085 ignem
163 1027 306 1075 aeternum,
322 1031 372 1066 nec
383 1014 484 1066 videbit
496 1013 597 1079 impius

61 1089 178 1155 gloriam
195 1086 254 1137 Dei.
270 1087 416 1148 Discedite,
434 1085 532 1152 inquit,
549 1084 596 1151 qui

61 1157 152 1208 adhuc
175 1155 319 1207 commixti
340 1155 431 1206 fuistis
457 1154 537 1206 bonis
567 1158 596 1205 in

61 1229 174 1286 mundo,
192 1242 208 1276 a
229 1241 288 1277 mea
302 1225 377 1286 facie,
392 1225 426 1276 ab
446 1226 522 1275 omni
537 1241 597 1276 mea

61 1297 255 1357 misericordia,
270 1297 304 1346 ab
318 1297 395 1347 omni
408 1297 507 1363 gloria3
519 1297 598 1347 male·

61 1371 138 1435 dicti,
164 1370 212 1420 sed
236 1385 289 1420 non
314 1369 388 1419 addit
413 1370 499 1420 Patris
527 1369 595 1430 mei,

62 1441 128 1508 quia
154 1455 188 1490 ex
212 1440 290 1490 Patre
312 1450 352 1490 est
375 1440 547 1500 benedictio,
565 1456 597 1490 ex

647 365 726 415 alieni
741 366 873 419 efficimur
883 385 899 419 a
909 371 1030 431 Christo,
1045 381 1070 422 et
1089 371 1181 422 exclu-

647 435 739 487 dimur
752 453 768 487 a
781 439 859 490 bonis
872 442 989 501 eternis,
1003 457 1092 492 nonne
1103 443 1179 492 omni

647 522 725 572 poena
739 510 910 561 cruciabilius
930 513 1079 563 diceretur?
1093 532 1108 561 ι
1123 513 1179 564 haec

648 577 868 644 Chrysostomus.

679 661 695 713 7
710 649 843 708 Quouono
858 651 993 702 Cumsrus
1006 668 1053 702 asr
1069 668 1096 702 ιιι
1109 669 1180 703 aaa·

648 734 705 771 nats
722 721 919 772 Eccnasrmt-
935 724 968 773 Et
981 739 1181 776 commemora-

649 793 689 842 bit
703 792 788 843 Judex
803 809 884 875 opera
904 794 1097 847 misericordiis
1112 809 1182 863 prat·

648 861 726 922 dicta,
751 863 816 912 ab'
809 864 876 930 ipsis
901 865 1023 930 reprobis
1047 866 1100 916 sibi
1127 883 1182 917 non

648 931 730 998 facta;
748 935 795 985 sed
815 936 922 1002 reprobi
946 937 1023 1003 quasi
1047 953 1076 988 se
1097 953 1181 990 excu-

649 1017 738 1057 santes
761 1010 961 1074 respondebunt
983 1020 1009 1060 et
1031 1009 1182 1078 interroga-

650 1077 726 1137 bunt,
749 1079 858 1144 quando
879 1079 935 1130 haec
956 1079 1009 1130 sibi
1035 1096 1090 1130 non
1111 1081 1182 1132 fece-

648 1158 721 1199 runt.
742 1149 853 1209 Verum,
871 1160 902 1200 ut
914 1150 952 1200 ait
965 1150 1102 1214 Roianus,
1117 1161 1143 1201 et
1159 1151 1183 1201 si

650 1235 679 1270 se
700 1234 827 1270 excusare
842 1230 975 1287 satagunt,
989 1231 1079 1272 tamen
1094 1191 1182 1273 iseum

648 1293 739 1343 fallere
752 1309 808 1342 non
832 1303 954 1358 possunt.
969 1294 1047 1345 Unde
1066 1310 1183 1361 respon·

648 1364 688 1414 dit
709 1363 773 1426 illis,
792 1363 910 1414 dicens:
933 1365 1058 1425 Quandiu
1072 1379 1123 1416 non
1141 1365 1185 1432 st·

649 1435 725 1486 cistis
746 1435 792 1486 uni
804 1450 842 1486 ex
864 1436 981 1486 minimis
994 1437 1045 1500 his,
1061 1452 1106 1488 nec
1121 1437 1186 1490 milti

62 1511 143 1562 nobis
155 1526 219 1561 vero
240 1509 401 1560 maledictio.
426 1509 477 1560 Ubi
502 1510 597 1577 Chry·
643 1507 765 1573 fecistis.
779 1508 858 1559 Unde
871 1510 1063 1574 Augustinus:
1079 1528 1093 1558 ιι
1107 1509 1184 1562 Chri·

63 1588 220 1634 tostomus:
236 1599 249 1627 ιι
263 1581 347 1640 Quasi
360 1581 474 1647 quinon
489 1581 598 1632 sufferat

63 1651 234 1718 praesentiam
245 1651 354 1701 illorum
363 1653 405 1702 vel
418 1653 544 1718 aspicere,
559 1652 598 1702 sic

63 1723 150 1772 dicit:
164 1722 306 1773 Discedite
325 1737 344 1771 a
364 1737 413 1786 me,
436 1739 501 1774 nam
525 1724 598 1773 Deus

63 1793 110 1860 qui
124 1793 157 1843 in
169 1793 311 1843 sanctitate
329 1792 478 1842 delectatur
491 1793 598 1843 anima-

63 1880 135 1926 rum,
156 1865 315 1932 peccatrices
337 1865 443 1915 animas
463 1865 597 1931 aspiciens

63 1935 141 2003 quasi
164 1944 289 2002 gravams
316 1949 371 1984 non
398 1934 499 1986 suffert.
523 1935 598 1988 Tan-

64 2024 147 2076 quam
170 2008 195 2060 si
211 2008 283 2058 dicat
296 2007 336 2058 eis
354 2024 361 2057 ε
385 2007 468 2066 Quasi
485 2008 598 2074 putredo

65 2091 91 2132 et
109 2079 242 2147 spurcitia
259 2079 333 2139 estis,
357 2094 407 2129 nec
431 2080 527 2130 tandiu
551 2096 599 2131 vos

64 2152 196 2211 sustineo,
219 2151 340 2218 quandiu
362 2151 437 2200 statis
457 2151 599 2216 injudicio

65 2241 136 2278 meo.
150 2244 165 2274 ι
181 2225 215 2276 Et
231 2225 329 2284 iterum
343 2240 349 2273 :
365 2243 377 2270 ιι
390 2225 438 2287 lte,
455 2226 598 2290 maledicti,

66 2314 120 2349 non
137 2313 154 2348 a
170 2299 250 2348 Patre
270 2312 340 2357 meo,
363 2312 450 2363 neque
474 2298 532 2364 ipse
554 2314 601 2349 eos

65 2367 216 2428 maledixit,
243 2367 292 2418 sed
319 2368 429 2433 propria
454 2383 544 2432 opera,
573 2369 600 2419 in

65 2440 156 2507 ignem
180 2445 318 2502 ater-nam,
343 2439 389 2504 qai
409 2446 528 2505 perenm
550 2447 599 2504 est,

66 2529 119 2564 ιιοιι
138 2511 227 2572 vobis,
246 2511 303 2575 sed,
323 2512 432 2562 diabolo
448 2517 473 2561 et
494 2512 601 2577 angelis

66 2582 131 2648 ejas,
155 2580 223 2648 quis
239 2596 304 2632 vero
323 2580 447 2646 vosipsos
467 2580 601 2647 inignem

66 2652 192 2717 misistis,
203 2652 284 2705 vobis
297 2652 364 2718 ipsis
379 2663 509 2718 reputate.
522 2672 535 2701 ι
550 2653 602 2703 Sed

67 2740 100 2776 ue
116 2737 243 2790 unquam
265 2722 322 2773 haec
338 2722 479 2788 patiamur,
500 2739 517 2773 o
537 2723 603 2773 uni-

66 2794 155 2860 genite
195 2792 248 2842 Fili
272 2793 339 2855 Dei,
373 2793 476 2843 scilicet
505 2794 602 2845 faciem

66 2866 143 2917 illam
158 2874 330 2916 mansuetam
346 2864 438 2915 ridere
453 2880 573 2915 aversam
588 2880 604 2915 a

65 2939 155 3002 nobis,
170 2948 199 2989 et
211 2938 388 3004 tranquillum
403 2938 481 2988 illum
493 2939 603 2989 oculum

67 3024 123 3061 non
146 3008 279 3059 ferentem
307 3007 398 3058 videre
426 3023 486 3072 nos,
515 3023 604 3075 neque

66 3080 233 3147 accipiamus
262 3079 383 3146 aliquam
409 3080 603 3145 experientiam

66 3151 143 3202 illius
171 3165 257 3218 poetsae
292 3150 466 3212 incurabilis,
501 3151 605 3201 scilicet

66 3223 217 3274 excideres
232 3223 308 3288 regni
325 3223 419 3289 gloria,
436 3234 462 3274 et
479 3223 603 3274 comburi

68 3293 99 3344 in
121 3292 254 3360 &benna
277 3293 317 3342 De
336 3293 386 3343 hac
407 3293 495 3354 etiam¹
513 3294 605 3344 exclu-

68 3367 147 3418 sione
159 3377 187 3418 et
201 3367 369 3432 separatione
387 3366 427 3417 sic
447 3367 513 3418 dicit
533 3367 605 3417 idern

69 3437 286 3505 carymemmu
306 3455 316 3487 :
339 3455 355 3484 ι
380 3437 515 3488 Ponamus
539 3438 606 3488 illud

68 3517 134 3559 ante
150 3507 255 3568 oculos,
269 3507 365 3573 quanti
388 3507 490 3558 doloris
505 3518 545 3558 est
559 3522 607 3558 ex·

69 3579 144 3631 cludi
162 3586 191 3630 et
210 3579 305 3646 projici
328 3595 343 3630 a
363 3594 447 3645 regno
467 3581 607 3644 coelorum,

70 3651 147 3718 quod
157 3660 189 3702 ut
205 3649 276 3700 mihi
291 3649 407 3711 videtur,
428 3650 487 3716 ipsa
500 3651 609 3716 gravius

68 3733 112 3774 est
134 3723 269 3790 gebenna.
291 3722 360 3773 Nam
378 3731 405 3772 et
428 3723 452 3772 si
475 3723 520 3773 ille
539 3723 610 3789 ignis

70 3808 130 3846 non
139 3795 246 3846 arderet
256 3803 284 3846 et
296 3793 460 3845 inmortalis
474 3795 521 3845 illa
532 3811 611 3862 poena

68 3879 127 3917 non
142 3873 215 3917 esset
228 3873 334 3932 param
358 3865 411 3916 hoc
432 3865 522 3917 solum
537 3866 610 3932 quod

650 1589 708 1630 stus
737 1589 816 1645 caput
846 1590 886 1630 est
913 1581 1059 1643 Ecclesiae,
1087 1597 1185 1648 corpus

650 1651 707 1716 ejus
733 1650 862 1700 Ecclesia.
891 1651 921 1701 ln
951 1662 1043 1702 nostro
1075 1668 1185 1719 corpore
1214 1712 1217 1721 Ι

650 1731 728 1788 caput
750 1737 859 1773 sursum
882 1732 932 1783 est,
958 1724 1038 1789 pedes
1055 1723 1084 1773 in
1103 1735 1182 1776 terra.

651 1797 681 1845 ln
702 1793 792 1860 aliqua
808 1793 1003 1859 constipatione
1023 1795 1181 1857 hominum,

651 1866 759 1933 quando
779 1865 878 1930 aliquis
898 1865 948 1914 tibi
972 1865 1067 1931 pedem
1092 1866 1184 1930 calcat,

651 1950 739 1986 nonne
752 1934 817 1985 dicit
829 1944 908 2000 caput
919 1951 926 1984 ι
938 1935 1031 1986 Calcas
1045 1935 1109 1986 me?
1126 1935 1187 1996 Quo

652 2010 732 2060 modo
762 2024 825 2075 ergo
856 2009 965 2075 lingua,
998 2025 1079 2076 quam
1106 2024 1187 2061 nemo

651 2081 746 2147 tangit,
761 2080 827 2132 dicit
843 2098 850 2132 :
868 2082 959 2133 Calcas
978 2097 1036 2147 me;
1054 2082 1092 2134 sic
1107 2082 1187 2134 Chri·

652 2165 710 2205 stus
732 2165 822 2220 caput,
840 2169 922 2220 quem
942 2171 1022 2206 nemo
1036 2156 1128 2216 calcat,
1144 2154 1188 2205 di-

652 2236 691 2277 cet
706 2243 712 2276 :
729 2225 853 2289 Esurivi,
874 2232 899 2277 et
920 2241 970 2278 non
991 2227 1105 2277 dedistis
1124 2226 1188 2278 mihi

652 2297 831 2358 manducare,
857 2306 907 2348 etc.
923 2298 1001 2349 »Ubi
1020 2299 1188 2366 chrysosto-

653 2382 735 2419 mus:
752 2368 815 2418 «Et
833 2367 895 2418 vide
915 2368 1031 2434 qualiter
1055 2368 1124 2418 levia
1146 2368 1189 2418 in·

653 2439 756 2506 iungit3
772 2439 914 2489 nonenim
930 2439 997 2489 dicit
1014 2455 1021 2489 ε
1040 2440 1188 2490 incarcere

653 2525 736 2570 eram,
758 2518 784 2558 et
806 2524 859 2557 non
881 2507 1018 2573 eripuistis
1041 2523 1094 2569 me,
1115 2506 1189 2558 infir·

654 2597 725 2641 mus,
749 2589 774 2630 et
792 2595 847 2629 non
865 2581 963 2631 curasti
986 2596 1044 2646 me;
1069 2580 1116 2630 scd
1137 2594 1189 2632 nott

654 2654 788 2707 visitastis
811 2668 860 2717 me,
889 2663 914 2704 et
941 2669 993 2704 non
1018 2652 1132 2704 venistis
1156 2653 1190 2703 ad

654 2741 707 2776 me.
727 2725 755 2774 ln
775 2723 917 2774 esuriendo
937 2723 1019 2774 etiam
1042 2739 1097 2774 non
1122 2721 1190 2788 petit

654 2812 777 2849 mensam
804 2797 957 2862 pretiosam,
985 2797 1029 2848 sed
1064 2809 1191 2847 neeessa-

655 2869 728 2918 rium
741 2867 842 2918 cibum.
858 2866 959 2917 Omnia
976 2882 1039 2933 ergo
1058 2864 1192 2916 sufficien-

654 2941 692 2990 tia
715 2937 830 2989 suntad
851 2951 958 3002 poenam
982 2954 988 2986 :
1012 2936 1100 3003 primo
1126 2936 1192 3003 qui-

656 3014 738 3073 dem,
770 3008 883 3059 facilitas
921 3008 1077 3074 petitionis,
1115 3008 1193 3075 panis

655 3083 730 3132 enim
753 3088 826 3143 erat3
855 3079 982 3141 secundo,
1007 3078 1193 3130 misericordia

655 3154 730 3218 ejus,
755 3165 857 3217 pauper
888 3149 962 3200 enim
986 3160 1042 3201 erat
1067 3149 1113 3216 qui
1142 3163 1192 3215 pe·

657 3225 753 3289 tebat;
788 3223 884 3284 tertio,
914 3222 1077 3289 comparatio
1112 3229 1215 3286 natu-k

657 3313 709 3358 rae,
744 3296 828 3346 homo
864 3295 938 3346 enim
969 3304 1040 3358 erat3
1074 3303 1191 3360 quarto,

658 3367 822 3419 desiderium
850 3366 1048 3434 promissionis,
1074 3378 1190 3430 regnunt

658 3439 733 3490 enim
757 3438 901 3504 promisit;
934 3436 1045 3503 quinto,
1075 3433 1194 3500 dignitas

659 3511 779 3578 ejusqui
794 3510 949 3576 accipiebat,
967 3509 1036 3558 Deus
1053 3507 1128 3557 enim
1139 3513 1195 3556 erat

660 3583 708 3648 qui
726 3596 773 3648 per
787 3594 916 3648 pauperes
931 3577 1092 3644 accipiebat;
1108 3583 1194 3636 sexto,

662 3649 914 3718 superabundantia
927 3646 1050 3711 honoris,
1065 3643 1196 3726 quoniam

662 3723 787 3791 dignatus
813 3731 854 3772 est
880 3720 913 3770 ab
941 3717 1101 3769 hominibus
1125 3713 1197 3767 acci-

663 3810 740 3861 pere,
762 3792 888 3858 septimo,
906 3789 1009 3857 justitia
1022 3786 1150 3850 dationis,
1165 3799 1197 3839 cx

664 3866 723 3917 suis
737 3864 809 3915 enim
825 3879 840 3914 a
855 3862 933 3913 nobis
948 3860 1051 3928 accipit,
1067 3859 1113 3912 scd
1129 3873 1198 3911 con·
