2632 4320
120 279 172 347 376

119 394 240 462 cifixum,
258 410 353 460 nempe
367 394 432 461 quia
449 394 500 444 hoc
519 393 596 454 scire,
612 402 653 442 est

119 465 212 515 omnia
228 465 295 516 scire
316 480 377 530 quae
398 465 431 515 ad
452 465 566 514 salutem
592 478 654 529 spe-

122 544 203 584 ctant.
220 535 287 584 Nam
305 535 328 584 si
342 536 374 584 de
388 545 542 600 paupertate
555 536 655 584 volun-

122 607 188 657 taria
211 607 316 673 agitur,
344 607 406 674 quis
436 623 558 674 unquam
586 622 655 672 pau-

123 677 213 742 perior
235 677 344 728 Christo
369 678 442 728 nudo
469 678 602 743 pendente
626 677 655 727 in

124 762 210 812 cruce,
233 748 296 814 quia
317 764 365 800 nec
384 750 499 800 habebat
516 748 560 798 ubi
576 754 656 813 caput

125 832 201 868 suum
218 819 353 870 reclinet?
367 820 394 869 Si
412 815 446 870 de
463 818 615 869 obedientia
631 827 657 867 et

124 888 279 938 humilitate
294 889 441 955 loquimur,
457 888 521 955 quis
535 903 656 953 uuquam

125 960 154 1010 in
175 970 278 1010 tantum
295 977 323 1012 se
343 961 495 1011 humiliavit
514 970 539 1011 et
559 961 657 1011 exina-

124 1032 200 1093 nivit,
217 1033 285 1083 sicut
300 1034 435 1093 Christus,
449 1034 496 1099 qui
506 1033 603 1098 sactus
617 1038 658 1083 est

124 1102 249 1153 obediens
269 1104 409 1169 usquead
431 1110 540 1154 mortem
557 1103 655 1164 crucia,

123 1181 249 1239 tantaque
264 1172 328 1223 vilia
348 1184 374 1224 et
388 1185 494 1239 'magna
514 1172 659 1239 opprobria

124 1243 254 1293 sustinuit
268 1259 317 1309 pro
332 1243 428 1293 nobis?
442 1243 469 1293 si
490 1245 523 1294 de
540 1243 659 1293 castitate

124 1316 251 1382 virginali
273 1317 376 1366 mentio
399 1316 453 1376 fiat,
477 1316 539 1383 quis
563 1317 659 1366 castior

59 1410 61 1416 ·
124 1401 170 1446 eo,
195 1387 270 1450 cujus
291 1396 374 1436 mater
397 1386 480 1452 Virgo
503 1398 556 1447 est,
582 1387 659 1450 cujus

126 1458 202 1506 Pater
224 1456 353 1506 feminam
368 1457 472 1507 nescit?
491 1457 518 1507 Si
539 1459 573 1507 de
592 1458 659 1507 cari-

126 1536 179 1577 tate
207 1541 295 1576 sermo
320 1527 419 1588 fuerit,
448 1528 511 1594 quis
538 1544 659 1594 unquam

127 1599 256 1663 majorem
278 1601 319 1650 vel
341 1609 442 1650 tantam
461 1600 595 1664 caritatem
611 1601 659 1650 ha-

127 1671 195 1731 buit,
218 1687 300 1738 quam
319 1672 454 1733 Christus,
474 1673 522 1740 qui
544 1673 572 1723 in
595 1674 660 1723 Pas-

127 1741 205 1793 sione
217 1757 265 1792 sua
280 1743 371 1806 posuit
384 1743 502 1797 animam
518 1759 595 1793 suam
613 1758 670 1814 pro·

128 1813 224 1864 ovibus
241 1815 308 1874 suis,
326 1825 352 1865 et
369 1824 423 1864 tam
442 1814 576 1865 horrenda
593 1829 661 1879 sup-

127 1883 208 1949 plicia
231 1885 284 1950 pati
311 1885 397 1935 voluit
418 1900 466 1950 pro
487 1885 574 1945 nobis,
599 1901 661 1935 curn

128 1963 218 2004 tamen
237 1955 349 2005 liberare
369 1954 499 2020 potuisset
516 1955 574 2004 solo
594 1965 661 2004 nutu

128 2026 291 2077 voluntatis?
313 2029 343 2077 ln
369 2027 496 2077 Passione
517 2043 581 2092 ergo
604 2029 661 2077 Do-

128 2095 194 2144 mini
216 2097 316 2147 relucet
335 2098 470 2162 exemplar
489 2096 661 2162 perfectionis

127 2169 250 2220 omnium
265 2170 406 2231 virtutum,
419 2180 499 2235 prout
513 2167 566 2233 jam
581 2185 661 2234 supra

128 2250 168 2289 est
182 2250 291 2290 tactum.
305 2242 380 2299 Item,
395 2241 424 2290 in
439 2255 470 2290 ea
484 2241 584 2291 relucet
598 2255 661 2304 per-

127 2311 226 2361 fectum
241 2312 391 2361 remedium
401 2323 426 2362 et
436 2312 587 2362 antidotum
601 2328 662 2362 con-

128 2391 169 2432 tra
188 2398 298 2432 omnem
320 2383 486 2448 spiritualem
506 2383 632 2432 morbum
652 2401 658 2433 z

129 2469 191 2503 nam
207 2469 254 2519 per
265 2454 317 2503 hoc
331 2455 403 2520 quod
419 2454 473 2520 pati
488 2454 573 2506 voluit
585 2469 660 2504 mor-

128 2532 182 2575 tem
215 2525 498 2591 exprobratissimam,
530 2525 661 2576 habemus

129 2596 278 2646 remedium
294 2607 388 2647 contra
403 2596 573 2662 superbiam3
588 2597 661 2662 'quod

129 2670 280 2720 latronibus
301 2685 329 2720 se
349 2671 482 2721 associare
501 2670 595 2729 voluit,
617 2686 661 2720 re·

129 2741 249 2795 medium
272 2740 372 2805 praebet
395 2749 487 2790 contra
514 2739 659 2805 invidiam;

130 2814 204 2878 quod
224 2822 315 2863 contra
335 2813 425 2878 ipsum
446 2812 661 2878 blasphemantes

56 2897 59 2902 ·
130 2882 252 2944 obticuit,
275 2881 425 2932 remedium
449 2883 548 2948 praebet
570 2893 662 2935 contra

131 2953 197 3002 iram
205 2968 212 3013 ;
237 2952 309 3017 quod
332 2951 361 3002 in
389 2969 466 3003 cruce
488 2952 614 3015 distendi,
637 2964 663 3005 et

130 3024 210 3074 clavis
226 3023 297 3072 cruci
316 3023 388 3090 affigi
405 3025 497 3086 voluit,
513 3026 611 3090 praebet
625 3042 663 3076 re-

130 3096 251 3146 medium
264 3105 355 3145 contra
374 3097 511 3157 accidiam,
524 3113 585 3164 quae
605 3115 661 3148 non

129 3166 193 3216 sinit
210 3165 333 3232 amplecti
358 3167 518 3231 poenitentiae
540 3183 660 3232 crucem3

129 3251 178 3302 per
192 3236 249 3300 ejus
264 3251 326 3286 vero
344 3235 491 3286 nuditatem
507 3246 533 3287 et
553 3253 663 3303 pauper·

128 3317 218 3367 tatem,
244 3307 376 3357 habemus
400 3305 550 3355 remedium
568 3317 661 3358 contra

127 3380 279 3442 avaritiam3
299 3395 345 3444 per
359 3378 428 3429 fellis
446 3388 471 3428 et
492 3379 558 3429 aceti
573 3380 660 3445 degu-

128 3451 281 3511 stationem,
296 3452 426 3502 habemus
439 3450 587 3500 remedium
598 3467 662 3500 con-

129 3532 168 3571 tra
184 3523 288 3587 gulam;
308 3537 354 3587 per
368 3524 510 3572 vulnerum
532 3519 662 3570 inflictio-

129 3607 200 3653 nem,
212 3604 237 3643 et
252 3593 352 3643 summi
366 3592 467 3642 doloris
479 3590 660 3653 afflictionem,

129 3664 261 3715 habemus
289 3665 439 3715 remedium
465 3673 557 3715 contra
579 3664 661 3714 luxu-

130 3735 207 3797 riam,
220 3748 247 3787 et
260 3738 317 3787 haec
333 3748 397 3789 sunt
410 3747 514 3803 septem
528 3735 617 3801 sigilla
632 3736 662 3786 li-

130 3806 208 3856 brum
223 3807 283 3858 vitae
297 3808 491 3872 consignantia,
507 3821 568 3872 quae
583 3806 661 3856 Chri·

130 3884 186 3926 stus
208 3877 287 3927 nobis
304 3878 332 3926 in
355 3878 483 3928 Passione
500 3876 614 3942 aperuit,
634 3888 659 3928 et

415 277 589 330 SECUNDAE
607 275 730 326 PARTlS
747 276 863 327 CAPUT
881 277 924 327 Ll.

708 401 800 456 postea
823 389 902 440 nobis
927 389 988 439 vitae
1012 389 1116 439 aditum
1137 404 1243 451 resera·

707 461 763 512 vit:
774 461 899 526 praedicta
909 476 972 526 ergo
985 460 1013 509 in
1024 460 1156 510 Passione
1167 460 1244 510 Chri-

708 533 741 583 sti
762 533 909 598 adimpleta
929 533 1061 583 videmus.
1077 532 1201 598 Denique
1221 533 1243 582 si

708 604 741 654 de
756 603 883 669 patientia
896 603 994 669 agitur,
1011 612 1066 655 tota
1088 604 1182 653 Passio
1197 619 1244 653 ex·

708 674 925 726 cellentissimam
953 675 1055 725 Christi
1088 675 1243 739 patientiam

709 747 884 797 demonstrat.
898 747 926 797 Si
941 746 975 797 de
988 755 1146 812 contemptu
1161 762 1245 796 mun·

708 819 746 878 di,
771 828 797 869 et
818 819 995 869 abstractione
1018 834 1033 868 a
1058 818 1141 868 rebus
1163 834 1244 868 mun-

708 890 824 941 dialibus
846 891 999 957 loquimur,
1028 891 1093 957 quis
1121 905 1242 956 unquam

709 962 857 1027 elongatior
876 973 902 1012 et
924 961 1081 1012 abstractior
1101 961 1136 1010 ab
1152 961 1245 1010 omni·

709 1034 760 1084 bus
771 1035 892 1093 terrenis,
906 1050 988 1101 quarn
1003 1034 1131 1084 Christus
1146 1033 1175 1082 in
1189 1049 1245 1083 cru-

709 1103 744 1156 ce'
764 1121 844 1171 supra
865 1116 972 1167 terram,
998 1116 1024 1156 et
1049 1121 1132 1171 super
1156 1105 1246 1155 omnia

710 1187 813 1227 terrena
836 1178 954 1227 elevatus
980 1187 1005 1226 et
1025 1175 1191 1227 abstractus?
1218 1175 1244 1225 Si

710 1249 743 1298 de
755 1248 917 1298 abstinentia
932 1256 958 1298 et
972 1247 1082 1312 jejunio,
1098 1262 1146 1298 seu
1160 1247 1246 1298 victus

712 1320 801 1371 inedia
822 1321 922 1372 mentio
946 1320 1002 1380 fiat,
1028 1319 1157 1370 Christus
1179 1318 1246 1369 nihil

712 1390 740 1440 in
760 1392 887 1441 Passione
901 1405 949 1440 sua
965 1389 1075 1449 nistret,
1088 1400 1115 1438 et
1132 1399 1246 1451 acetum,

711 1463 752 1512 vel
776 1462 871 1512 vinum
886 1461 1049 1511 mirrhatum
1073 1459 1200 1526 gustavit.
1218 1460 1246 1509 Si

712 1533 745 1583 de
762 1532 883 1597 corporis
897 1529 1071 1596 castigatione
1083 1528 1183 1595 agitur,
1198 1544 1246 1579 cu·

712 1604 754 1668 jus
770 1619 891 1670 unquam
912 1616 1009 1666 corpus
1031 1601 1060 1651 in
1082 1610 1189 1651 tanturn
1203 1615 1245 1650 ca-

712 1674 840 1740 stigatum
854 1673 915 1733 fuit,
931 1682 1064 1739 quantum
1079 1687 1178 1737 corpus
1192 1671 1246 1721 Do-

714 1747 780 1798 mini
814 1745 842 1796 in
875 1745 972 1796 cruce?
1004 1745 1032 1794 Si
1067 1744 1101 1794 de
1132 1743 1246 1795 efficacia

713 1817 843 1868 orationis
864 1831 953 1866 sermo
974 1813 1029 1871 fiat,
1044 1813 1107 1880 quis
1124 1829 1244 1880 unquam

713 1886 846 1937 efficacius
872 1885 980 1935 Christo
1008 1884 1112 1943 oravit,
1141 1885 1190 1949 qui
1215 1899 1245 1933 ex

712 1956 863 2007 vehementi
882 1954 1029 2005 attentione
1041 1954 1175 2004 orationis
1189 1964 1245 2019 gut-

714 2039 753 2080 tas
776 2027 936 2094 sanguineas
951 2025 1073 2077 sudavit?
1091 2025 1120 2074 Si
1136 2025 1171 2074 de
1185 2027 1247 2075 elec·

714 2115 889 2167 mosynarum
906 2098 1056 2164 largitione,
1074 2107 1102 2146 et
1116 2096 1179 2146 aliis
1193 2096 1244 2144 mi-

713 2171 864 2222 sericordiae
878 2170 1005 2236 operibus
1020 2168 1171 2234 loquimur,
1187 2167 1244 2233 quis
1301 2207 1303 2211 Α

713 2258 832 2309 unquam
845 2243 974 2308 majorem
989 2241 1193 2305 eleemosynam
1206 2240 1244 2288 de·

713 2314 761 2374 dit,
780 2328 861 2380 quam
880 2313 937 2378 ipse
952 2311 1088 2374 Christus,
1110 2309 1158 2374 qui
1183 2325 1244 2375 pro-

713 2384 804 2449 prium
821 2383 926 2447 Corpus
945 2397 1025 2432 suum
1048 2381 1078 2430 in
1098 2380 1206 2438 cibum,
1222 2388 1245 2429 et

712 2452 878 2519 Sanguinem
896 2467 976 2502 suum
995 2451 1024 2500 in
1046 2460 1154 2515 potum,
1170 2449 1245 2500 nobis

712 2524 875 2593 pauperibus
891 2523 918 2574 in
935 2523 1136 2588 eleemosynam
1150 2535 1244 2586 perpe-

713 2607 787 2646 tuam
801 2595 888 2657 dedit3
911 2592 1034 2644 infirmos
1051 2592 1135 2642 etiam
1154 2591 1245 2641 visita-

712 2667 759 2727 vit,
774 2666 840 2715 dum
852 2663 960 2715 infirma
974 2663 1174 2729 discipulorum
1188 2676 1246 2712 cor-

713 2736 747 2786 da
773 2735 948 2796 confortavit,
978 2743 1003 2785 et
1030 2749 1118 2800 aegros
1149 2734 1246 2783 multos

714 2807 825 2867 curavit,
848 2806 967 2871 captivos
988 2806 1091 2855 multos
1111 2804 1141 2854 in
1164 2803 1245 2854 limbo

714 2877 837 2937 redemit,
848 2885 970 2926 mortuos
980 2876 1013 2926 de
1023 2875 1179 2940 sepulchris
1195 2888 1247 2924 sus·

714 2947 811 2998 citavit,
832 2946 862 2996 Si
887 2947 919 2995 de
946 2947 1092 2996 dilectione
1113 2945 1246 2995 inimico—

714 3033 775 3068 rum
792 3017 889 3083 agitur,
911 3017 939 3067 in
961 3032 1039 3066 cruce
1061 3015 1183 3081 pendens
1200 3029 1247 3080 pro

714 3090 771 3142 suis
786 3088 989 3140 crucifixoribus
1006 3088 1101 3138 oravit.
1118 3087 1147 3138 Si
1161 3088 1194 3137 de
1205 3085 1248 3135 di·

714 3162 844 3215 missione
854 3161 1017 3212 offensarum
1028 3159 1179 3227 loquimur,
1187 3159 1247 3226 quis

713 3251 834 3302 unquam
862 3233 1000 3283 liberalius
1022 3232 1130 3282 dimisit
1159 3231 1246 3282 debita

713 3305 881 3358 debitoribus
891 3303 947 3354 suis
960 3318 1042 3369 quam
1052 3302 1191 3362 Christus,
1202 3299 1246 3366 qui

714 3375 809 3427 latroni
832 3391 887 3425 non
907 3374 996 3423 solum
1022 3371 1112 3422 debita
1135 3371 1247 3428 dimisit,

714 3449 760 3499 sed
773 3457 798 3498 et
812 3446 967 3513 paradisum
980 3444 1032 3495 sibi
1052 3443 1197 3510 promisit?
1212 3442 1247 3492 Et

714 3520 753 3570 sic
767 3520 799 3569 de
810 3518 947 3568 similibus
961 3517 1122 3579 inducendo,
1134 3531 1182 3582 per
1197 3515 1249 3567 sin-

713 3591 775 3656 gula
795 3604 876 3654 opera
902 3586 1164 3653 supererogationis,
1190 3600 1249 3653 quae

713 3658 805 3710 omnia
823 3658 851 3707 in
871 3658 997 3708 Passione
1012 3656 1127 3716 Christi,
1142 3657 1165 3706 si
1181 3656 1248 3707 bene

713 3728 886 3788 advertimus,
910 3737 1135 3793 supereroganter
1157 3726 1249 3778 adim·

713 3801 783 3866 pleta
800 3798 967 3862 invenimus;
990 3797 1118 3848 similiter
1141 3806 1168 3848 et
1190 3811 1249 3854 nos,

715 3874 738 3925 si
761 3872 870 3939 perfecti
894 3872 1042 3923 imitatores
1066 3870 1173 3922 Christi·
1193 3885 1250 3922 esse
